2964 5174
507 388 546 404 a..
568 368 605 420 95
628 393 669 404 ...

76 475 273 536 molimenlcls
298 474 367 536 alihl
384 475 530 536 disseruit.
553 478 588 536 ln
608 475 751 540 Numeros
768 476 897 538 llomilia
914 495 1016 539 xxvrr.
1037 488 1134 540 osten

19 569 21 640 l
74 577 130 636 dens
147 575 286 652 memorio
303 575 469 652 scripturae
485 576 553 636 libri
570 578 705 636 nonnulli
722 577 838 654 faciles,
858 578 1032 654 obscurique
1051 580 1135 639 alteri

19 659 20 682 ¹
73 674 241 750 etquomodo
262 676 363 751 primis
390 681 559 734 assuescant
579 674 642 751 illi,
664 677 716 751 qui
739 677 824 734 initia
846 675 955 735 habent
974 679 1006 734 in
1024 677 1133 736 divinis

74 771 169 847 endiis,
183 777 297 848 sumpta
310 775 526 849 comparatione
543 789 560 831 e
576 773 653 850 oibo,
668 775 754 848 quasi
767 789 862 832 sermo
877 772 931 831 Dei
948 780 1070 834 naturae
1089 792 1136 834 ra·

73 868 197 930 tionabilis
215 869 296 930 cibus
317 872 371 946 sit,
394 873 450 930 ait:
471 871 549 930 «His
563 887 632 947 ergo
652 887 719 930 cum
733 872 870 930 recitetur
883 871 951 930 talis
971 873 1069 948 aliqua
1088 872 1134 930 di·

71 970 186 1026 rinomm
201 967 384 1028 voluminum
396 951 493 1046 lectio,
501 973 533 1029 in
544 986 603 1047 qua
613 986 674 1029 non
687 970 822 1030 videatur
836 970 946 1047 aliquid
964 971 1134 1047 obscurum,

43 1131 48 1151 ι
72 1064 174 1124 libenter
193 1069 359 1143 accipiunt,
382 1068 465 1128 verbi
490 1085 606 1145 causa,
630 1075 664 1128 ut
691 1075 736 1128 est
752 1068 867 1129 libellus
893 1069 997 1128 Esther
1015 1077 1066 1128 aut
1082 1070 1159 1129 iun

72 1162 120 1239 dli,
139 1170 186 1223 aut
201 1165 326 1240 Tobiae,
349 1171 400 1226 aut
415 1166 555 1225 mandata
570 1165 752 1243 Sapientiae,
771 1172 827 1225 etc.

19 1331 20 1340 ἵ
102 1259 150 1320 Sed
159 1278 227 1338 prae
240 1263 377 1322 omnihus
390 1267 521 1322 maximo
532 1269 649 1324 nostrae
657 1266 821 1340 quaestioni
832 1270 876 1324 cst
885 1264 1052 1342 adjumento
1063 1268 1137 1342 ejus·

19 1417 20 1438 ,
71 1357 124 1416 dem
139 1357 268 1436 Origeuis
285 1361 324 1421 ad
343 1360 516 1421 Africanum
531 1362 670 1440 epistola,
692 1361 743 1422 ubi
759 1365 820 1439 ipse
835 1362 990 1439 Origeucm
1011 1364 1137 1424 consulit

19 1445 21 1528 ξ
71 1453 98 1512 de
110 1455 251 1518 Susannae
264 1458 404 1536 historia,
421 1477 497 1536 quae
514 1461 599 1536 quasi
613 1461 713 1536 spuria
733 1460 770 1518 ab
788 1477 822 1519 eo
840 1459 948 1536 fiebat,
970 1461 1056 1519 rebus
1069 1477 1136 1537 pro-

71 1557 168 1632 positis,
188 1574 264 1634 quae
284 1558 323 1616 ad
343 1557 422 1618 huno
441 1557 560 1618 titulum
579 1559 776 1618 conferebant.
794 1559 830 1616 ln
847 1559 977 1635 ejusdem
1004 1559 1062 1620 line
1077 1561 1137 1634 epl-

71 1654 144 1713 stolae
156 1657 207 1714 ait:
227 1655 376 1731 «Pulsavi;
394 1662 428 1716 tu
442 1673 547 1716 resona
559 1663 589 1716 et
600 1657 784 1716 rescribendo
796 1656 912 1716 crudi.»
930 1659 1006 1716 Huic
1019 1673 1137 1734 respon·

70 1749 127 1810 dens
143 1750 278 1830 Origenes
298 1756 357 1813 ait:
376 1749 542 1815 «Africano
562 1755 667 1814 dilecto
688 1755 773 1814 fratri
789 1758 821 1814 in
838 1754 900 1814 Deo
919 1756 1005 1815 Patre
1025 1772 1077 1831 per
1089 1756 1137 1815 Je-

70 1864 121 1908 sum
138 1849 283 1912 Christum
303 1860 438 1913 sanctum
453 1853 549 1914 filium
565 1858 640 1931 ejus,
660 1853 794 1913 salutem.
813 1853 943 1929 Epistola
961 1839 1033 1930 tua',
1055 1870 1136 1930 qua,

70 1953 136 2006 ham
152 1949 224 2008 mihi
239 1953 415 2011 senteutiam
428 1954 566 2028 aperuisti
585 1951 621 2011 de
637 1951 788 2010 Susannae
805 1950 946 2027 historia,
969 1967 1059 2028 quam
1077 1953 1141 2012 suis

70 2041 179 2106 Danielis
193 2049 409 2126 exemplaribus
423 2051 561 2110 ecclesiae
580 2048 807 2124 circumierunt,
827 2047 924 2108 brevis
944 2048 1063 2125 quidem
1077 2066 1140 2110 esse

71 2144 182 2222 videtur,
201 2153 230 2206 et
248 2149 351 2223 paucis
373 2148 472 2208 verbis
497 2148 605 2206 multas
624 2146 713 2206 hahet
736 2149 995 2222 quaestiones...
1011 2145 1139 2206 Dicebas

72 2244 179 2315 prinum
192 2261 238 2306 me
254 2249 287 2304 in
302 2263 355 2322 ao,
370 2247 450 2323 quod
463 2263 532 2306 eum
545 2247 639 2306 amieo
652 2251 752 2305 nostro
766 2246 856 2304 Basso
870 2244 978 2321 habui,
995 2245 1141 2320 colloquio

71 2354 141 2400 usum
153 2359 213 2402 asse
226 2345 358 2405 Danielis
371 2346 468 2405 adhuc
477 2347 595 2422 juvenis
608 2345 776 2421 prophetia,
803 2361 838 2404 ao
852 2345 877 2402 si
890 2361 937 2402 me
950 2343 1052 2403 lateret
1062 2343 1140 2404 hanc

71 2437 124 2500 libri
138 2452 247 2518 partem
262 2461 326 2504 esse
346 2447 494 2520 spuriam,
511 2444 609 2521 ajebas
623 2445 741 2519 insuper
754 2459 820 2502 eam
839 2442 958 2517 quidem
976 2441 1097 2500 laudare
1111 2449 1141 2502 te

73 2543 97 2594 ut
110 2539 248 2618 lepidam,
270 2543 322 2602 sed
343 2541 508 2618 improbare
532 2548 566 2602 ut
585 2557 685 2600 reeens
708 2540 874 2600 confictam.
897 2539 978 2599 Scias
996 2542 1086 2616 igitur
1104 2539 1142 2598 ad

73 2634 144 2715 hacc,
162 2641 232 2718 quid
246 2641 334 2700 nobis
351 2641 498 2718 agendum
517 2643 572 2717 sit,
595 2657 655 2698 non
673 2641 769 2700 solum
786 2639 822 2698 de
838 2639 988 2698 susannae
1005 2639 1141 2716 historia,

72 2751 131 2809 quac
146 2740 176 2796 in
197 2755 305 2816 graeco
321 2755 493 2816 graecorum
506 2738 666 2814 exemplari
680 2755 731 2812 per
742 2743 835 2796 totam
855 2737 963 2796 Christi
982 2736 1142 2796 Ecclesiam

72 2834 276 2914 circumfertur,
295 2839 363 2898 licet
380 2838 458 2916 apud
471 2838 611 2898 hebraeos
628 2853 688 2896 non
708 2843 807 2911 extet3
827 2851 882 2894 nee
900 2837 995 2894 solum
1009 2840 1038 2893 te
1058 2834 1142 2911 aliis,

73 2938 98 2988 ut
110 2934 215 3013 ajehas‚
228 2938 380 3014 partibus,
401 2939 517 3013 quaein
529 2937 588 2994 fine
605 2936 672 2994 libri
695 2935 854 3011 descriptae
878 2939 962 3008 sunt,
984 2949 1087 3008 nempe
1108 2932 1144 2992 de

75 3025 130 3090 Belo
145 3041 173 3093 et
191 3034 337 3111 macone,
356 3051 432 3111 quae
450 3037 558 3111 pariter
575 3036 606 3092 in
624 3033 760 3092 hebraico
780 3031 909 3092 Danielis
926 3036 1010 3090 textu
1032 3030 1144 3090 deside·

74 3135 176 3208 rmtur,
196 3133 250 3192 sed
270 3131 349 3191 etde
366 3133 526 3192 innumeris
540 3132 624 3207 aliis,
639 3147 713 3207 quae
726 3145 779 3206 pro
801 3127 920 3188 modulo
933 3133 1050 3202 nostro,
1071 3127 1144 3186 dum

73 3231 274 3306 exemplaribus
291 3231 424 3290 hebraeis
444 3245 645 3307 comparemus
666 3234 782 3303 nostra,
804 3227 938 3303 plurimis
962 3227 993 3282 in
1013 3226 1085 3284 locis
1104 3228 1147 3282 iu-

73 3329 202 3388 venimus.
218 3330 348 3408 Tempus
367 3335 412 3388 est
431 3332 520 3406 igitur
536 3327 752 3404 (animaduerto
769 3324 877 3398 lector)
893 3326 919 3382 si
932 3323 1005 3382 haec
1019 3340 1073 3382 nos
1086 3339 1147 3383 nou

75 3417 166 3503 intent,
189 3427 332 3506 obrogare
348 3442 423 3504 quae
440 3429 472 3486 in
489 3427 617 3486 ecelesiis
641 3424 774 3484 feruntur
788 3423 981 3498 exemplaria,
1003 3426 1032 3478 at
1046 3419 1144 3479 iratri-

74 3517 120 3580 bus
139 3525 200 3604 lege
216 3529 398 3604 praecipere,
418 3532 451 3586 ut
469 3526 600 3603 abjectis,
619 3539 693 3602 quos
710 3538 797 3598 penes
809 3537 840 3579 se
857 3519 978 3596 hahent,
997 3521 1089 3578 saeris
1112 3518 1147 3577 li·

67 3615 141 3698 bris,
165 3623 314 3684 adulando
339 3625 455 3702 judaeis
480 3622 693 3702 persuadeant,
714 3627 748 3682 ut
767 3637 821 3680 nos
838 3621 936 3696 puris,
956 3619 1054 3693 etqui
1073 3615 1147 3674 nihil

77 3714 173 3779 hubent
190 3721 339 3800 figmenti,
358 3724 547 3800 impertiant?
560 3722 608 3781 An
624 3723 713 3781 etiam
730 3718 949 3795 providentiae,
968 3717 1089 3792 quaein
1101 3731 1148 3774 sa·

76 3815 124 3872 cris
138 3817 293 3895 Scripturis
313 3822 394 3880 dedit
411 3822 547 3882 omnibus
563 3820 671 3880 Christi
683 3819 820 3878 Ecclesiis
840 3816 1083 3889 aedificationem,
1099 3830 1148 3872 ou-

78 3927 119 3973 rae
134 3935 192 3977 uon
209 3920 328 3982 iurarunt
343 3920 448 3998 (empti
463 3922 572 3997 pretio,
590 3937 643 3997 pro
661 3917 767 3994 quibus
780 3921 913 3974 mortuus
931 3920 994 3989 est,
1015 3915 1064 3972 cui
1083 3912 1151 3970 licet

77 4011 129 4072 lilio
144 4033 204 4076 non
222 4021 351 4096 pepercit
366 4019 460 4094 Deus,
475 4021 539 4096 ipsa
554 4016 748 4092 caritas...)
766 4016 929 4087 litteratim
952 4013 979 4066 δὲ
1001 4009 1104 4072 σκόπει,
1126 4008 1150 4062 εἰ

77 4113 107 4180 μή
124 4119 200 4170 καλὸν
223 4117 375 4190 μεμνῆσθαι
395 4122 440 4172 rod
461 4118 489 4174 οὐ
508 4115 656 4190 parasino<
674 4115 732 4190 ὅρια
743 4116 849 4182 αἰώνια,
862 4111 881 4168 οἳ
895 4113 1069 4184 ἐστησάμενοι
1090 4106 1151 4179 πρό-

80 4204 139 4276 τεροί
156 4229 221 4272 σου,
250 4213 294 4266 καὶ
319 4212 402 4268 ταῦτα
430 4215 456 4267 δὲ
482 4211 570 4286 drmit
589 4211 651 4284 ον’χῖ
671 4211 738 4284 ὅχνῳ
761 4210 806 4264 τοῦ
822 4209 923 4283 ἑρευνᾷν
945 4207 989 4260 καῖ
1009 4204 1055 4264 τᾶς
1082 4202 1151 4256 κατά

78 4296 206 4370 Ἰουδαίους
222 4312 323 4382 γραφάς
342 4347 349 4372 ,
369 4309 413 4362 καὶ
431 4307 519 4368 πάσας
539 4309 585 4366 τὰς
605 4305 730 4379 ἡμετέρας
746 4304 790 4354 τῶν
811 4299 907 4356 ἐκείνων
922 4294 1086 4368 συγκρίνειν,
1106 4293 1151 4346 καὶ
