2964 5174
494 363 674 414 -tuu-

78 474 108 532 lie
121 470 192 532 lihris
207 472 510 546 veteristestumenti,
528 469 636 547 qulbus
651 470 879 546 contradicitur,
895 475 959 548 jam
984 479 1070 532 antea
1087 472 1129 532 di·

75 575 167 647 unu,
187 575 219 630 ut
233 577 301 630 sunt
320 568 468 645 Sapientia
484 575 540 630 etc.
560 576 590 628 et
609 569 676 628 lihri
695 563 959 647 Machahaeurum,
981 571 1131 632 susannae

76 670 177 728 hanla
191 674 244 728 etc.
266 666 435 745 Apucryphi
451 673 548 727 autmn
566 674 635 726 sunt
653 668 733 726 Enoc
750 669 932 743 patriarchae
956 669 1045 746 liber,
1066 687 1131 730 ura·

75 769 105 826 tiu
122 766 231 842 loseph,
247 772 451 826 testamentum
466 766 589 842 Moysis.
609 791 622 816 o
646 766 676 825 Si
694 765 845 843 hucusque
862 768 941 826 dicta
958 769 1133 830 conferenda

73 871 150 924 eunt
168 865 240 940 illis,
259 881 333 941 quae
348 881 440 942 nuper
457 881 494 924 ex
513 863 667 924 Athanasii
680 868 795 940 scriptis
806 869 940 943 genuinis
954 868 1131 945 extulimus,

72 961 177 1038 proiectu
191 963 289 1022 ductor
306 966 338 1022 in
356 963 525 1022 antithesim
542 963 692 1022 inuideret.
713 965 778 1040 lpse
791 967 870 1024 enim
883 971 990 1041 antea,
1006 972 1040 1025 ut
1057 965 1132 1026 uldi-

72 1076 131 1134 uus,
137 1059 292 1136 Scripturas
304 1061 614 1137 uenterouancnross,
625 1067 725 1137 utpute
736 1061 877 1122 divinitus
889 1063 1056 1139 inspiratas,
1066 1080 1134 1123 cun-

73 1165 108 1216 tra
122 1162 229 1219 arianus
248 1162 422 1236 pronunciat
447 1159 485 1218 ud
505 1176 605 1219 eurum
633 1175 745 1219 errores
770 1160 985 1238 profligandos,
1008 1177 1042 1221 ac
1063 1161 1132 1222 fidei

71 1255 186 1332 dogmata
201 1257 383 1333 extollenda,
398 1257 447 1316 hic
464 1273 534 1316 veru
552 1257 689 1316 dicuutur
704 1256 869 1334 Scripturae
880 1257 1022 1318 Deutcrue
1038 1259 1133 1336 legen·

70 1353 111 1412 dua
121 1353 154 1412 ah
167 1357 201 1412 iis
218 1371 286 1414 csse
299 1355 413 1431 sulum,
429 1357 480 1430 qui
494 1353 695 1414 cathecumeni
712 1353 911 1430 vocabantur,
927 1359 956 1414 et
969 1371 1058 1414 causa
1072 1356 1131 1414 edl-

70 1451 148 1508 ucendi
161 1451 240 1511 verbi
256 1455 372 1530 pietatis
392 1454 575 1512 accesserint.
592 1451 714 1528 Insuper
737 1455 768 1510 in
785 1452 914 1527 Epistula
934 1452 1044 1512 Festoli
1057 1453 1129 1512 haec

70 1565 162 1626 posue
177 1550 331 1628 leguntur:
350 1576 362 1602 a
374 1550 467 1609 Nemo
481 1549 528 1608 his
541 1549 624 1608 libris
638 1549 744 1626 addat,
760 1556 811 1608 aut
825 1550 937 1627 aliquid
951 1550 989 1609 ah
1009 1551 1067 1610 illis
1080 1552 1130 1610 de·

71 1647 175 1705 trahat.»
192 1647 215 1706 Ε
228 1649 336 1724 quibam
349 1648 485 1708 omnihus
498 1647 584 1708 facile
592 1654 670 1724 patet
683 1647 806 1708 Festulis
815 1649 961 1723 Epistulae
970 1655 1130 1726 auctorem,

72 1745 169 1806 alanus
185 1763 272 1824 quam
288 1746 443 1806 Athanasii
456 1762 564 1806 nomen
580 1747 739 1822 postulare,
753 1750 838 1806 sicuti
851 1749 939 1806 etiam
955 1745 1132 1824 synopseos,

71 1844 131 1919 quod
148 1845 270 1905 editores
289 1847 415 1905 maurini
432 1861 573 1904 unacum
593 1846 659 1905 aliis
678 1848 787 1904 criticis
801 1845 961 1905 affirmant.
975 1846 1134 1922 Praecipue

73 1948 153 2000 uuum
169 1945 296 2002 maurini
316 1959 384 2002 cum
396 1959 489 2001 unum
502 1949 532 2002 et
546 1942 680 2002 eumdem
694 1949 840 2002 auctorem
855 1960 917 2002 esse
930 1944 1030 2003 dicant
1042 1943 1130 2020 hujus

71 2036 233 2116 synopseos,
256 2057 333 2117 quae
351 2040 406 2100 suh
427 2043 545 2100 nomine
562 2041 652 2118 vulgo
663 2039 816 2100 Athanasii
839 2040 1012 2118 confertur,
1033 2047 1064 2100 at
1084 2057 1132 2117 ge·

67 2139 168 2198 hunum
186 2138 342 2198 Athanasii
361 2137 473 2198 foetum
490 2144 676 2214 respuentes,
696 2138 818 2197 addunt:
841 2139 950 2211 «Quae
972 2137 1008 2196 de
1034 2141 1125 2197 variis

68 2231 199 2310 Scripturis
219 2236 403 2296 versionibus
416 2241 563 2312 postremo
577 2236 641 2295 lucu
655 2235 820 2313 Synopseus
834 2235 991 2312 dicuntur,
1009 2253 1045 2295 ex
1060 2235 1125 2311 Epi·

68 2331 156 2404 phanio
177 2336 212 2394 de
244 2339 390 2396 mensuris
411 2351 549 2411 expressa
573 2341 658 2412 sunt,
679 2341 712 2394 ut
736 2351 822 2393 nemo
844 2352 904 2394 nun
922 2335 1039 2410 videat,
1059 2337 1134 2396 sicut

68 2435 151 2490 dnus
167 2434 455 2510 animadvertimus,
476 2433 555 2492 iacta
574 2435 650 2492 inter
670 2433 825 2508 Epiphanii
850 2436 978 2510 scripta,
999 2441 1028 2492 ct
1052 2433 1131 2492 hunc

67 2525 152 2588 lihrum
164 2531 335 2608 collatione,
350 2530 423 2590 adeo
440 2536 475 2589 ut
491 2530 549 2590 dici
561 2533 653 2606 possit
665 2529 753 2607 hujus
766 2533 905 2606 epitomes
920 2537 1068 2590 ancmrem
1083 2547 1128 2589 se·

68 2626 114 2685 rius
131 2627 293 2705 Epiphanio
312 2631 431 2688 vixisse.
447 2653 460 2678 »
473 2627 517 2687 De
538 2644 596 2704 quc
616 2628 687 2687 alibi
707 2628 791 2687 nubis
816 2629 961 2705 agendum
982 2631 1047 2688 erit.
1069 2629 1131 2688 lluc

69 2727 162 2784 uotum
184 2725 247 2786 dixi
278 2728 373 2803 gratia
403 2728 532 2784 sincerae
556 2726 693 2784 melesius
715 2728 884 2804 aegyptiae,
905 2727 942 2785 de
970 2725 1130 2786 Bibliorum

67 2815 397 2883 hurino-Canopicumm
411 2825 599 2899 auctoritate,
613 2823 763 2882 ductmnae
776 2824 958 2899 servandae,
973 2841 1062 2900 quam
1072 2815 1133 2884 Clu·

69 2933 149 2999 uuus,
165 2922 327 3001 Origenes,
349 2923 456 2999 aliique
472 2923 558 2982 sumo
575 2930 741 2982 mouerunt.

94 3017 118 3093 5.
138 3021 187 3082 ΧΙ.
209 3022 358 3099 Didymus
378 3021 586 3081 alexandrinus
602 3038 621 3080 a
635 3024 729 3098 prima
743 3029 837 3080 aetate
853 3038 956 3082 coecus
976 3023 1083 3082 multus
1098 3023 1132 3082 ll-

67 3111 120 3176 brua
137 3118 276 3196 dictavit,
294 3125 369 3179 teste
386 3121 455 3179 divo
480 3103 679 3198 iliarunymu,
701 3120 817 3179 sacculo
845 3126 951 3196 quartu
968 3119 1128 3179 desinente.

66 3211 266 3278 Almundrinae
288 3219 427 3278 ecclesiae
451 3219 632 3279 cathechista
655 3219 712 3278 init
732 3217 895 3296 Didymus,
919 3224 950 3276 et
971 3217 1135 3292 praelectus

66 3309 128 3372 illius
139 3317 261 3377 celebris
279 3317 397 3378 scholae
416 3334 435 3376 a
455 3324 557 3378 sanctu
574 3317 675 3376 Marco
697 3315 855 3392 fundatae,
879 3317 965 3374 sicuti
982 3322 1069 3379 antea
1089 3316 1132 3375 di·

65 3415 129 3470 ttum
147 3414 212 3475 luit.
236 3415 284 3474 Ex
300 3416 380 3476 illius
401 3422 518 3492 autem,
543 3432 619 3492 quae
650 3422 822 3491 supersunt,
843 3414 925 3474 libris
951 3414 1036 3472 facile
1056 3413 1134 3475 illius

65 3505 123 3568 fidas
136 3519 164 3571 et
179 3517 348 3590 veneratio,
365 3531 455 3592 quarn
468 3531 538 3592 erga
552 3514 716 3589 Scripturas
735 3498 1037 3576 buntaro-Canonium
1051 3529 1134 3588 prae-

65 3607 134 3684 suut,
147 3613 269 3672 cruitur.
286 3612 376 3672 Lihru
385 3615 481 3687 primo
497 3613 535 3689 (1)
551 3611 588 3672 de
599 3613 742 3671 Trinitatc
755 3629 818 3688 cap.
836 3631 867 3670 x.
885 3613 990 3687 lnquit:
1010 3637 1023 3662 «
1041 3611 1129 3688 Nam,

65 3707 91 3760 ut
106 3711 213 3783 Saepius
233 3709 422 3786 diximus,'fl
439 3711 465 3762 τὲ
480 3709 644 3786 πρεσβυτέρα
665 3709 775 3771 διαθήκη
797 3711 840 3770 τήν
871 3709 1004 3782 ἰσοτιμίαν
1024 3711 1135 3783 paddin-

65 3817 93 3852 σα
105 3806 276 3874 assiduam,
296 3815 316 3870 i.
333 3829 359 3871 e.
377 3812 468 3872 Vetus
487 3818 693 3873 testamentum
716 3813 803 3873 hasce
824 3814 997 3892 hypostases
1017 3811 1132 3887 aequah

66 3898 159 3966 huncre
175 3917 377 3988 prosecutum,
398 3911 491 3971 dixit.
503 3956 510 3970 .
521 3955 545 3971 ..
569 3929 604 3971 ac
620 3912 687 3972 inde
704 3929 805 3972 omnes
819 3913 1034 3990 §sripturarum
1048 3910 1130 3969 Priu-

65 4015 119 4062 tum
138 4012 324 4070 auctoritates
344 4027 397 4085 pru
417 4011 473 4069 huc
491 4010 628 4088 dogmate
646 4011 733 4088 legit,
750 4014 825 4072 inter
843 4028 917 4088 quas
937 4010 1131 4085 asapientiae

65 4098 140 4165 liuto:
157 4095 194 4184 (2)Ι
214 4135 226 4159 u
248 4111 300 4163 Καὶ
326 4109 355 4162 ru'
378 4107 511 4182 ἄφθαρτον
532 4110 559 4164 δέ
580 4130 651 4174 σου,
672 4111 772 4184 φησὶν,
798 4113 898 4184 πνεῦμα
923 4110 995 4165 ἐστὶν
1024 4109 1049 4161 ἕν
1075 4109 1131 4162 πᾶν·

86 4295 116 4356 iu
126 4299 185 4352 adit.
199 4305 329 4358 somnias.
339 4333 369 4346 -
382 4307 481 4371 (tlsap.
491 4321 514 4358 c.
528 4309 582 4359 llll.
595 4317 616 4358 t.
631 4309 687 4360 etc.
697 4311 717 4361 l.
727 4315 750 4360 7.
