3022 5178
833 371 1013 424 -tts-

386 475 512 546 stimos:
532 483 594 542 «nt
610 485 782 558 posuerunt,
802 483 912 558 lnquit,
929 483 1043 542 nicaeni
1067 473 1255 552 Constantino
1269 482 1360 562 fldem,
1373 487 1437 550 item-

386 599 444 659 que
460 567 655 658 quadraginta
676 579 783 656 libros,
802 595 875 655 quos
899 595 1024 639 canones
1043 580 1269 656 appellaverunt.
1287 606 1300 632 u
1319 581 1439 662 Georgius

387 679 552 740 homaidius
563 680 645 754 parte
656 679 752 752 prima
766 679 812 736 sui
824 677 960 736 Chronici
971 677 1007 738 de
1019 675 1208 738 Constantino
1219 677 1335 756 Magno:
1351 681 1440 742 «Tunc

387 777 598 837 benedixerunt
619 777 657 852 ei,
670 775 745 835 idest
764 775 964 836 Constantino.
981 774 1209 854 Composuerunt
1226 775 1269 834 llli
1286 776 1384 838 librum
1404 797 1441 839 ca-

387 891 498 940 nonum
510 873 655 934 Ecclesiae
666 877 861 934 confinentem
874 873 1015 950 quidquid
1030 873 1069 932 ad
1079 873 1190 950 judicia
1200 881 1229 934 ct
1243 875 1307 934 lites
1319 883 1439 950 sumar.»

386 971 509 1032 Photius
526 972 858 1048 constantinopolitanus
877 973 909 1030 ln
923 987 1038 1031 summa
1058 972 1197 1030 librorum
1215 987 1233 1030 a
1250 989 1282 1032 se
1302 973 1457 1050 lectorum,

387 1071 520 1130 meminit
534 1085 566 1128 se
585 1069 689 1148 legisse
707 1069 833 1146 librum,
851 1069 1003 1128 historiam
1020 1069 1260 1146 praeseferentem
1281 1075 1401 1128 actnmm
1419 1073 1442 1130 ln

386 1167 510 1226 concilio
534 1169 676 1242 nicaeno,
691 1168 743 1242 qni
760 1166 872 1228 divisus
893 1170 956 1228 erat
970 1168 1002 1226 in
1016 1173 1075 1226 tres
1090 1173 1198 1242 partes.
1218 1165 1389 1226 Ecchellensi
1408 1165 1440 1226 le-

387 1269 438 1323 vet
452 1264 580 1324 loannes
597 1280 616 1324 e
633 1281 658 1324 s.
678 1264 785 1341 loseph
802 1281 820 1323 e
839 1265 950 1324 clericis
971 1263 1172 1342 regularibus,
1190 1267 1241 1340 qul
1256 1265 1442 1340 epatribuset

388 1363 540 1440 esynodis
559 1365 681 1427 meacno
694 1365 815 1438 posteris
828 1363 954 1422 ostendit
969 1364 1143 1422 mentionem
1160 1369 1256 1422 actam
1273 1379 1335 1422 csse
1346 1365 1379 1422 de
1389 1363 1441 1423 idei

388 1468 419 1522 et
436 1463 610 1539 disciplinae
624 1465 756 1539 statutis,
775 1468 888 1539 praeter
904 1463 1073 1540 vigintl,ub
1088 1462 1190 1522 eodem
1207 1463 1328 1522 coneilio
1345 1464 1442 1522 manda·

391 1563 445 1638 tis,
460 1577 496 1621 ac
508 1568 621 1638 praeter
638 1563 711 1624 elias
725 1565 930 1637 auctoritates,
945 1561 1007 1620 dlvi
1021 1559 1167 1620 Ambrosii
1179 1561 1373 1620 testimonium
1385 1577 1442 1619 com-

391 1659 528 1737 mendat,
548 1661 599 1738 qul
612 1660 741 1721 scribens
762 1661 800 1722 ad
821 1660 1026 1720 vercellensem
1053 1660 1219 1735 ecclesiam,
1240 1658 1388 1718 concilium
1407 1662 1441 1716 ui.

271 1765 275 1770 “
389 1774 513 1818 menum
524 1757 666 1836 appellat:
685 1757 763 1818 «Sed
775 1760 870 1836 prius,
883 1760 936 1834 ait,
950 1771 1142 1835 agnoscamus
1152 1773 1213 1816 non
1223 1755 1443 1830 solumhochpe

390 1857 498 1916 stolum
519 1858 555 1917 de
578 1859 712 1934 episcopo
728 1863 758 1916 et
774 1856 943 1933 presbytero
963 1859 1115 1932 statuisse,
1136 1856 1297 1916 sedetiam
1321 1860 1405 1930 patres
1420 1855 1442 1910 iu

389 1955 512 2012 concilio
525 1956 646 2013 nicaeno
664 1959 804 2014 tractatus
818 1954 979 2014 addidisse:
996 1984 1009 2000 ·
1027 1955 1127 2031 Neque
1140 1954 1279 2013 clericum
1292 1967 1441 2029 quemquam

389 2051 495 2110 debere
508 2069 588 2127 esse,
603 2055 654 2128 qui
667 2052 794 2112 secunda
806 2055 942 2129 conjugia
955 2055 1074 2112 surdius
1091 2054 1139 2111 sit.
1154 2052 1167 2101 »'
1184 2052 1229 2110 Ex
1243 2050 1343 2110 codem
1354 2049 1443 2108 luanus

392 2150 549 2208 concilium
568 2150 791 2226 carthaginense
813 2149 869 2210 sub
888 2150 990 2209 Siricio
1012 2165 1123 2210 maone
1141 2155 1180 2208 48
1199 2149 1366 2208 constitnit:
1386 2172 1396 2196 u
1413 2147 1443 2204 lle

389 2247 447 2306 lude
459 2250 537 2306 enim
551 2251 677 2324 nicaeni,
695 2254 835 2308 mactatus
852 2248 1028 2324 andivimus,
1045 2248 1115 2323 (hcc
1123 2248 1179 2324 ait)
1194 2248 1230 2306 de
1248 2245 1396 2308 inhibendo
1408 2260 1441 2301 sa·
1488 2269 1489 2322 l

263 2424 266 2431 y
389 2345 498 2404 orificio
511 2351 577 2421 post
594 2345 758 2422 prandium.
774 2371 786 2397 n
802 2347 941 2405 Doctores
954 2346 1077 2422 denique
1090 2361 1207 2421 omnes,
1223 2352 1255 2406 et
1268 2346 1401 2406 Ecclesiae
1411 2346 1441 2402 hi-

338 2455 347 2461 ·
390 2447 514 2519 storias,
534 2460 608 2519 quae
625 2443 662 2502 de
689 2444 745 2502 hac
763 2444 876 2522 synodo
895 2450 1033 2520 egemut,
1054 2446 1117 2519 pari
1137 2461 1282 2504 consensu
1300 2445 1442 2521 pronuncia
1488 2435 1489 2520 i

391 2548 460 2599 runt
488 2541 544 2600 hoc
563 2544 595 2600 in
617 2543 739 2602 concilio
758 2544 890 2618 exposita
911 2543 1021 2618 fuisse,
1041 2549 1071 2602 et
1093 2549 1193 2602 exacte
1213 2559 1354 2622 perpensa
1368 2542 1443 2600 omniu

389 2655 587 2715 quaecumque
606 2647 723 2716 pmpter
743 2641 978 2718 ambiguitatem,
1000 2641 1213 2702 dissensionum
1229 2657 1349 2702 causam
1365 2654 1442 2716 parcre

389 2743 518 2810 possent.
1128 2799 1131 2808 ,

429 2834 496 2892 Non
509 2836 603 2893 solnm
617 2837 653 2902 de
666 2835 778 2896 haeresi
792 2840 1078 2914 arianorum,verum
1089 2840 1177 2896 ctiam
1188 2838 1226 2896 dc
1234 2836 1376 2897 erroribus
1386 2835 1441 2908 alb,

389 2933 440 3006 qui
456 2933 486 2990 in
504 2932 611 2992 Christi
626 2933 783 2994 Ecclesiam
797 2939 984 3011 irrepserunt,
998 2941 1027 2995 et
1042 2937 1079 2995 dc
1096 2952 1127 2994 rc
1139 2951 1323 3012 quacumque
1335 2933 1441 2992 decros-
1487 2951 1488 2956 ¹

390 3036 459 3089 runt
477 3032 589 3091 nicaeni
604 3040 719 3110 patres,
735 3050 810 3110 qnae
827 3035 1059 3110 explanationem
1075 3033 1113 3092 ab
1127 3036 1169 3092 eis
1184 3032 1366 3112 postulabat,
1376 3035 1442 3087 etue
1487 3031 1488 3122 l

388 3130 505 3188 riorum
520 3134 724 3190 correctionem
735 3137 842 3209 ,rjuxta
855 3132 995 3191 Basiliam
1005 3130 1061 3206 (1),
1076 3137 1175 3207 utpote
1189 3147 1207 3188 a
1221 3136 1323 3206 tanta,
1335 3145 1367 3187 ac
1378 3141 1441 3186 reue

388 3226 482 3285 canda
505 3227 635 3287 virorum
653 3231 789 3288 societate
814 3228 1023 3306 expectandum
1041 3234 1119 3302 erat,
1138 3229 1244 3304 quiex
1271 3232 1332 3286 toto
1348 3223 1407 3283 orbe
1420 3222 1441 3278 in

389 3339 481 3382 unum
501 3334 717 3402 convenerant,
735 3333 769 3409 nt
790 3326 974 3402 evangelicae
991 3325 1140 3388 doctrinae
1156 3324 1339 3384 vindicarent
1358 3322 1441 3398 porin-

387 3425 458 3479 tem.
477 3421 565 3481 Nulla
585 3425 696 3482 ratione
716 3411 814 3482 alitem
830 3430 875 3482 est
894 3423 1076 3498 adrandum,
1096 3439 1132 3481 eur
1151 3424 1251 3482 multis
1275 3423 1345 3480 actis
1360 3414 1442 3494 synodi

386 3521 505 3578 nicaeae
531 3523 562 3580 in
585 3521 714 3585 Ecclesia
739 3537 909 3598 graecorum
940 3536 1034 3595 pauca
1064 3522 1283 3596 superstitisse,
1311 3511 1442 3578 dumrncio

388 3618 555 3676 arianorum
568 3619 627 3676 illis
640 3621 670 3678 in
686 3618 852 3696 regionibus
868 3618 997 3678 furorem
1011 3619 1282 3692 animadvertimus,
1297 3617 1347 3692 qui
1358 3613 1441 3687 ubique

387 3712 420 3768 in
435 3713 592 3776 catholicos
609 3722 639 3776 et
655 3718 687 3774 in
704 3731 804 3776 eorum
822 3714 911 3775 libros
933 3715 1138 3792 erumpebant,
1156 3731 1191 3774 nc
1206 3713 1400 3784 incendebant,
1410 3707 1441 3764 ni

388 3823 491 3868 revera
512 3817 578 3886 post
603 3811 786 3873 Constantini
810 3820 933 3872 mortam
963 3813 1077 3872 accidit.
1107 3813 1196 3872 Hisce
1223 3814 1344 3888 positis,
1367 3806 1442 3880 elicii
1486 3851 1487 3886 ,

383 3907 450 3981 jure
468 3911 571 3986 conjici
599 3916 694 3986 potest
720 3910 867 3989 synodum
893 3912 1044 3970 nicaenam
1064 3911 1124 3970 suis
1142 3911 1174 3968 in
1196 3903 1438 3972 ‹anstitutuntbua

387 4003 423 4062 de
443 4005 551 4066 divinis
569 4007 741 4085 Scripturis,
758 4013 846 4086 juxta
861 4011 1089 4088 lliemnymum,
1107 4009 1268 4086 quidquam
1293 4003 1439 4066 decreuisse.

387 4099 540 4163 Praeterea
560 4104 633 4168 mihi
654 4106 812 4170 admodum
829 4109 924 4186 placet
936 4108 984 4176 hic
999 4114 1119 4187 notare,
1139 4102 1296 4192 aloscpho
1313 4094 1440 4169 blanchini

416 4311 539 4384 (risspist.
562 4317 599 4368 78,
