<?xml version="1.0" encoding="UTF-8"?>
<!DOCTYPE html PUBLIC "-//W3C//DTD XHTML 1.0 Transitional//EN"
    "http://www.w3.org/TR/xhtml1/DTD/xhtml1-transitional.dtd">
<html xmlns="http://www.w3.org/1999/xhtml" xml:lang="en" lang="en">
 <head>
  <title>
</title>
<meta http-equiv="Content-Type" content="text/html;charset=utf-8" />
  <meta name='ocr-system' content='tesseract 3.04.00' />
  <meta name='ocr-capabilities' content='ocr_page ocr_carea ocr_par ocr_line ocrx_word'/>
</head>
<body>
  <div class='ocr_page' id='page_1' title='image "./sessioquartacon00vincgoog_0188.png"; bbox 0 0 2964 5174; ppageno 0'>
   <div class='ocr_carea' id='block_1_1' title="bbox 484 395 663 448">
    <p class='ocr_par' dir='ltr' id='par_1_1' title="bbox 484 395 663 448">
     <span class='ocr_line' id='line_1_1' title="bbox 484 395 663 448; baseline 0.017 -2"><span class='ocrx_word' id='word_1_1' title='bbox 484 395 663 448; x_wconf 71' lang='lat'><strong>-188-</strong></span> 
     </span>
    </p>
   </div>
   <div class='ocr_carea' id='block_1_2' title="bbox 8 499 1116 578">
    <p class='ocr_par' dir='ltr' id='par_1_2' title="bbox 8 499 1116 578">
     <span class='ocr_line' id='line_1_2' title="bbox 8 499 1116 578; baseline 0.005 -22"><span class='ocrx_word' id='word_1_2' title='bbox 8 501 10 576; x_wconf 60' lang='lat' dir='ltr'><strong>l</strong></span> <span class='ocrx_word' id='word_1_3' title='bbox 73 501 168 567; x_wconf 81' lang='grc' dir='ltr'><em>Μοισοός,</em></span> <span class='ocrx_word' id='word_1_4' title='bbox 180 499 243 575; x_wconf 77' lang='grc' dir='ltr'><strong>φησί</strong></span> <span class='ocrx_word' id='word_1_5' title='bbox 257 504 290 571; x_wconf 82' lang='grc' dir='ltr'><em>σῷ</em></span> <span class='ocrx_word' id='word_1_6' title='bbox 308 500 396 575; x_wconf 68' lang='grc' dir='ltr'><em>τρόπον</em></span> <span class='ocrx_word' id='word_1_7' title='bbox 410 499 537 558; x_wconf 67' lang='lat' dir='ltr'><strong>orambim</strong></span> <span class='ocrx_word' id='word_1_8' title='bbox 555 502 677 578; x_wconf 67' lang='grc' dir='ltr'><strong>,ἀνθρώπῳ</strong></span> <span class='ocrx_word' id='word_1_9' title='bbox 691 501 809 572; x_wconf 69' lang='grc' dir='ltr'><em>εἰρῆσθαι</em></span> <span class='ocrx_word' id='word_1_10' title='bbox 829 504 878 560; x_wconf 78' lang='grc' dir='ltr'><strong>ν’πδ</strong></span> <span class='ocrx_word' id='word_1_11' title='bbox 891 505 938 560; x_wconf 73' lang='lat' dir='ltr'><strong>eod</strong></span> <span class='ocrx_word' id='word_1_12' title='bbox 951 506 1018 560; x_wconf 78' lang='grc' dir='ltr'><em>Θεοῦ</em></span> <span class='ocrx_word' id='word_1_13' title='bbox 1027 504 1116 570; x_wconf 74' lang='grc' dir='ltr'><em>οὕτως,</em></span> 
     </span>
    </p>
   </div>
   <div class='ocr_carea' id='block_1_3' title="bbox 70 590 1115 672">
    <p class='ocr_par' dir='ltr' id='par_1_3' title="bbox 70 590 1115 672">
     <span class='ocr_line' id='line_1_3' title="bbox 70 590 1115 672; baseline 0.011 -27"><span class='ocrx_word' id='word_1_14' title='bbox 70 590 112 646; x_wconf 72' lang='grc' dir='ltr'><strong>ι’δοοΙ</strong></span> <span class='ocrx_word' id='word_1_15' title='bbox 129 591 171 662; x_wconf 69' lang='grc' dir='ltr'><strong>πρὸ</strong></span> <span class='ocrx_word' id='word_1_16' title='bbox 186 593 315 664; x_wconf 72' lang='grc' dir='ltr'><em>προσοιποο</em></span> <span class='ocrx_word' id='word_1_17' title='bbox 332 595 381 648; x_wconf 76' lang='grc' dir='ltr'><strong>σοῦ</strong></span> <span class='ocrx_word' id='word_1_18' title='bbox 396 595 423 647; x_wconf 81' lang='grc' dir='ltr'><strong>τό</strong></span> <span class='ocrx_word' id='word_1_19' title='bbox 439 593 542 666; x_wconf 65' lang='grc' dir='ltr'><em>ἀγαθὸν</em></span> <span class='ocrx_word' id='word_1_20' title='bbox 556 596 601 650; x_wconf 76' lang='grc' dir='ltr'><strong>καὶ</strong></span> <span class='ocrx_word' id='word_1_21' title='bbox 615 595 645 650; x_wconf 77' lang='grc' dir='ltr'><em>οδ</em></span> <span class='ocrx_word' id='word_1_22' title='bbox 659 597 754 672; x_wconf 74' lang='grc' dir='ltr'><em>κοινόν,</em></span> <span class='ocrx_word' id='word_1_23' title='bbox 769 597 790 654; x_wconf 84' lang='lat' dir='ltr'><strong>i.</strong></span> <span class='ocrx_word' id='word_1_24' title='bbox 806 611 832 654; x_wconf 84' lang='lat' dir='ltr'><strong>e.</strong></span> <span class='ocrx_word' id='word_1_25' title='bbox 848 596 939 656; x_wconf 72' lang='lat' dir='ltr'><strong>Docet</strong></span> <span class='ocrx_word' id='word_1_26' title='bbox 952 603 1049 657; x_wconf 73' lang='lat' dir='ltr'><strong>auum</strong></span> <span class='ocrx_word' id='word_1_27' title='bbox 1061 613 1115 657; x_wconf 75' lang='lat' dir='ltr'><strong>not</strong></span> 
     </span>
    </p>
   </div>
   <div class='ocr_carea' id='block_1_4' title="bbox 8 687 1115 771">
    <p class='ocr_par' dir='ltr' id='par_1_4' title="bbox 8 687 1115 771">
     <span class='ocr_line' id='line_1_4' title="bbox 8 687 1115 771; baseline 0.009 -27"><span class='ocrx_word' id='word_1_28' title='bbox 8 723 10 752; x_wconf 59' lang='lat'>1</span> <span class='ocrx_word' id='word_1_29' title='bbox 70 687 126 748; x_wconf 87' lang='lat' dir='ltr'><strong>haec</strong></span> <span class='ocrx_word' id='word_1_30' title='bbox 138 694 246 748; x_wconf 72' lang='lat' dir='ltr'><strong>sendus</strong></span> <span class='ocrx_word' id='word_1_31' title='bbox 262 689 444 766; x_wconf 84' lang='lat' dir='ltr'><strong>propheticus</strong></span> <span class='ocrx_word' id='word_1_32' title='bbox 464 693 582 766; x_wconf 88' lang='lat' dir='ltr'><strong>spiritus</strong></span> <span class='ocrx_word' id='word_1_33' title='bbox 598 708 649 767; x_wconf 89' lang='lat' dir='ltr'><strong>per</strong></span> <span class='ocrx_word' id='word_1_34' title='bbox 663 692 806 771; x_wconf 84' lang='lat' dir='ltr'>Moysen,</span> <span class='ocrx_word' id='word_1_35' title='bbox 824 693 896 754; x_wconf 87' lang='lat' dir='ltr'><strong>dicit</strong></span> <span class='ocrx_word' id='word_1_36' title='bbox 908 697 1002 771; x_wconf 84' lang='lat' dir='ltr'><strong>primo</strong></span> <span class='ocrx_word' id='word_1_37' title='bbox 1022 694 1115 754; x_wconf 83' lang='lat' dir='ltr'><strong>honri·</strong></span> 
     </span>
    </p>
   </div>
   <div class='ocr_carea' id='block_1_5' title="bbox 62 787 1118 1453">
    <p class='ocr_par' dir='ltr' id='par_1_5' title="bbox 62 787 1118 1453">
     <span class='ocr_line' id='line_1_5' title="bbox 67 787 1113 863; baseline 0.01 -21"><span class='ocrx_word' id='word_1_38' title='bbox 67 787 90 842; x_wconf 90' lang='lat' dir='ltr'><strong>nl</strong></span> <span class='ocrx_word' id='word_1_39' title='bbox 104 791 189 846; x_wconf 80' lang='grc' dir='ltr'><em>σσοοιο</em></span> <span class='ocrx_word' id='word_1_40' title='bbox 200 789 420 863; x_wconf 72' lang='lat' dir='ltr'><strong>pronunciatum</strong></span> <span class='ocrx_word' id='word_1_41' title='bbox 436 787 526 848; x_wconf 85' lang='lat' dir='ltr'><strong>tuisse</strong></span> <span class='ocrx_word' id='word_1_42' title='bbox 544 789 636 848; x_wconf 82' lang='lat' dir='ltr'><strong>abeo</strong></span> <span class='ocrx_word' id='word_1_43' title='bbox 655 791 707 850; x_wconf 91' lang='lat' dir='ltr'><strong>sie:</strong></span> <span class='ocrx_word' id='word_1_44' title='bbox 719 821 732 834; x_wconf 95' lang='lat'>·</span> <span class='ocrx_word' id='word_1_45' title='bbox 742 788 815 850; x_wconf 85' lang='lat' dir='ltr'><strong>Eece</strong></span> <span class='ocrx_word' id='word_1_46' title='bbox 833 797 900 855; x_wconf 89' lang='lat' dir='ltr'><strong>ante</strong></span> <span class='ocrx_word' id='word_1_47' title='bbox 912 791 1017 851; x_wconf 82' lang='lat' dir='ltr'><strong>taciem</strong></span> <span class='ocrx_word' id='word_1_48' title='bbox 1030 799 1113 852; x_wconf 89' lang='lat' dir='ltr'><strong>tuam</strong></span> 
     </span>
     <span class='ocr_line' id='line_1_6' title="bbox 66 879 1114 965; baseline 0.008 -25"><span class='ocrx_word' id='word_1_49' title='bbox 66 879 156 942; x_wconf 90' lang='lat' dir='ltr'><strong>bonum</strong></span> <span class='ocrx_word' id='word_1_50' title='bbox 167 889 194 942; x_wconf 88' lang='lat' dir='ltr'><strong>et</strong></span> <span class='ocrx_word' id='word_1_51' title='bbox 205 885 323 944; x_wconf 89' lang='lat' dir='ltr'><strong>malum.</strong></span> <span class='ocrx_word' id='word_1_52' title='bbox 337 909 350 936; x_wconf 79' lang='grc' dir='ltr'><em>ο</em></span> <span class='ocrx_word' id='word_1_53' title='bbox 372 884 452 946; x_wconf 84' lang='lat' dir='ltr'><strong>Alibi</strong></span> <span class='ocrx_word' id='word_1_54' title='bbox 465 888 497 946; x_wconf 89' lang='lat' dir='ltr'><strong>in</strong></span> <span class='ocrx_word' id='word_1_55' title='bbox 510 888 571 946; x_wconf 89' lang='lat' dir='ltr'><strong>suis</strong></span> <span class='ocrx_word' id='word_1_56' title='bbox 589 887 729 964; x_wconf 82' lang='lat' dir='ltr'><strong>apologiis</strong></span> <span class='ocrx_word' id='word_1_57' title='bbox 747 891 903 948; x_wconf 69' lang='lat' dir='ltr'><strong>sententm</strong></span> <span class='ocrx_word' id='word_1_58' title='bbox 919 889 1054 965; x_wconf 83' lang='lat' dir='ltr'><strong>colligere</strong></span> <span class='ocrx_word' id='word_1_59' title='bbox 1070 892 1114 948; x_wconf 90' lang='lat' dir='ltr'><strong>vi·</strong></span> 
     </span>
     <span class='ocr_line' id='line_1_7' title="bbox 65 978 1118 1062; baseline 0.008 -24"><span class='ocrx_word' id='word_1_60' title='bbox 65 978 133 1038; x_wconf 81' lang='lat' dir='ltr'><strong>taur</strong></span> <span class='ocrx_word' id='word_1_61' title='bbox 144 980 270 1042; x_wconf 83' lang='lat' dir='ltr'><strong>lustinus</strong></span> <span class='ocrx_word' id='word_1_62' title='bbox 287 981 473 1060; x_wconf 87' lang='lat' dir='ltr'><strong>eScrlpturis</strong></span> <span class='ocrx_word' id='word_1_63' title='bbox 497 985 645 1061; x_wconf 83' lang='lat' dir='ltr'><strong>Dentatis,</strong></span> <span class='ocrx_word' id='word_1_64' title='bbox 664 993 793 1046; x_wconf 80' lang='lat' dir='ltr'><strong>attamen</strong></span> <span class='ocrx_word' id='word_1_65' title='bbox 817 986 921 1046; x_wconf 83' lang='lat' dir='ltr'><strong>nullibi</strong></span> <span class='ocrx_word' id='word_1_66' title='bbox 937 1002 1031 1062; x_wconf 89' lang='lat' dir='ltr'><strong>neque</strong></span> <span class='ocrx_word' id='word_1_67' title='bbox 1051 985 1118 1046; x_wconf 86' lang='lat' dir='ltr'><strong>libri</strong></span> 
     </span>
     <span class='ocr_line' id='line_1_8' title="bbox 65 1078 1117 1160; baseline 0.01 -27"><span class='ocrx_word' id='word_1_68' title='bbox 65 1078 140 1152; x_wconf 87' lang='lat' dir='ltr'><strong>saort,</strong></span> <span class='ocrx_word' id='word_1_69' title='bbox 159 1093 248 1154; x_wconf 89' lang='lat' dir='ltr'><strong>neque</strong></span> <span class='ocrx_word' id='word_1_70' title='bbox 270 1079 449 1158; x_wconf 86' lang='lat' dir='ltr'><strong>Prophetae,</strong></span> <span class='ocrx_word' id='word_1_71' title='bbox 472 1097 566 1158; x_wconf 75' lang='lat' dir='ltr'><strong>neqm</strong></span> <span class='ocrx_word' id='word_1_72' title='bbox 583 1085 709 1142; x_wconf 86' lang='lat' dir='ltr'><strong>auctoris</strong></span> <span class='ocrx_word' id='word_1_73' title='bbox 728 1099 834 1142; x_wconf 89' lang='lat' dir='ltr'><strong>nomen</strong></span> <span class='ocrx_word' id='word_1_74' title='bbox 854 1091 1016 1160; x_wconf 85' lang='lat' dir='ltr'><strong>comparat,</strong></span> <span class='ocrx_word' id='word_1_75' title='bbox 1032 1086 1117 1146; x_wconf 88' lang='lat' dir='ltr'><strong>sleuti</strong></span> 
     </span>
     <span class='ocr_line' id='line_1_9' title="bbox 62 1170 1117 1258; baseline 0.009 -28"><span class='ocrx_word' id='word_1_76' title='bbox 62 1170 174 1234; x_wconf 85' lang='lat' dir='ltr'><strong>Prlomm</strong></span> <span class='ocrx_word' id='word_1_77' title='bbox 189 1173 402 1252; x_wconf 75' lang='lat' dir='ltr'><strong>§sripturarum</strong></span> <span class='ocrx_word' id='word_1_78' title='bbox 416 1179 498 1240; x_wconf 87' lang='lat' dir='ltr'><strong>libris</strong></span> <span class='ocrx_word' id='word_1_79' title='bbox 520 1183 687 1256; x_wconf 84' lang='lat' dir='ltr'><strong>saepissime</strong></span> <span class='ocrx_word' id='word_1_80' title='bbox 700 1181 864 1258; x_wconf 88' lang='lat' dir='ltr'><strong>adpositum</strong></span> <span class='ocrx_word' id='word_1_81' title='bbox 883 1188 938 1240; x_wconf 85' lang='lat' dir='ltr'><strong>est.</strong></span> <span class='ocrx_word' id='word_1_82' title='bbox 960 1181 1056 1258; x_wconf 85' lang='lat' dir='ltr'><strong>Hujus</strong></span> <span class='ocrx_word' id='word_1_83' title='bbox 1074 1185 1117 1241; x_wconf 91' lang='lat' dir='ltr'><strong>rei</strong></span> 
     </span>
     <span class='ocr_line' id='line_1_10' title="bbox 63 1275 1118 1355; baseline 0.008 -26"><span class='ocrx_word' id='word_1_84' title='bbox 63 1284 162 1330; x_wconf 80' lang='lat' dir='ltr'><strong>uuna</strong></span> <span class='ocrx_word' id='word_1_85' title='bbox 173 1277 326 1349; x_wconf 80' lang='lat' dir='ltr'><strong>exquirens</strong></span> <span class='ocrx_word' id='word_1_86' title='bbox 338 1277 370 1334; x_wconf 91' lang='lat' dir='ltr'><strong>in</strong></span> <span class='ocrx_word' id='word_1_87' title='bbox 383 1275 532 1353; x_wconf 76' lang='lat' dir='ltr'><strong>dialogum</strong></span> <span class='ocrx_word' id='word_1_88' title='bbox 547 1293 616 1337; x_wconf 89' lang='lat' dir='ltr'><strong>cum</strong></span> <span class='ocrx_word' id='word_1_89' title='bbox 629 1277 775 1354; x_wconf 81' lang='lat' dir='ltr'><strong>Tripbone</strong></span> <span class='ocrx_word' id='word_1_90' title='bbox 789 1278 897 1354; x_wconf 81' lang='lat' dir='ltr'><strong>judaeo</strong></span> <span class='ocrx_word' id='word_1_91' title='bbox 914 1280 1044 1355; x_wconf 88' lang='lat' dir='ltr'><strong>perveni,</strong></span> <span class='ocrx_word' id='word_1_92' title='bbox 1059 1294 1118 1355; x_wconf 89' lang='lat' dir='ltr'><strong>quo</strong></span> 
     </span>
     <span class='ocr_line' id='line_1_11' title="bbox 62 1361 1118 1453; baseline 0.007 -27"><span class='ocrx_word' id='word_1_93' title='bbox 62 1367 175 1429; x_wconf 81' lang='lat' dir='ltr'><strong>tutinus</strong></span> <span class='ocrx_word' id='word_1_94' title='bbox 201 1378 315 1446; x_wconf 86' lang='lat' dir='ltr'><strong>praeter</strong></span> <span class='ocrx_word' id='word_1_95' title='bbox 345 1373 404 1434; x_wconf 86' lang='lat' dir='ltr'><strong>alia</strong></span> <span class='ocrx_word' id='word_1_96' title='bbox 430 1377 527 1451; x_wconf 81' lang='lat' dir='ltr'><strong>arguit</strong></span> <span class='ocrx_word' id='word_1_97' title='bbox 541 1375 682 1452; x_wconf 87' lang='lat' dir='ltr'><strong>judaeos,</strong></span> <span class='ocrx_word' id='word_1_98' title='bbox 698 1361 1118 1453; x_wconf 80' lang='lat' dir='ltr'><strong>¹quodSeptuagintavira&#39;lcm</strong></span> 
     </span>
    </p>
   </div>
   <div class='ocr_carea' id='block_1_6' title="bbox 8 1459 1119 1565">
    <p class='ocr_par' dir='ltr' id='par_1_6' title="bbox 8 1459 1119 1565">
     <span class='ocr_line' id='line_1_12' title="bbox 8 1459 1119 1565; baseline 0.009 -43"><span class='ocrx_word' id='word_1_99' title='bbox 8 1515 9 1522; x_wconf 74' lang='grc'>,</span> <span class='ocrx_word' id='word_1_100' title='bbox 62 1468 203 1528; x_wconf 75' lang='lat' dir='ltr'><strong>senionem</strong></span> <span class='ocrx_word' id='word_1_101' title='bbox 220 1477 419 1549; x_wconf 84' lang='lat' dir='ltr'><strong>contemnant,</strong></span> <span class='ocrx_word' id='word_1_102' title='bbox 435 1475 528 1534; x_wconf 88' lang='lat' dir='ltr'><strong>novas</strong></span> <span class='ocrx_word' id='word_1_103' title='bbox 548 1489 585 1532; x_wconf 84' lang='lat' dir='ltr'><strong>ex</strong></span> <span class='ocrx_word' id='word_1_104' title='bbox 602 1473 726 1534; x_wconf 88' lang='lat' dir='ltr'><strong>hebraeo</strong></span> <span class='ocrx_word' id='word_1_105' title='bbox 735 1459 892 1565; x_wconf 69' lang='lat' dir='ltr'><strong>cuderi&#39;tes,</strong></span> <span class='ocrx_word' id='word_1_106' title='bbox 909 1473 947 1550; x_wconf 85' lang='grc' dir='ltr'><strong>(ι)</strong></span> <span class='ocrx_word' id='word_1_107' title='bbox 962 1473 1062 1533; x_wconf 89' lang='lat' dir='ltr'><strong>multis</strong></span> <span class='ocrx_word' id='word_1_108' title='bbox 1082 1489 1119 1532; x_wconf 83' lang='lat' dir='ltr'><strong>cx</strong></span> 
     </span>
    </p>
   </div>
   <div class='ocr_carea' id='block_1_7' title="bbox 41 1566 1201 3650">
    <p class='ocr_par' dir='ltr' id='par_1_7' title="bbox 52 1566 1201 2488">
     <span class='ocr_line' id='line_1_13' title="bbox 60 1566 1120 1648; baseline 0.005 -23"><span class='ocrx_word' id='word_1_109' title='bbox 60 1577 86 1620; x_wconf 77' lang='lat' dir='ltr'><strong>ea</strong></span> <span class='ocrx_word' id='word_1_110' title='bbox 95 1566 248 1628; x_wconf 74' lang='lat' dir='ltr'><strong>intersectis</strong></span> <span class='ocrx_word' id='word_1_111' title='bbox 259 1575 290 1628; x_wconf 92' lang='lat' dir='ltr'><strong>et</strong></span> <span class='ocrx_word' id='word_1_112' title='bbox 302 1570 433 1631; x_wconf 84' lang='lat' dir='ltr'><strong>sabtaus.</strong></span> <span class='ocrx_word' id='word_1_113' title='bbox 450 1571 549 1648; x_wconf 91' lang='lat' dir='ltr'><strong>lnquit</strong></span> <span class='ocrx_word' id='word_1_114' title='bbox 560 1575 649 1632; x_wconf 87' lang='lat' dir='ltr'><strong>enim:</strong></span> <span class='ocrx_word' id='word_1_115' title='bbox 667 1597 678 1624; x_wconf 79' lang='grc' dir='ltr'><em>ι</em></span> <span class='ocrx_word' id='word_1_116' title='bbox 691 1568 898 1633; x_wconf 82' lang='lat' dir='ltr'><strong>Verumtamen</strong></span> <span class='ocrx_word' id='word_1_117' title='bbox 909 1571 1058 1648; x_wconf 81' lang='lat' dir='ltr'><strong>Maglstrls</strong></span> <span class='ocrx_word' id='word_1_118' title='bbox 1072 1585 1120 1630; x_wconf 86' lang='lat' dir='ltr'><strong>ve·</strong></span> 
     </span>
     <span class='ocr_line' id='line_1_14' title="bbox 60 1662 1120 1747; baseline 0.007 -28"><span class='ocrx_word' id='word_1_119' title='bbox 60 1662 182 1738; x_wconf 71' lang='lat' dir='ltr'><strong>subluit</strong></span> <span class='ocrx_word' id='word_1_120' title='bbox 198 1665 356 1743; x_wconf 83' lang='lat' dir='ltr'><strong>Triphoni)</strong></span> <span class='ocrx_word' id='word_1_121' title='bbox 372 1667 459 1728; x_wconf 86' lang='lat' dir='ltr'><strong>tidem</strong></span> <span class='ocrx_word' id='word_1_122' title='bbox 476 1683 536 1728; x_wconf 83' lang='lat' dir='ltr'><strong>aon</strong></span> <span class='ocrx_word' id='word_1_123' title='bbox 558 1669 669 1747; x_wconf 85' lang='lat' dir='ltr'><strong>habeo,</strong></span> <span class='ocrx_word' id='word_1_124' title='bbox 685 1673 737 1746; x_wconf 87' lang='lat' dir='ltr'><strong>qui</strong></span> <span class='ocrx_word' id='word_1_125' title='bbox 757 1685 818 1728; x_wconf 92' lang='lat' dir='ltr'><strong>non</strong></span> <span class='ocrx_word' id='word_1_126' title='bbox 833 1671 1030 1728; x_wconf 87' lang='lat' dir='ltr'><strong>assentiuntur</strong></span> <span class='ocrx_word' id='word_1_127' title='bbox 1047 1667 1120 1726; x_wconf 90' lang='lat' dir='ltr'><strong>bene</strong></span> 
     </span>
     <span class='ocr_line' id='line_1_15' title="bbox 58 1757 1123 1842; baseline 0.003 -26"><span class='ocrx_word' id='word_1_128' title='bbox 58 1757 264 1838; x_wconf 81' lang='lat' dir='ltr'><strong>ascptaraginta</strong></span> <span class='ocrx_word' id='word_1_129' title='bbox 280 1764 441 1826; x_wconf 83' lang='lat' dir='ltr'><strong>senioribus</strong></span> <span class='ocrx_word' id='word_1_130' title='bbox 454 1767 619 1826; x_wconf 82' lang='lat' dir='ltr'><strong>imtimtam</strong></span> <span class='ocrx_word' id='word_1_131' title='bbox 632 1783 696 1828; x_wconf 87' lang='lat' dir='ltr'><strong>esse</strong></span> <span class='ocrx_word' id='word_1_132' title='bbox 711 1769 991 1842; x_wconf 80' lang='lat' dir='ltr'><strong>interpretationem:</strong></span> <span class='ocrx_word' id='word_1_133' title='bbox 1007 1765 1066 1819; x_wconf 68' lang='grc' dir='ltr'>ἀλλ’</span> <span class='ocrx_word' id='word_1_134' title='bbox 1078 1764 1123 1819; x_wconf 77' lang='lat' dir='ltr'><strong>at-</strong></span> 
     </span>
     <span class='ocr_line' id='line_1_16' title="bbox 58 1857 1120 1937; baseline 0.007 -29"><span class='ocrx_word' id='word_1_135' title='bbox 58 1857 90 1909; x_wconf 75' lang='grc' dir='ltr'><em>σοι’</em></span> <span class='ocrx_word' id='word_1_136' title='bbox 111 1857 266 1930; x_wconf 68' lang='grc' dir='ltr'><em>ἐξηγεῖσθαι</em></span> <span class='ocrx_word' id='word_1_137' title='bbox 291 1865 431 1934; x_wconf 68' lang='grc' dir='ltr'><em>ποιοῦνται·</em></span> <span class='ocrx_word' id='word_1_138' title='bbox 448 1865 492 1918; x_wconf 76' lang='lat' dir='ltr'><strong>aar*</strong></span> <span class='ocrx_word' id='word_1_139' title='bbox 518 1860 558 1919; x_wconf 81' lang='grc' dir='ltr'><strong>ὅτι</strong></span> <span class='ocrx_word' id='word_1_140' title='bbox 577 1866 680 1927; x_wconf 76' lang='grc' dir='ltr'><em>πολλσὶς</em></span> <span class='ocrx_word' id='word_1_141' title='bbox 699 1867 803 1937; x_wconf 67' lang='grc' dir='ltr'><strong>γραφὰς</strong></span> <span class='ocrx_word' id='word_1_142' title='bbox 821 1868 907 1918; x_wconf 74' lang='grc' dir='ltr'><em>τέλσον</em></span> <span class='ocrx_word' id='word_1_143' title='bbox 925 1861 1050 1935; x_wconf 77' lang='grc' dir='ltr'><em>περοιίλον</em></span> <span class='ocrx_word' id='word_1_144' title='bbox 1068 1859 1120 1915; x_wconf 71' lang='lat' dir='ltr'><strong>dard</strong></span> 
     </span>
     <span class='ocr_line' id='line_1_17' title="bbox 55 1946 1118 2028; baseline 0.005 -29"><span class='ocrx_word' id='word_1_145' title='bbox 55 1949 91 2000; x_wconf 70' lang='grc' dir='ltr'><strong>πᾶν</strong></span> <span class='ocrx_word' id='word_1_146' title='bbox 111 1946 265 2021; x_wconf 78' lang='grc' dir='ltr'><em>σ’ξπγιίσοονν·</em></span> <span class='ocrx_word' id='word_1_147' title='bbox 288 1954 334 2006; x_wconf 70' lang='grc' dir='ltr'><em>σοῖν</em></span> <span class='ocrx_word' id='word_1_148' title='bbox 353 1956 524 2028; x_wconf 72' lang='grc' dir='ltr'><em>γιγινιιμᾶνιον</em></span> <span class='ocrx_word' id='word_1_149' title='bbox 545 1955 594 2012; x_wconf 74' lang='grc' dir='ltr'><strong>ὑπὸ</strong></span> <span class='ocrx_word' id='word_1_150' title='bbox 610 1959 655 2012; x_wconf 69' lang='grc' dir='ltr'><em>τοῖν</em></span> <span class='ocrx_word' id='word_1_151' title='bbox 680 1958 750 2028; x_wconf 67' lang='lat' dir='ltr'><strong>sepo?</strong></span> <span class='ocrx_word' id='word_1_152' title='bbox 766 1955 918 2027; x_wconf 80' lang='grc' dir='ltr'><em>Πτολιμσοίῳ</em></span> <span class='ocrx_word' id='word_1_153' title='bbox 944 1953 1118 2026; x_wconf 75' lang='grc' dir='ltr'><strong>γεγενημένων</strong></span> 
     </span>
     <span class='ocr_line' id='line_1_18' title="bbox 55 2039 1118 2122; baseline -0.006 -16"><span class='ocrx_word' id='word_1_154' title='bbox 55 2039 226 2116; x_wconf 54' lang='grc' dir='ltr'><strong>ΰέῑσβυΐὲξων,</strong></span> <span class='ocrx_word' id='word_1_155' title='bbox 246 2043 278 2110; x_wconf 72' lang='grc' dir='ltr'><strong>ἐξ</strong></span> <span class='ocrx_word' id='word_1_156' title='bbox 301 2043 333 2100; x_wconf 75' lang='grc' dir='ltr'><em>οἶν</em></span> <span class='ocrx_word' id='word_1_157' title='bbox 355 2046 487 2122; x_wconf 74' lang='grc' dir='ltr'><em>διοιῤῥοίδην</em></span> <span class='ocrx_word' id='word_1_158' title='bbox 512 2046 587 2110; x_wconf 83' lang='grc' dir='ltr'><em>οὗτος</em></span> <span class='ocrx_word' id='word_1_159' title='bbox 612 2048 726 2116; x_wconf 73' lang='grc' dir='ltr'><em>ου’τόςὸ</em></span> <span class='ocrx_word' id='word_1_160' title='bbox 755 2046 937 2120; x_wconf 65' lang='grc' dir='ltr'><em>σσοιοσονθοίς,</em></span> <span class='ocrx_word' id='word_1_161' title='bbox 965 2046 1004 2102; x_wconf 78' lang='grc' dir='ltr'><strong>ὅτι</strong></span> <span class='ocrx_word' id='word_1_162' title='bbox 1030 2046 1118 2108; x_wconf 63' lang='lat' dir='ltr'><strong>(dade,</strong></span> 
     </span>
     <span class='ocr_line' id='line_1_19' title="bbox 54 2131 1120 2212; baseline 0.006 -30"><span class='ocrx_word' id='word_1_163' title='bbox 54 2131 89 2182; x_wconf 82' lang='lat' dir='ltr'><strong>aar&#39;</strong></span> <span class='ocrx_word' id='word_1_164' title='bbox 104 2131 259 2212; x_wconf 67' lang='grc' dir='ltr'><em>ἄνθρωπος,</em></span> <span class='ocrx_word' id='word_1_165' title='bbox 282 2137 327 2198; x_wconf 70' lang='grc' dir='ltr'><strong><em>χοί</em></strong></span> <span class='ocrx_word' id='word_1_166' title='bbox 342 2139 530 2208; x_wconf 68' lang='grc' dir='ltr'><em>στοορσῦμονος</em></span> <span class='ocrx_word' id='word_1_167' title='bbox 546 2177 555 2204; x_wconf 89' lang='grc'><em>,</em></span> <span class='ocrx_word' id='word_1_168' title='bbox 574 2162 615 2194; x_wconf 78' lang='lat' dir='ltr'><strong>aar</strong></span> <span class='ocrx_word' id='word_1_169' title='bbox 646 2137 814 2198; x_wconf 69' lang='grc' dir='ltr'><strong>ἀποθνήσκων</strong></span> <span class='ocrx_word' id='word_1_170' title='bbox 834 2135 1023 2210; x_wconf 72' lang='grc' dir='ltr'><em>κτιιπρογμένος</em></span> <span class='ocrx_word' id='word_1_171' title='bbox 1047 2135 1120 2190; x_wconf 81' lang='grc' dir='ltr'><em>οἰσο-</em></span> 
     </span>
     <span class='ocr_line' id='line_1_20' title="bbox 53 2220 1116 2304; baseline 0.01 -33"><span class='ocrx_word' id='word_1_172' title='bbox 53 2220 186 2296; x_wconf 77' lang='grc' dir='ltr'><em>διίονοται,</em></span> <span class='ocrx_word' id='word_1_173' title='bbox 209 2229 291 2286; x_wconf 79' lang='grc' dir='ltr'><em>ι’δένσοι</em></span> <span class='ocrx_word' id='word_1_174' title='bbox 312 2232 379 2304; x_wconf 74' lang='grc' dir='ltr'><strong>ὑμᾶς</strong></span> <span class='ocrx_word' id='word_1_175' title='bbox 395 2231 542 2304; x_wconf 80' lang='grc' dir='ltr'><em>βούλομαι,</em></span> <span class='ocrx_word' id='word_1_176' title='bbox 561 2229 593 2296; x_wconf 63' lang='grc' dir='ltr'><strong>οἷς</strong></span> <span class='ocrx_word' id='word_1_177' title='bbox 609 2230 690 2286; x_wconf 71' lang='grc' dir='ltr'><em>ἐπεῖδε</em></span> <span class='ocrx_word' id='word_1_178' title='bbox 709 2229 846 2303; x_wconf 65' lang='grc' dir='ltr'><em>ἀρνεῖσθον</em></span> <span class='ocrx_word' id='word_1_179' title='bbox 865 2231 962 2290; x_wconf 73' lang='grc' dir='ltr'><em>πάντας</em></span> <span class='ocrx_word' id='word_1_180' title='bbox 985 2227 1045 2288; x_wconf 73' lang='grc' dir='ltr'><strong>τούς</strong></span> <span class='ocrx_word' id='word_1_181' title='bbox 1065 2225 1116 2282; x_wconf 63' lang='lat' dir='ltr'><strong>atad</strong></span> 
     </span>
     <span class='ocr_line' id='line_1_21' title="bbox 52 2317 1201 2396; baseline 0.007 -31"><span class='ocrx_word' id='word_1_182' title='bbox 52 2317 190 2390; x_wconf 73' lang='grc' dir='ltr'><em>τοῦγένους</em></span> <span class='ocrx_word' id='word_1_183' title='bbox 211 2322 281 2396; x_wconf 75' lang='grc' dir='ltr'><em>ὑμῶν</em></span> <span class='ocrx_word' id='word_1_184' title='bbox 297 2321 465 2396; x_wconf 73' lang='grc' dir='ltr'><em>ἐπίσταμαι,</em></span> <span class='ocrx_word' id='word_1_185' title='bbox 494 2326 551 2386; x_wconf 81' lang='grc' dir='ltr'><em>ταῖς</em></span> <span class='ocrx_word' id='word_1_186' title='bbox 572 2322 707 2386; x_wconf 74' lang='grc' dir='ltr'><em>σοισιῠτοιίς</em></span> <span class='ocrx_word' id='word_1_187' title='bbox 730 2321 873 2396; x_wconf 73' lang='grc' dir='ltr'><em>ζητήσεσιν</em></span> <span class='ocrx_word' id='word_1_188' title='bbox 898 2317 927 2374; x_wconf 71' lang='grc' dir='ltr'><em>οὗ</em></span> <span class='ocrx_word' id='word_1_189' title='bbox 952 2317 1119 2393; x_wconf 69' lang='grc' dir='ltr'><strong>προσβάλλον·</strong></span> <span class='ocrx_word' id='word_1_190' title='bbox 1174 2380 1176 2389; x_wconf 24' lang='lat' dir='ltr'>y</span> <span class='ocrx_word' id='word_1_191' title='bbox 1200 2362 1201 2373; x_wconf 65' lang='grc'>,</span> 
     </span>
     <span class='ocr_line' id='line_1_22' title="bbox 52 2405 1118 2488; baseline 0.002 -27"><span class='ocrx_word' id='word_1_192' title='bbox 52 2405 98 2460; x_wconf 66' lang='grc' dir='ltr'><strong>ἀλλ’</strong></span> <span class='ocrx_word' id='word_1_193' title='bbox 115 2409 156 2464; x_wconf 74' lang='grc' dir='ltr'><strong>ι’πί</strong></span> <span class='ocrx_word' id='word_1_194' title='bbox 181 2415 231 2477; x_wconf 80' lang='grc' dir='ltr'><em>τοὶς</em></span> <span class='ocrx_word' id='word_1_195' title='bbox 250 2414 280 2468; x_wconf 79' lang='grc' dir='ltr'><strong>εἰς</strong></span> <span class='ocrx_word' id='word_1_196' title='bbox 299 2417 344 2470; x_wconf 66' lang='grc' dir='ltr'><em>τοῖν</em></span> <span class='ocrx_word' id='word_1_197' title='bbox 371 2415 580 2488; x_wconf 71' lang='grc' dir='ltr'><em>ὁμολογουμένων</em></span> <span class='ocrx_word' id='word_1_198' title='bbox 601 2411 638 2469; x_wconf 78' lang='grc' dir='ltr'><strong>ἔτι</strong></span> <span class='ocrx_word' id='word_1_199' title='bbox 659 2415 715 2488; x_wconf 69' lang='grc' dir='ltr'><strong>παρ’</strong></span> <span class='ocrx_word' id='word_1_200' title='bbox 730 2415 810 2488; x_wconf 75' lang='grc' dir='ltr'><em>ὑμῖν,</em></span> <span class='ocrx_word' id='word_1_201' title='bbox 830 2415 877 2476; x_wconf 75' lang='grc' dir='ltr'><em>τοὶς</em></span> <span class='ocrx_word' id='word_1_202' title='bbox 894 2411 1020 2486; x_wconf 73' lang='grc' dir='ltr'><strong>ζητήσεις</strong></span> <span class='ocrx_word' id='word_1_203' title='bbox 1035 2410 1118 2465; x_wconf 71' lang='grc' dir='ltr'><em>ποιεῖν</em></span> 
     </span>
    </p>

    <p class='ocr_par' dir='ltr' id='par_1_8' title="bbox 52 2493 1116 2580">
     <span class='ocr_line' id='line_1_23' title="bbox 52 2493 1116 2580; baseline 0 -22"><span class='ocrx_word' id='word_1_204' title='bbox 52 2493 148 2572; x_wconf 64' lang='grc' dir='ltr'><strong>ἕΡὶςῡμιοι</strong></span> <span class='ocrx_word' id='word_1_205' title='bbox 166 2544 173 2568; x_wconf 84' lang='grc'><em>,</em></span> <span class='ocrx_word' id='word_1_206' title='bbox 193 2507 240 2559; x_wconf 70' lang='grc' dir='ltr'><strong>καὶ</strong></span> <span class='ocrx_word' id='word_1_207' title='bbox 262 2505 312 2579; x_wconf 66' lang='grc' dir='ltr'><strong>γάρ</strong></span> <span class='ocrx_word' id='word_1_208' title='bbox 333 2503 397 2568; x_wconf 78' lang='grc' dir='ltr'><em>ὅσοις</em></span> <span class='ocrx_word' id='word_1_209' title='bbox 429 2505 489 2578; x_wconf 56' lang='lat' dir='ltr'><strong>&amp;pala</strong></span> <span class='ocrx_word' id='word_1_210' title='bbox 508 2504 659 2578; x_wconf 73' lang='grc' dir='ltr'><em>ἅνήντγνιοι,</em></span> <span class='ocrx_word' id='word_1_211' title='bbox 684 2505 781 2568; x_wconf 67' lang='grc' dir='ltr'><em>τούτοις</em></span> <span class='ocrx_word' id='word_1_212' title='bbox 803 2503 996 2580; x_wconf 66' lang='grc' dir='ltr'><strong>γνωρίζετε,ἱ.</strong></span> <span class='ocrx_word' id='word_1_213' title='bbox 1012 2518 1038 2560; x_wconf 80' lang='lat' dir='ltr'><strong>e.</strong></span> <span class='ocrx_word' id='word_1_214' title='bbox 1059 2499 1116 2560; x_wconf 75' lang='lat' dir='ltr'><strong>sed</strong></span> 
     </span>
    </p>

    <p class='ocr_par' dir='ltr' id='par_1_9' title="bbox 53 2589 1119 2678">
     <span class='ocr_line' id='line_1_24' title="bbox 53 2589 1119 2678; baseline 0.005 -27"><span class='ocrx_word' id='word_1_215' title='bbox 53 2589 97 2665; x_wconf 82' lang='lat' dir='ltr'><strong>ipsi</strong></span> <span class='ocrx_word' id='word_1_216' title='bbox 111 2597 296 2675; x_wconf 89' lang='lat' dir='ltr'><strong>interpretari</strong></span> <span class='ocrx_word' id='word_1_217' title='bbox 312 2606 473 2677; x_wconf 71' lang='lat' dir='ltr'><strong>conantur,</strong></span> <span class='ocrx_word' id='word_1_218' title='bbox 490 2607 519 2660; x_wconf 87' lang='lat' dir='ltr'><strong>et</strong></span> <span class='ocrx_word' id='word_1_219' title='bbox 536 2603 675 2678; x_wconf 89' lang='lat' dir='ltr'><strong>quoniam</strong></span> <span class='ocrx_word' id='word_1_220' title='bbox 695 2599 803 2660; x_wconf 88' lang='lat' dir='ltr'><strong>multas</strong></span> <span class='ocrx_word' id='word_1_221' title='bbox 816 2598 979 2676; x_wconf 83' lang='lat' dir='ltr'><strong>Scripturas</strong></span> <span class='ocrx_word' id='word_1_222' title='bbox 999 2601 1119 2658; x_wconf 90' lang='lat' dir='ltr'><strong>omnino</strong></span> 
     </span>
    </p>

    <p class='ocr_par' dir='ltr' id='par_1_10' title="bbox 41 2693 1131 3650">
     <span class='ocr_line' id='line_1_25' title="bbox 50 2693 1123 2776; baseline 0.006 -27"><span class='ocrx_word' id='word_1_223' title='bbox 50 2693 219 2756; x_wconf 77' lang='lat' dir='ltr'><strong>statuerunt</strong></span> <span class='ocrx_word' id='word_1_224' title='bbox 236 2713 276 2755; x_wconf 83' lang='lat' dir='ltr'><strong>ex</strong></span> <span class='ocrx_word' id='word_1_225' title='bbox 297 2697 557 2775; x_wconf 83' lang='lat' dir='ltr'><strong>translationibus,</strong></span> <span class='ocrx_word' id='word_1_226' title='bbox 574 2697 757 2776; x_wconf 87' lang='lat' dir='ltr'><strong>quaefactae</strong></span> <span class='ocrx_word' id='word_1_227' title='bbox 775 2696 925 2757; x_wconf 86' lang='lat' dir='ltr'><strong>fuerunta</strong></span> <span class='ocrx_word' id='word_1_228' title='bbox 943 2695 1123 2772; x_wconf 90' lang='lat' dir='ltr'><strong>Senioribus,</strong></span> 
     </span>
     <span class='ocr_line' id='line_1_26' title="bbox 50 2790 1123 2874; baseline 0.002 -24"><span class='ocrx_word' id='word_1_229' title='bbox 50 2790 91 2861; x_wconf 93' lang='lat' dir='ltr'><strong>qui</strong></span> <span class='ocrx_word' id='word_1_230' title='bbox 113 2791 191 2867; x_wconf 93' lang='lat' dir='ltr'><strong>apud</strong></span> <span class='ocrx_word' id='word_1_231' title='bbox 208 2793 414 2855; x_wconf 78' lang='lat' dir='ltr'><strong>Ptolomaeum</strong></span> <span class='ocrx_word' id='word_1_232' title='bbox 432 2796 528 2874; x_wconf 85' lang='lat' dir='ltr'><strong>fuere,</strong></span> <span class='ocrx_word' id='word_1_233' title='bbox 549 2795 684 2874; x_wconf 86' lang='lat' dir='ltr'><strong>equibus</strong></span> <span class='ocrx_word' id='word_1_234' title='bbox 701 2795 779 2855; x_wconf 89' lang='lat' dir='ltr'><strong>clare</strong></span> <span class='ocrx_word' id='word_1_235' title='bbox 793 2798 847 2854; x_wconf 90' lang='lat' dir='ltr'><strong>iste</strong></span> <span class='ocrx_word' id='word_1_236' title='bbox 862 2797 942 2871; x_wconf 90' lang='lat' dir='ltr'><strong>ipse,</strong></span> <span class='ocrx_word' id='word_1_237' title='bbox 961 2797 1012 2872; x_wconf 90' lang='lat' dir='ltr'><strong>qui</strong></span> <span class='ocrx_word' id='word_1_238' title='bbox 1030 2794 1123 2854; x_wconf 89' lang='lat' dir='ltr'><strong>cruci-</strong></span> 
     </span>
     <span class='ocr_line' id='line_1_27' title="bbox 46 2881 1123 2970; baseline 0.006 -28"><span class='ocrx_word' id='word_1_239' title='bbox 46 2881 111 2946; x_wconf 84' lang='lat' dir='ltr'><strong>ilsus</strong></span> <span class='ocrx_word' id='word_1_240' title='bbox 130 2896 194 2966; x_wconf 90' lang='lat' dir='ltr'><strong>est,</strong></span> <span class='ocrx_word' id='word_1_241' title='bbox 210 2890 293 2965; x_wconf 85' lang='lat' dir='ltr'><strong>quod</strong></span> <span class='ocrx_word' id='word_1_242' title='bbox 310 2891 387 2952; x_wconf 92' lang='lat' dir='ltr'><strong>Deus</strong></span> <span class='ocrx_word' id='word_1_243' title='bbox 401 2899 429 2952; x_wconf 91' lang='lat' dir='ltr'><strong>et</strong></span> <span class='ocrx_word' id='word_1_244' title='bbox 443 2893 550 2970; x_wconf 92' lang='lat' dir='ltr'><strong>homo,</strong></span> <span class='ocrx_word' id='word_1_245' title='bbox 565 2900 594 2952; x_wconf 87' lang='lat' dir='ltr'><strong>ct</strong></span> <span class='ocrx_word' id='word_1_246' title='bbox 607 2893 764 2953; x_wconf 84' lang='lat' dir='ltr'><strong>crucifixus</strong></span> <span class='ocrx_word' id='word_1_247' title='bbox 778 2900 806 2952; x_wconf 90' lang='lat' dir='ltr'><strong>et</strong></span> <span class='ocrx_word' id='word_1_248' title='bbox 819 2899 972 2969; x_wconf 89' lang='lat' dir='ltr'><strong>mortuus,</strong></span> <span class='ocrx_word' id='word_1_249' title='bbox 988 2894 1027 2950; x_wconf 91' lang='lat' dir='ltr'><strong>sit</strong></span> <span class='ocrx_word' id='word_1_250' title='bbox 1040 2906 1123 2966; x_wconf 86' lang='lat' dir='ltr'><strong>prac-</strong></span> 
     </span>
     <span class='ocr_line' id='line_1_28' title="bbox 46 2987 1131 3068; baseline 0.006 -30"><span class='ocrx_word' id='word_1_251' title='bbox 46 2987 210 3066; x_wconf 90' lang='lat' dir='ltr'><strong>nuneiatus,</strong></span> <span class='ocrx_word' id='word_1_252' title='bbox 228 2989 409 3067; x_wconf 88' lang='lat' dir='ltr'><strong>ostenditur,</strong></span> <span class='ocrx_word' id='word_1_253' title='bbox 435 2993 508 3050; x_wconf 89' lang='lat' dir='ltr'><strong>scire</strong></span> <span class='ocrx_word' id='word_1_254' title='bbox 523 3007 576 3050; x_wconf 89' lang='lat' dir='ltr'><strong>vos</strong></span> <span class='ocrx_word' id='word_1_255' title='bbox 597 2992 684 3068; x_wconf 92' lang='lat' dir='ltr'><strong>volo,</strong></span> <span class='ocrx_word' id='word_1_256' title='bbox 708 3007 782 3066; x_wconf 88' lang='lat' dir='ltr'><strong>quas</strong></span> <span class='ocrx_word' id='word_1_257' title='bbox 805 2988 948 3065; x_wconf 90' lang='lat' dir='ltr'><strong>siquidem</strong></span> <span class='ocrx_word' id='word_1_258' title='bbox 968 3005 1027 3047; x_wconf 91' lang='lat' dir='ltr'><strong>non</strong></span> <span class='ocrx_word' id='word_1_259' title='bbox 1047 2987 1131 3066; x_wconf 25' lang='lat' dir='ltr'><strong>mihi·</strong></span> 
     </span>
     <span class='ocr_line' id='line_1_29' title="bbox 44 3071 1122 3165; baseline 0.006 -30"><span class='ocrx_word' id='word_1_260' title='bbox 44 3077 105 3139; x_wconf 90' lang='lat' dir='ltr'><strong>latet</strong></span> <span class='ocrx_word' id='word_1_261' title='bbox 121 3083 161 3142; x_wconf 91' lang='lat' dir='ltr'><strong>ab</strong></span> <span class='ocrx_word' id='word_1_262' title='bbox 178 3085 320 3144; x_wconf 91' lang='lat' dir='ltr'><strong>omnibus</strong></span> <span class='ocrx_word' id='word_1_263' title='bbox 339 3089 430 3145; x_wconf 86' lang='lat' dir='ltr'><strong>vestrl</strong></span> <span class='ocrx_word' id='word_1_264' title='bbox 447 3071 560 3165; x_wconf 84' lang='lat' dir='ltr'><strong>generis</strong></span> <span class='ocrx_word' id='word_1_265' title='bbox 577 3089 696 3165; x_wconf 82' lang='lat' dir='ltr'><strong>negari,</strong></span> <span class='ocrx_word' id='word_1_266' title='bbox 718 3087 756 3146; x_wconf 91' lang='lat' dir='ltr'><strong>ad</strong></span> <span class='ocrx_word' id='word_1_267' title='bbox 775 3086 829 3145; x_wconf 91' lang='lat' dir='ltr'><strong>has</strong></span> <span class='ocrx_word' id='word_1_268' title='bbox 844 3087 1045 3162; x_wconf 88' lang='lat' dir='ltr'><strong>inquisitiones</strong></span> <span class='ocrx_word' id='word_1_269' title='bbox 1062 3099 1122 3141; x_wconf 93' lang='lat' dir='ltr'><strong>non</strong></span> 
     </span>
     <span class='ocr_line' id='line_1_30' title="bbox 44 3181 1124 3262; baseline 0.006 -30"><span class='ocrx_word' id='word_1_270' title='bbox 44 3181 138 3258; x_wconf 85' lang='lat' dir='ltr'><strong>venio,</strong></span> <span class='ocrx_word' id='word_1_271' title='bbox 160 3183 215 3242; x_wconf 88' lang='lat' dir='ltr'><strong>scd</strong></span> <span class='ocrx_word' id='word_1_272' title='bbox 234 3199 323 3259; x_wconf 89' lang='lat' dir='ltr'><strong>super</strong></span> <span class='ocrx_word' id='word_1_273' title='bbox 341 3185 427 3260; x_wconf 87' lang='lat' dir='ltr'><strong>illas,</strong></span> <span class='ocrx_word' id='word_1_274' title='bbox 447 3202 522 3262; x_wconf 88' lang='lat' dir='ltr'><strong>quae</strong></span> <span class='ocrx_word' id='word_1_275' title='bbox 544 3183 640 3244; x_wconf 86' lang='lat' dir='ltr'><strong>adhue</strong></span> <span class='ocrx_word' id='word_1_276' title='bbox 664 3184 741 3262; x_wconf 91' lang='lat' dir='ltr'><strong>apud</strong></span> <span class='ocrx_word' id='word_1_277' title='bbox 760 3201 813 3244; x_wconf 83' lang='lat' dir='ltr'><strong>vos</strong></span> <span class='ocrx_word' id='word_1_278' title='bbox 833 3185 864 3241; x_wconf 94' lang='lat' dir='ltr'><strong>in</strong></span> <span class='ocrx_word' id='word_1_279' title='bbox 880 3181 1012 3241; x_wconf 82' lang='lat' dir='ltr'><strong>confesso</strong></span> <span class='ocrx_word' id='word_1_280' title='bbox 1032 3186 1124 3256; x_wconf 89' lang='lat' dir='ltr'><strong>sunt,</strong></span> 
     </span>
     <span class='ocr_line' id='line_1_31' title="bbox 42 3277 1125 3360; baseline 0.002 -22"><span class='ocrx_word' id='word_1_281' title='bbox 42 3281 221 3350; x_wconf 81' lang='lat' dir='ltr'><strong>quaestiones</strong></span> <span class='ocrx_word' id='word_1_282' title='bbox 245 3281 342 3341; x_wconf 86' lang='lat' dir='ltr'><strong>iacere</strong></span> <span class='ocrx_word' id='word_1_283' title='bbox 364 3282 539 3360; x_wconf 81' lang='lat' dir='ltr'><strong>aggredior3</strong></span> <span class='ocrx_word' id='word_1_284' title='bbox 559 3285 666 3342; x_wconf 81' lang='lat' dir='ltr'><strong>ctenIm</strong></span> <span class='ocrx_word' id='word_1_285' title='bbox 680 3287 821 3359; x_wconf 88' lang='lat' dir='ltr'><strong>quotquot</strong></span> <span class='ocrx_word' id='word_1_286' title='bbox 838 3278 922 3338; x_wconf 85' lang='lat' dir='ltr'><strong>vobis</strong></span> <span class='ocrx_word' id='word_1_287' title='bbox 942 3278 1045 3354; x_wconf 71' lang='lat' dir='ltr'><strong>adult,</strong></span> <span class='ocrx_word' id='word_1_288' title='bbox 1059 3277 1125 3358; x_wconf 86' lang='lat' dir='ltr'><strong>illas</strong></span> 
     </span>
     <span class='ocr_line' id='line_1_32' title="bbox 42 3378 1128 3456; baseline -0.003 -19"><span class='ocrx_word' id='word_1_289' title='bbox 42 3379 194 3451; x_wconf 73' lang='lat' dir='ltr'><strong>agnoscitis</strong></span> <span class='ocrx_word' id='word_1_290' title='bbox 211 3385 270 3439; x_wconf 90' lang='lat' dir='ltr'><strong>etc.</strong></span> <span class='ocrx_word' id='word_1_291' title='bbox 284 3405 297 3431; x_wconf 75' lang='grc' dir='ltr'><em>ο</em></span> <span class='ocrx_word' id='word_1_292' title='bbox 318 3381 463 3440; x_wconf 86' lang='lat' dir='ltr'><strong>Indicium</strong></span> <span class='ocrx_word' id='word_1_293' title='bbox 481 3379 554 3439; x_wconf 88' lang='lat' dir='ltr'><strong>haec</strong></span> <span class='ocrx_word' id='word_1_294' title='bbox 573 3381 663 3440; x_wconf 87' lang='lat' dir='ltr'><strong>verba</strong></span> <span class='ocrx_word' id='word_1_295' title='bbox 681 3380 765 3440; x_wconf 88' lang='lat' dir='ltr'><strong>nobis</strong></span> <span class='ocrx_word' id='word_1_296' title='bbox 785 3378 922 3456; x_wconf 88' lang='lat' dir='ltr'><strong>praebere</strong></span> <span class='ocrx_word' id='word_1_297' title='bbox 937 3380 1078 3454; x_wconf 86' lang='lat' dir='ltr'><strong>possunt,</strong></span> <span class='ocrx_word' id='word_1_298' title='bbox 1093 3382 1128 3434; x_wconf 92' lang='lat' dir='ltr'><strong>ut</strong></span> 
     </span>
     <span class='ocr_line' id='line_1_33' title="bbox 41 3470 1130 3556; baseline 0.003 -27"><span class='ocrx_word' id='word_1_299' title='bbox 41 3470 136 3534; x_wconf 89' lang='lat' dir='ltr'><strong>divum</strong></span> <span class='ocrx_word' id='word_1_300' title='bbox 156 3485 327 3555; x_wconf 88' lang='lat' dir='ltr'><strong>martyrem</strong></span> <span class='ocrx_word' id='word_1_301' title='bbox 346 3495 534 3556; x_wconf 86' lang='lat' dir='ltr'><strong>excusemus,</strong></span> <span class='ocrx_word' id='word_1_302' title='bbox 548 3478 627 3555; x_wconf 88' lang='lat' dir='ltr'><strong>quod</strong></span> <span class='ocrx_word' id='word_1_303' title='bbox 646 3480 707 3538; x_wconf 90' lang='lat' dir='ltr'><strong>suis</strong></span> <span class='ocrx_word' id='word_1_304' title='bbox 724 3479 886 3552; x_wconf 89' lang='lat' dir='ltr'><strong>inscriptis</strong></span> <span class='ocrx_word' id='word_1_305' title='bbox 903 3492 963 3534; x_wconf 91' lang='lat' dir='ltr'><strong>non</strong></span> <span class='ocrx_word' id='word_1_306' title='bbox 981 3473 1130 3550; x_wconf 84' lang='lat' dir='ltr'><strong>collegerit</strong></span> 
     </span>
     <span class='ocr_line' id='line_1_34' title="bbox 41 3565 1126 3650; baseline -0.001 -21"><span class='ocrx_word' id='word_1_307' title='bbox 41 3565 150 3649; x_wconf 80' lang='lat' dir='ltr'><strong>Scripta</strong></span> <span class='ocrx_word' id='word_1_308' title='bbox 170 3575 471 3635; x_wconf 76' lang='lat' dir='ltr'><strong>Deuterocanonrea.</strong></span> <span class='ocrx_word' id='word_1_309' title='bbox 493 3577 633 3650; x_wconf 85' lang='lat' dir='ltr'><strong>Quamvis</strong></span> <span class='ocrx_word' id='word_1_310' title='bbox 655 3582 752 3634; x_wconf 89' lang='lat' dir='ltr'><strong>autem</strong></span> <span class='ocrx_word' id='word_1_311' title='bbox 772 3575 820 3633; x_wconf 88' lang='lat' dir='ltr'><strong>hio</strong></span> <span class='ocrx_word' id='word_1_312' title='bbox 834 3590 893 3632; x_wconf 93' lang='lat' dir='ltr'><strong>non</strong></span> <span class='ocrx_word' id='word_1_313' title='bbox 912 3573 949 3631; x_wconf 90' lang='lat' dir='ltr'><strong>de</strong></span> <span class='ocrx_word' id='word_1_314' title='bbox 969 3571 1126 3648; x_wconf 84' lang='lat' dir='ltr'><strong>scripturis</strong></span> 
     </span>
    </p>
   </div>
   <div class='ocr_carea' id='block_1_8' title="bbox 34 3665 1129 4158">
    <p class='ocr_par' dir='ltr' id='par_1_11' title="bbox 34 3665 1129 4158">
     <span class='ocr_line' id='line_1_35' title="bbox 39 3665 1127 3750; baseline -0.002 -23"><span class='ocrx_word' id='word_1_315' title='bbox 39 3665 176 3732; x_wconf 64' lang='lat' dir='ltr'><strong>&amp;cundia</strong></span> <span class='ocrx_word' id='word_1_316' title='bbox 193 3680 304 3750; x_wconf 90' lang='lat' dir='ltr'><strong>arguat</strong></span> <span class='ocrx_word' id='word_1_317' title='bbox 317 3680 447 3750; x_wconf 91' lang='lat' dir='ltr'><strong>sanctus,</strong></span> <span class='ocrx_word' id='word_1_318' title='bbox 470 3673 521 3732; x_wconf 93' lang='lat' dir='ltr'><strong>sed</strong></span> <span class='ocrx_word' id='word_1_319' title='bbox 535 3681 650 3733; x_wconf 90' lang='lat' dir='ltr'><strong>tantum</strong></span> <span class='ocrx_word' id='word_1_320' title='bbox 670 3673 706 3733; x_wconf 88' lang='lat' dir='ltr'><strong>de</strong></span> <span class='ocrx_word' id='word_1_321' title='bbox 725 3675 775 3748; x_wconf 92' lang='lat' dir='ltr'><strong>iis,</strong></span> <span class='ocrx_word' id='word_1_322' title='bbox 796 3688 870 3748; x_wconf 89' lang='lat' dir='ltr'><strong>quae</strong></span> <span class='ocrx_word' id='word_1_323' title='bbox 890 3669 968 3746; x_wconf 90' lang='lat' dir='ltr'><strong>apud</strong></span> <span class='ocrx_word' id='word_1_324' title='bbox 985 3667 1127 3728; x_wconf 89' lang='lat' dir='ltr'><strong>hebraeos</strong></span> 
     </span>
     <span class='ocr_line' id='line_1_36' title="bbox 38 3766 1127 3854; baseline 0.001 -32"><span class='ocrx_word' id='word_1_325' title='bbox 38 3768 256 3847; x_wconf 87' lang='lat' dir='ltr'><strong>servabantur,</strong></span> <span class='ocrx_word' id='word_1_326' title='bbox 275 3778 304 3832; x_wconf 87' lang='lat' dir='ltr'><strong>et</strong></span> <span class='ocrx_word' id='word_1_327' title='bbox 319 3777 352 3830; x_wconf 87' lang='lat' dir='ltr'><strong>ut</strong></span> <span class='ocrx_word' id='word_1_328' title='bbox 372 3771 512 3831; x_wconf 89' lang='lat' dir='ltr'><strong>divinitus</strong></span> <span class='ocrx_word' id='word_1_329' title='bbox 528 3773 703 3848; x_wconf 88' lang='lat' dir='ltr'><strong>inspiratae,</strong></span> <span class='ocrx_word' id='word_1_330' title='bbox 722 3787 739 3829; x_wconf 91' lang='lat' dir='ltr'><strong>a</strong></span> <span class='ocrx_word' id='word_1_331' title='bbox 759 3768 865 3847; x_wconf 93' lang='lat' dir='ltr'><strong>quibus</strong></span> <span class='ocrx_word' id='word_1_332' title='bbox 885 3766 1127 3854; x_wconf 21' lang='lat' dir='ltr'><strong>nonnullaelsen·</strong></span> 
     </span>
     <span class='ocr_line' id='line_1_37' title="bbox 37 3845 1129 3948; baseline -0.001 -24"><span class='ocrx_word' id='word_1_333' title='bbox 37 3869 141 3930; x_wconf 76' lang='lat' dir='ltr'><strong>undae</strong></span> <span class='ocrx_word' id='word_1_334' title='bbox 164 3845 355 3931; x_wconf 64' lang='lat' dir='ltr'><strong>Salvat&#39;orem</strong></span> <span class='ocrx_word' id='word_1_335' title='bbox 373 3873 613 3948; x_wconf 88' lang='lat' dir='ltr'><strong>praenunciantcs</strong></span> <span class='ocrx_word' id='word_1_336' title='bbox 636 3871 757 3930; x_wconf 87' lang='lat' dir='ltr'><strong>abrasae</strong></span> <span class='ocrx_word' id='word_1_337' title='bbox 777 3869 913 3946; x_wconf 88' lang='lat' dir='ltr'><strong>fuerant,</strong></span> <span class='ocrx_word' id='word_1_338' title='bbox 934 3869 1021 3928; x_wconf 82' lang='lat' dir='ltr'><strong>sicuti</strong></span> <span class='ocrx_word' id='word_1_339' title='bbox 1042 3865 1129 3943; x_wconf 89' lang='lat' dir='ltr'><strong>paulo</strong></span> 
     </span>
     <span class='ocr_line' id='line_1_38' title="bbox 34 3963 1127 4046; baseline -0.006 -19"><span class='ocrx_word' id='word_1_340' title='bbox 34 3971 98 4038; x_wconf 81' lang='lat' dir='ltr'><strong>post</strong></span> <span class='ocrx_word' id='word_1_341' title='bbox 115 3967 281 4046; x_wconf 86' lang='lat' dir='ltr'><strong>Tryphoni</strong></span> <span class='ocrx_word' id='word_1_342' title='bbox 295 3970 395 4046; x_wconf 77' lang='lat' dir='ltr'><strong>oleoit</strong></span> <span class='ocrx_word' id='word_1_343' title='bbox 411 3969 561 4046; x_wconf 79' lang='lat' dir='ltr'><strong>lustinus3</strong></span> <span class='ocrx_word' id='word_1_344' title='bbox 582 3970 772 4028; x_wconf 87' lang='lat' dir='ltr'><strong>nihilominus</strong></span> <span class='ocrx_word' id='word_1_345' title='bbox 790 3967 897 4028; x_wconf 85' lang='lat' dir='ltr'><strong>fatetur</strong></span> <span class='ocrx_word' id='word_1_346' title='bbox 914 3973 1027 4044; x_wconf 89' lang='lat' dir='ltr'><strong>praeter</strong></span> <span class='ocrx_word' id='word_1_347' title='bbox 1045 3963 1127 4038; x_wconf 89' lang='lat' dir='ltr'><strong>illas,</strong></span> 
     </span>
     <span class='ocr_line' id='line_1_39' title="bbox 34 4059 1129 4158; baseline -0.005 -36"><span class='ocrx_word' id='word_1_348' title='bbox 34 4077 104 4134; x_wconf 91' lang='lat' dir='ltr'><strong>quas</strong></span> <span class='ocrx_word' id='word_1_349' title='bbox 122 4067 284 4142; x_wconf 86' lang='lat' dir='ltr'><strong>retulerit,</strong></span> <span class='ocrx_word' id='word_1_350' title='bbox 306 4066 446 4154; x_wconf 85' lang='lat' dir='ltr'><strong>plurimas</strong></span> <span class='ocrx_word' id='word_1_351' title='bbox 468 4083 531 4127; x_wconf 89' lang='lat' dir='ltr'><strong>csse</strong></span> <span class='ocrx_word' id='word_1_352' title='bbox 558 4066 636 4143; x_wconf 88' lang='lat' dir='ltr'><strong>apud</strong></span> <span class='ocrx_word' id='word_1_353' title='bbox 656 4065 830 4146; x_wconf 83' lang='lat' dir='ltr'><strong>christianos</strong></span> <span class='ocrx_word' id='word_1_354' title='bbox 853 4069 1001 4138; x_wconf 89' lang='lat' dir='ltr'><strong>servatas,</strong></span> <span class='ocrx_word' id='word_1_355' title='bbox 1023 4059 1129 4158; x_wconf 87' lang='lat' dir='ltr'><strong>quibus</strong></span> 
     </span>
    </p>
   </div>
   <div class='ocr_carea' id='block_1_9' title="bbox 59 4311 330 4376">
    <p class='ocr_par' dir='ltr' id='par_1_12' title="bbox 59 4311 330 4376">
     <span class='ocr_line' id='line_1_40' title="bbox 59 4311 330 4376; baseline 0.018 -17"><span class='ocrx_word' id='word_1_356' title='bbox 59 4311 93 4374; x_wconf 85' lang='lat' dir='ltr'><strong>tt)</strong></span> <span class='ocrx_word' id='word_1_357' title='bbox 114 4311 188 4363; x_wconf 82' lang='lat' dir='ltr'><strong>idem</strong></span> <span class='ocrx_word' id='word_1_358' title='bbox 202 4325 260 4376; x_wconf 74' lang='lat' dir='ltr'><strong>paq.</strong></span> <span class='ocrx_word' id='word_1_359' title='bbox 277 4319 330 4370; x_wconf 69' lang='lat'><strong>297.</strong></span> 
     </span>
    </p>
   </div>
   <div class='ocr_carea' id='block_1_10' title="bbox 0 0 1486 5174">
    <p class='ocr_par' dir='ltr' id='par_1_13' title="bbox 0 0 1486 5174">
     <span class='ocr_line' id='line_1_41' title="bbox 0 0 1486 5174; baseline 0 12"><span class='ocrx_word' id='word_1_360' title='bbox 0 0 1486 5174; x_wconf 95' lang='lat' dir='ltr'><strong> </strong></span> 
     </span>
    </p>
   </div>
  </div>
 </body>
</html>
