3094 5184
572 451 612 466 ..
634 428 670 482 45
692 449 732 468 .-

152 538 182 618 S.
205 541 258 602 IV.
281 537 393 616 ileapsc
413 537 514 599 sedulo
532 540 718 599 enucleantes
738 545 870 598 veterum
882 545 1003 615 patrum
1016 541 1144 615 scripta,
1165 545 1195 599 et

112 637 273 699 bibliorum
292 637 406 698 codices
424 637 602 713 nonnullos,
624 639 675 714 qul
695 636 791 697 adhuc
811 645 991 714 supersunt,
1024 639 1193 698 invenimus

4 739 5 742 ’
114 736 391 813 hujusmodiiuisse
410 735 624 812 scripturarum
643 743 774 796 veterum
794 736 953 814 Cononem,
979 736 1139 812 eodemque
1160 737 1194 794 li·

114 833 235 906 brorum
254 849 375 893 numero
395 835 536 894 censitum
556 833 664 909 ubique
683 834 763 894 orbis
787 834 939 894 christiani
960 850 978 892 a
998 834 1115 892 saeculo
1137 833 1192 892 Eo·

113 931 219 992 elesiue
238 931 366 991 secundo
386 930 421 1006 (si
439 933 577 1008 quopiam
597 937 744 990 momento
773 934 984 991 secreverimus
997 931 1081 990 illam
1094 932 1196 991 Hiero·

5 1087 6 1094 ,
114 1031 200 1107 nyml
221 1029 456 1104 distinctionem,
485 1045 575 1105 qnam
604 1031 680 1088 inter
709 1029 890 1106 hebraicas,
921 1037 950 1090 et
981 1031 1193 1090 ecclesiastices

114 1123 279 1202 Scripturas
298 1127 442 1202 apposuit,
462 1129 525 1186 sive
544 1127 621 1203 illes,
642 1143 716 1202 quas
737 1129 859 1186 removit
871 1143 889 1186 a
900 1126 1018 1186 Conone
1032 1125 1194 1204 hebraico).

114 1223 323 1301 Origenesille
342 1225 398 1283 erit
415 1225 567 1300 primum,
605 1227 653 1284 cui
672 1225 745 1284 haec
763 1233 865 1285 nostra
885 1225 1098 1286 demonstratio
1118 1227 1196 1284 inni·-

4 1349 6 1355 ’
114 1328 205 1381 tatur.
230 1321 339 1398 Nequis
360 1321 500 1400 refragari
525 1325 633 1398 poterit
655 1330 719 1383 tum
744 1339 834 1383 curae
854 1329 884 1383 et
906 1324 1116 1400 sollicitudini,
1139 1339 1198 1400 qua

4 1445 6 1453 ·
114 1425 248 1480 uenatus
270 1426 315 1480 est
335 1435 485 1482 sacrorum
505 1421 646 1480 librorum
668 1421 772 1481 doetus
791 1423 935 1497 interpres
956 1420 1118 1498 Origenes,
1132 1427 1197 1482 tum

8 1585 13 1598 ,ἵ
116 1517 269 1578 itineribus
281 1519 390 1595 uariis,
413 1533 448 1580 ac
469 1517 618 1580 laboribus
638 1535 712 1598 quos
729 1519 835 1579 obhoo
844 1525 890 1579 est
902 1535 1080 1596 aggressus,
1101 1524 1197 1596 neque

4 1595 13 1632 '⁵‘
116 1619 143 1678 ei
162 1620 310 1694 copiosam
330 1633 436 1694 negare
449 1615 642 1678 eruditionem
659 1633 696 1676 ex
714 1618 847 1676 omnium
863 1616 923 1676 iere
940 1616 1194 1692 scriptorum,‘qni

4 1721 9 1731 “
117 1718 149 1776 ln
168 1715 299 1776 Ecclesia
330 1721 398 1774 unte
426 1731 492 1776 eum
525 1715 711 1792 excoluere,
740 1715 863 1774 lectione
887 1715 1070 1791 acquisitam.
1102 1713 1198 1774 Potis-

4 1803 6 1840 '
118 1813 226 1874 simum
257 1829 327 1874 vero
352 1827 438 1873 suum
466 1827 539 1888 opus
563 1812 724 1890 impendit,
754 1818 788 1871 nt
807 1812 915 1872 iutetm
936 1827 991 1871 sua
1012 1811 1134 1888 epistola
1160 1810 1199 1870 ed

4 1888 18 1931 ⁵³
118 1909 309 1987 Africanum,
334 1913 366 1969 in
387 1911 522 1971 omnibus
543 1911 710 1970 divinorum
728 1909 871 1970 librorum
891 1910 1109 1986 perscrutandis
1132 1925 1198 1970 ver·

16 1996 19 2026 ⁵
118 2007 269 2085 sionibus,
302 2024 376 2084 quae
394 2025 429 2068 ea
447 2015 540 2068 aetate
559 2007 606 2066 vel
628 2015 715 2067 anua
728 2010 759 2066 ln
776 2009 904 2067 ecclesiis
922 2023 1103 2084 apparuere,
1125 2023 1195 2083 qua-

119 2123 184 2167 rum
206 2107 297 2166 ueluti
326 2108 473 2182 exemplar
500 2105 658 2183 praebuit,
690 2105 768 2181 quod
790 2107 902 2180 praeire
920 2105 1014 2164 voluit
1039 2111 1122 2164 textu
1150 2104 1199 2164 he·

119 2205 220 2264 brulco
246 2204 349 2264 litteris
371 2204 561 2264 hebraeorum
579 2208 715 2277 exarato,
736 2201 840 2262 deinde
856 2217 1026 2278 graecorum
1049 2201 1199 2262 elementis

120 2305 251 2379 scripto,
275 2303 324 2362 cui
345 2305 466 2362 accessit
486 2301 609 2379 Aquilae
642 2317 679 2361 ex
704 2300 828 2360 hebraeo
846 2301 962 2374 versio,
986 2297 1092 2358 dende
1112 2297 1198 2376 Sym·

120 2399 219 2460 machi
239 2406 339 2460 secute
369 2407 414 2460 est
438 2400 656 2476 interpretatio,
690 2403 790 2473 postea
820 2403 905 2456 vetus
931 2395 983 2456 ille
1009 2394 1198 2473 Septuaginta

119 2501 329 2574 interpretum,
350 2504 381 2558 et
400 2495 608 2556 unmdouonts
628 2496 734 2556 ultima
753 2494 833 2570 init,
856 2499 970 2570 praeter
998 2493 1071 2554 elias
1095 2497 1200 2570 jaina

119 2595 210 2673 longo
230 2601 360 2672 tempore
379 2593 547 2688 abstrusas,
571 2609 645 2669 quas
672 2591 876 2668 investigando
896 2592 971 2650 eruit
993 2597 1023 2650 et
1042 2590 1144 2650 eduxit
1165 2592 1198 2650 in

6 2677 10 2684 ¹*
120 2694 237 2770 lucem,
272 2700 303 2753 et
330 2707 455 2770 quarum
478 2692 618 2768 ignorans
645 2706 752 2750 nomen
772 2689 931 2766 appellavit
953 2687 1119 2763 (lutatam,
1152 2686 1201 2747 Se·

4 2827 5 2830 =
121 2795 227 2866 aloru,
249 2797 279 2850 et
291 2789 463 2868 Septimum.
486 2790 548 2849 llas
565 2832 574 2865 ,
594 2791 679 2848 uteit
695 2787 837 2847 Eusebius
853 2787 891 2862 (tl
912 2788 946 2845 in
958 2802 1050 2846 unum
1063 2785 1201 2846 uolumen

121 2905 224 2950 omnes
242 2889 399 2968 redigens,
427 2887 589 2949 columellis
608 2890 684 2946 inter
705 2902 737 2946 se
763 2886 922 2960 distinxit,
946 2891 977 2944 et
998 2884 1090 2944 altera
1116 2883 1201 2943 alteri

14 3004 19 3022 ·
122 3005 160 3050 ex
186 2987 310 3048 adraso
335 3004 396 3049 una
419 3001 486 3046 oum
513 2985 612 3046 codice
639 2983 830 3044 hebraeorum
858 2984 1003 3058 opposuit.
1033 2982 1078 3040 lta
1101 2995 1198 3040 mem·

4 3075 19 3091 ’“
122 3087 218 3163 plariu
240 3085 313 3162 illa,
339 3101 414 3162 quae
434 3085 525 3161 vulgo
545 3081 650 3148 iterna
670 3080 782 3158 coapta
801 3078 1050 3155 dicuntur,nobis
1070 3077 1197 3153 reliquit.

4 3183 19 3226 p
992 3177 998 3190 .

8 3235 13 3276 ²
121 3175 1198 3358 fftuxtriittitillitiittittttuti

4 3370 18 3426 p
121 3383 294 3439 contextum
320 3378 476 3453 sepermm
500 3375 631 3453 digessit.
657 3374 736 3448 llic,
765 3375 911 3448 inquam,
941 3385 975 3428 eo
1007 3368 1073 3428 utill
1101 3367 1199 3428 studio

9 3479 17 3501 ¹
122 3477 237 3552 primus
253 3476 356 3534 vocam
371 3479 485 3550 potest,
507 3475 575 3549 qui,
600 3487 616 3530 e
633 3465 772 3545 tenebris,
801 3468 906 3545 qulbus
925 3467 1075 3528 involutae
1089 3471 1198 3542 erunt,

122 3573 163 3634 ob
182 3572 316 3633 haereses
332 3572 391 3632 hue
412 3571 482 3634 illue
501 3576 692 3648 grassantes,
719 3567 868 3629 docuinue
889 3571 1006 3626 mucore
1032 3563 1196 3640 scriptura·

4 3683 7 3722 ;
122 3687 213 3747 rnru,
241 3673 364 3732 erexerit
393 3670 510 3730 illarum
540 3670 710 3743 sincerum,
738 3671 768 3725 et
788 3668 936 3742 integrum
961 3663 1135 3739 Cmonem,
1171 3667 1201 3721 et

121 3769 378 3847 praedecessorum
400 3782 520 3828 suorum
545 3768 681 3842 scriptis,
703 3765 782 3825 illius
810 3763 972 3823 iirmeverit
994 3761 1126 3822 divinam
1148 3777 1199 3820 an·

125 3975 254 4026 ommia
270 3971 428 4038 apocrypha,
447 3971 615 4022 verumtamen
635 3963 698 4020 hanc
712 3969 843 4020 dictionem
856 3970 941 4032 postea
962 3967 1074 4019 distinxit
1090 3969 1115 4018 et
1131 3967 1204 4031 erpti-

122 4055 211 4116 truit,
233 4053 368 4118 asperiter
387 4053 503 4104 mnumo
522 4052 582 4106 uitet
599 4051 651 4102 suis
675 4051 702 4102 iu
723 4050 792 4100 libris
805 4050 861 4103 illua
876 4050 1031 4112 Scripturas,
1056 4050 1084 4098 ut
1104 4047 1200 4102 diuinas

4 4151 12 4176 ³»
123 4149 227 4200 quoque
247 4135 371 4196 aestimat,
396 4135 421 4184 el
442 4132 568 4195 vlrrdioat,
590 4133 627 4182 uti
648 4132 706 4183 lecit
719 4133 801 4194 aperte
816 4130 937 4182 «beurene
959 4129 989 4180 de
1011 4129 1074 4178 libro
1092 4126 1200 4189 luculli,

4 4225 10 4242 ‘
125 4215 234 4278 Tobiae,
257 4215 288 4265 de
310 4213 478 4264 additionibus
497 4213 605 4262 Danielis
624 4213 648 4262 et
669 4211 763 4260 Esther.
788 4212 886 4259 Praeter
906 4209 972 4270 lros,
996 4206 1082 4268 nequis
1105 4206 1203 4268 patrum

4 4301 10 4332 ί
125 4293 204 4345 libros
225 4295 321 4346 nostros
343 4291 502 4358 opocrpplros
519 4291 625 4342 vocavit.
650 4289 770 4341 consulas
781 4301 844 4352 quae
856 4287 922 4339 diota
933 4288 991 4338 sunt
1001 4286 1027 4336 in
1038 4285 1117 4349 primu
1134 4284 1204 4348 perte

4 4385 6 4400 ·
130 4389 184 4441 pag.
211 4383 262 4428 ror.
286 4401 316 4414 -
338 4373 372 4437 (u
385 4373 446 4424 inst.
459 4372 525 4426 uoci.
540 4372 582 4423 riu.
596 4373 627 4421 11.
643 4384 664 4420 c.
681 4377 717 4422 rr.
