3070 5180
547 362 686 456 *xllx
706 429 746 439 -
863 440 866 446 ·

114 512 265 622 quibus
294 509 337 589 in
356 510 584 590 Catholicae
615 510 810 616 Ecclesiae
845 510 1037 618 regimine
1077 541 1186 621 urge·

112 667 201 746 tur,
232 646 478 756 potissimam
498 672 660 753 operam
688 642 896 752 impendit.

166 781 392 887 Hucusque
419 780 647 885 linguarum
666 780 849 888 peritiam
876 779 1039 876 utilem,
1065 797 1103 859 et
1121 807 1186 858 ne·

111 914 323 994 cessariam
350 911 622 1010 ostendimus,
654 927 776 1020 prout
798 911 995 992 Ecclesiae
1021 930 1181 1020 patres,

110 1047 351 1155 pontifices,
373 1064 412 1126 et
431 1046 599 1127 eoncilia
617 1046 668 1124 ab
691 1045 797 1124 illius
825 1045 941 1125 initio
963 1074 1090 1154 usque
1117 1043 1186 1124 ad·

112 1181 196 1258 huc
221 1166 471 1277 docuerunt,
495 1196 534 1258 et
551 1179 820 1288 perfecerunt.
843 1179 963 1257 Hisce
980 1207 1076 1258 vero
1093 1196 1186 1258 tem-

109 1313 284 1420 poribus
311 1313 502 1421 inquam,
538 1314 629 1420 quis
656 1312 825 1392 inficiari
861 1313 1011 1421 poterit
1047 1313 1091 1390 in
1122 1340 1186 1390 ec-

111 1446 341 1527 clesiasticis
371 1446 594 1555 disciplinis
625 1448 884 1526 necessariam
910 1473 992 1525 esse
1029 1463 1186 1554 praeter

113 1580 216 1680 alia,
246 1581 476 1687 linguarum
503 1581 697 1660 hebraeae
723 1599 762 1660 et
785 1607 949 1688 graecae
971 1581 1015 1658 in
1042 1579 1186 1660 divinis

113 1709 331 1820 Scripturis
349 1713 621 1822 explicandis,
647 1715 916 1822 cognitionem
931 1714 948 1792 P
961 1713 1027 1794 Ob
1048 1713 1187 1793 oculos

114 1847 298 1925 omnium
332 1848 592 1928 ecclesiastica
613 1875 675 1927 res
701 1865 784 1946 est,
814 1848 1044 1955 pariterque
1069 1848 1187 1926 nobis

114 1997 261 2059 notum
296 1998 380 2079 est,
413 1997 548 2059 utrum
584 1980 725 2079 inscii,
756 1981 915 2086 ignari,
951 1980 1011 2058 vel
1039 1979 1188 2060 debiles

117 2115 199 2194 sint
223 2115 302 2214 illi,
325 2115 397 2222 qui
414 2117 609 2214 haereses,
631 2131 669 2193 et
690 2112 1007 2193 incredulitatem
1025 2130 1188 2222 proten-

118 2247 224 2328 dunt
252 2249 327 2328 hac
350 2265 475 2329 aetate
493 2279 503 2347 ;
524 2268 563 2328 et
582 2250 743 2356 quantis
764 2248 944 2346 viribus,
966 2246 1127 2345 studiis,
1149 2265 1189 2328 et

119 2384 402 2462 conaminibus
428 2384 548 2464 variis
584 2383 923 2481 christianorum,
958 2401 997 2461 et
1024 2382 1189 2460 catholi-

120 2547 263 2598 corum
299 2535 458 2598 coetum
495 2519 705 2626 impellunt
738 2515 983 2614 adversarii,
1019 2532 1058 2594 et
1089 2543 1189 2622 quas

120 2653 204 2731 vias
235 2670 479 2760 percurrunt
500 2652 586 2751 ,ut
620 2653 803 2731 caelestes
834 2651 1016 2730 veritates
1046 2649 1190 2729 obscu-

122 2803 225 2866 rent.
259 2783 481 2866 Terrestres
500 2787 661 2894 abyssos
679 2801 912 2894 permeant,
941 2785 1118 2863 ethereas
1135 2811 1191 2862 re

122 2921 262 3028 giones
293 2920 539 3019 ascendunt,
569 2922 708 3000 orbem
733 2936 930 2998 terrarum
964 2916 1187 3016 invadunt,

123 3082 249 3134 novas
271 3055 315 3132 in
338 3072 462 3134 terras
480 3053 611 3134 aditus
635 3070 889 3152 scrutantur,
915 3053 997 3132 vita
1025 3079 1191 3159 quoque

123 3187 432 3296 periclitantur,
468 3205 514 3267 ut
532 3188 607 3268 sibi
628 3186 792 3296 aliquod
818 3215 868 3266 ex
893 3187 956 3266 his
982 3185 1192 3263 inventum

125 3323 291 3421 subeat,
322 3351 406 3431 quo
435 3351 464 3401 a
483 3323 560 3402 levi
589 3321 790 3429 Evangelii
815 3321 946 3427 juge,
976 3335 1055 3398 eta
1077 3316 1193 3396 Chri-

125 3458 172 3535 sti
202 3457 399 3536 Ecclesiae
426 3456 609 3536 doetrina
630 3453 826 3535 evadendi
852 3452 995 3560 aliquis
1020 3452 1194 3530 invenia-

126 3607 193 3668 tur
217 3608 474 3700 praetextus,
502 3608 541 3670 et
561 3607 718 3670 nostrae
743 3589 923 3667 veritates
943 3602 1124 3665 aeternae
1142 3611 1193 3662 ex

127 3725 337 3805 hominum
365 3723 485 3805 corde
510 3725 633 3805 facile
651 3721 949 3804 exscindantur.
983 3720 1193 3825 Etiamque

127 3859 304 3965 singulos
330 3888 414 3938 non
440 3858 534 3938 latet
560 3860 710 3967 quibus
737 3856 855 3937 armis
874 3855 938 3934 isti
964 3854 1045 3932 sint
1066 3879 1194 3959 expu-

129 3991 292 4102 gnandi.
308 3992 519 4101 Numquid
536 3992 774 4090 sacerdotes,
787 3986 1056 4071 ecclesiasticis
1076 3985 1196 4064 scien·

130 4128 219 4226 tiis,
260 4129 322 4206 vel
349 4125 518 4226 studiis,
548 4155 653 4236 quae
687 4155 826 4206 eorum
858 4120 1081 4204 conditioni
1116 4119 1195 4196 hoc

131 4262 287 4342 saeculo
327 4259 600 4359 addicuntur,
642 4288 785 4368 parum
818 4256 999 4336 instructi
1034 4265 1195 4359 possent
