3094 5176
555 349 752 407 ·-as-·-

125 462 285 524 hmoomm
300 461 496 540 genuimus,
515 469 545 522 at
559 445 675 524 haschti
686 462 832 524 Chronico
845 461 942 541 piatas
956 460 1083 526 Simonis
1090 469 1209 528 nomine

124 563 187 622 viri
217 568 400 624 censeantur.
427 562 566 622 Attamen
580 566 668 640 Juxta
691 563 822 640 exposita
848 561 945 622 ibide
968 561 1135 641 hujusmodi
1161 579 1208 626 se·

124 659 264 736 coitione,
285 659 403 720 vitietur
424 661 634 738 conjiciendum
653 660 819 737 Simonem,
840 663 891 738 qui
910 659 1020 722 dicihtu
1037 664 1206 741 mundas,

124 757 339 836 miscentem,
360 757 397 818 de
418 773 478 836 quo
493 759 536 819 alt
555 757 699 820 Eusohins
718 761 750 818 in
764 760 853 820 citato
874 757 1019 822 Chronico
1036 760 1092 822 suh
1105 759 1209 840 Oiym·

123 853 213 934 pioie
234 863 312 918 itta
339 855 546 918 «iudaeorum
565 857 699 934 pontifex
724 860 872 919 maximus
891 857 992 920 Shaun
1015 858 1108 920 Ouiae
1129 857 1208 922 illim

123 953 223 1014 ciam
242 953 388 1031 habetur,
412 953 468 1016 enh
490 970 549 1032 quo
570 954 656 1016 iesus
675 955 755 1017 iiiios
778 954 882 1018 sirach
907 956 1071 1034 sapientae
1096 957 1206 1022 tionum

123 1065 325 1128 componens,
345 1065 432 1128 quem
452 1059 561 1114 uocaui
574 1051 765 1132 Panerotem,
787 1057 876 1115 etiam
890 1053 1017 1116 Simonis
1037 1057 1070 1116 in
1085 1069 1121 1116 oo
1138 1055 1208 1118 tecit

126 1151 345 1210 mentionem„
370 1150 455 1224 Quod
472 1167 544 1212 veru
563 1151 721 1214 mnodum
735 1153 774 1213 ad
791 1153 1052 1230 hauc-opinionon
1073 1154 1205 1232 mmm,

124 1247 156 1306 id
176 1253 240 1324 eet,
258 1263 334 1324 quae
363 1247 483 1310 Fiuuius
503 1257 605 1310 annet
626 1252 658 1310 in
679 1249 755 1311 iihno
772 1267 834 1312 xm.
854 1251 1071 1329 Antiquitatum
1089 1252 1127 1313 tie
1143 1251 1205 1312 Au·

123 1345 223 1404 tiocho
249 1345 385 1423 Magno,
406 1348 457 1424 qui
478 1349 557 1407 cinca
586 1347 661 1408 iiiud
679 1349 783 1410 aetatu
802 1348 978 1426 judecatum
995 1352 1143 1427 regionam
1157 1365 1206 1410 oc·

125 1443 248 1518 cupaait
269 1461 280 1519 3
304 1443 376 1503 haec
401 1447 426 1504 si
449 1451 527 1504 recto
554 1445 703 1506 meditenis
725 1487 735 1523 ,
769 1449 885 1508 novenis
914 1447 1001 1509 vaide
1028 1446 1206 1508 conformati

125 1540 321 1602 Ecciesiastici
339 1541 438 1603 vachis
455 1543 487 1602 in
509 1542 636 1604 Simonis
658 1549 800 1608 encomio.
831 1546 869 1607 iit
889 1547 956 1608 ideo
975 1547 1027 1608 ilia
1048 1548 1107 1609 huc
1130 1545 1204 1608 mie·

124 1639 216 1700 reuda
230 1642 387 1717 existima,
413 1657 505 1719 quum
524 1642 649 1703 fumasse
667 1643 828 1721 quidquam
842 1647 1056 1722 pampicuitatis
1071 1646 1141 1716 huic
1157 1634 1204 1706 sa·

125 1753 193 1797 crae
212 1737 379 1816 scriptume
402 1741 570 1817 praebeant.
595 1741 656 1802 suh
677 1742 822 1804 Antiocho
842 1741 1205 1822 usquamusquam

125 1836 219 1896 muitn
242 1837 366 1898 aduerso
385 1855 486 1916 passus
507 1839 598 1900 inisse
618 1838 657 1899 oh
673 1841 783 1916 proelia
800 1844 875 1902 inter
893 1843 990 1919 ipsum
1007 1840 1203 1919 Antiochum,

125 1940 157 1996 et
182 1933 381 1996 Ptolomaeum
413 1936 626 2015 Aegyptiorum
650 1953 768 2016 regem3
797 1955 834 2000 ex
863 1953 922 2016 quo
942 1939 1054 2000 mann
1076 1945 1145 2018 est,
1171 1945 1206 2000 nt

121 2033 222 2110 judaei
242 2035 304 2111 iiii,
326 2039 377 2112 qui
395 2039 427 2096 in
446 2035 543 2096 medio
560 2053 661 2096 coium
675 2043 781 2115 munt,
801 2037 929 2115 undique
942 2038 1162 2116 affligerentur,
1175 2043 1206 2098 et

124 2131 204 2194 haud
223 2133 379 2194 dissimiies
403 2140 501 2195 esseut
519 2137 589 2195 navi
609 2139 641 2194 in
660 2141 830 2213 tempestate
849 2135 986 2196 fluctibus
1005 2138 1144 2213 utrinque
1156 2149 1205 2196 ve·

124 2235 232 2307 nanc,
253 2239 354 2308 utpute
366 2233 418 2308 qui
436 2233 469 2292 in
488 2233 585 2294 motiio
601 2231 757 2311 jecmant3
774 2231 847 2294 'mm
863 2233 1053 2296 etAnnooho
1071 2249 1119 2294 rao
1136 2249 1203 2311 puu-

17 2349 47 2382 μ
127 2343 211 2404 spero
227 2330 363 2391 coherem
379 2321 411 2391 et
427 2333 459 2390 in
479 2333 642 2392 cannones
657 2329 757 2408 pentes
774 2337 978 2408 metumtot,
995 2331 1105 2408 donoc,
1124 2334 1205 2392 victo

17 2441 18 2482 i
128 2427 313 2507 Menisco,
333 2429 495 2490 Antiochus
518 2440 615 2490 remm
631 2429 806 2508 jadaeorum
820 2431 929 2508 potitus
948 2435 1003 2490 eat·
1024 2427 1111 2490 Hand
1123 2431 1205 2508 igno·

127 2543 199 2588 rans
216 2534 288 2588 tunc
306 2530 445 2605 temporis
467 2528 630 2589 Antiochus
652 2529 800 2606 Magnas,
827 2541 917 2604 qunn
940 2526 1088 2604 pmccine
1113 2526 1152 2586 de
1172 2539 1205 2586 ae

126 2625 190 2699 ipso
212 2627 310 2685 meriti
331 2623 441 2686 iueaim
457 2623 577 2702 Jnuuei,
596 2639 697 2686 annum
714 2625 845 2686 studium
859 2639 930 2703 euge
946 2639 978 2686 ea
996 2629 1025 2684 ot
1044 2623 1203 2684 iiberalita-

124 2726 436 2783 iutemromuuemtns
466 2722 882 2784 csththocusteuhitmns
912 2723 1016 2784 iittunh
1041 2721 1081 2787 aui
1106 2721 1204 2782 Ptoio-

125 2831 259 2896 maoum,
280 2819 331 2880 uhi
349 2824 407 2882 eit:
435 2822 566 2884 «Visam
588 2826 633 2882 est
653 2820 738 2881 nohis
756 2835 806 2882 eoo
825 2835 879 2898 peu
898 2819 1205 2899 nicromanticum

17 2937 18 2976 i
123 2932 228 2978 conum
251 2918 369 2996 urhun,
391 2917 528 2996 mnibus,
547 2920 710 2997 quinnient
727 2917 1205 2997 homnimeueciucre‚atauun

125 3013 349 3094 tabescentem,
369 3015 499 3078 ammana
520 3017 823 3094 atthequenmm,
845 3019 1135 3093 cenomannum,
1153 3017 1205 3094 qui

125 3121 195 3174 snut
215 3115 377 3192 dispersio
410 3114 454 3176 Ac
475 3114 527 3176 uhi
545 3115 623 3175 dixit
641 3115 678 3174 de
700 3115 860 3192 pecudihua
880 3123 909 3175 et
927 3117 1037 3192 unciis,
1060 3124 1138 3192 qiua
1161 3113 1204 3174 uie

128 3212 293 3288 pmehenoa
316 3219 419 3291 erant,
439 3213 542 3273 addita
568 3213 693 3290 «Atque
711 3214 754 3274 oio
776 3213 848 3272 haec
865 3213 941 3274 sciui
959 3213 1047 3288 voit,
1067 3211 1205 3289 quem

126 3309 246 3371 modum
266 3313 428 3390 imperavi,
449 3313 608 3390 templique
630 3312 871 3390 massamuti,
891 3317 920 3372 ei
940 3312 1091 3388 peticio,
1113 3316 1145 3376 ot
1163 3312 1204 3370 ni·

123 3409 196 3484 quid
213 3411 315 3488 aiiaei,
340 3410 553 3472 aedificandum
570 3417 636 3472 est.
651 3411 828 3474 ...Vivant
845 3423 946 3471 omnes
963 3423 1001 3469 ex
1021 3409 1135 3487 iegibus
1154 3423 1205 3485 put

124 3509 210 3586 tuiis,
242 3512 381 3570 immunis
402 3513 442 3570 ait
464 3517 601 3588 senatus,
630 3518 660 3573 et
681 3509 864 3585 superantes,
894 3515 924 3570 et
947 3507 1203 3585 neminemne,

123 3612 155 3666 ei
175 3609 251 3667 secui
270 3613 404 3670 cantores
424 3609 572 3670 ouihutis
589 3617 673 3672 etc.»
694 3609 794 3687 hinec,
819 3611 935 3670 sirecte
951 3605 1204 3684 expunctum·

126 3712 234 3783 gruunt
253 3705 351 3767 verbis
372 3707 567 3769 Eccimiastici
579 3708 617 3770 tie
635 3707 772 3772 maone:
797 3707 881 3783 «Qui
899 3709 935 3766 in
952 3707 1015 3768 vite
1027 3719 1082 3767 etta
1094 3706 1205 3766 inona-

123 3807 203 3866 uavit
222 3807 342 3867 domum
364 3813 395 3868 et
417 3810 450 3867 in
471 3807 575 3870 diebus
596 3811 657 3870 suis
680 3807 881 3870 coeminentia
908 3806 1069 3883 templum,
1095 3812 1126 3866 et
1148 3803 1205 3866 suit

124 3907 189 3982 ipso
206 3905 328 3967 mntem
346 3911 391 3966 est
404 3906 528 3968 aititudo
547 3906 676 3984 haphe,
696 3909 845 3968 munimen
863 3906 973 3968 uatem
991 3903 1118 3966 manus
1131 3912 1204 3964 tom·

124 4005 178 4080 pii.
192 4029 205 4057 ι
231 4005 270 4065 iit
285 4016 456 4082 progressos
473 4004 545 4066 inde
563 4003 667 4066 Simoh
685 4013 787 4067 narrat
811 4005 937 4066 Simonis
953 4005 1048 4065 seium
1065 4017 1119 4079 pm
1141 4002 1205 4079 iege

125 4103 199 4181 Dei,
220 4107 271 4181 qui
290 4119 392 4164 cunam
413 4104 520 4181 populu
538 4121 593 4164 suo
613 4107 744 4183 gestitet
762 4103 952 4181 apenditione
966 4103 1101 4164 iibetavit
1113 4115 1201 4176 eum3

125 4205 176 4278 qui
197 4203 273 4262 inxit
292 4205 376 4280 quasi
397 4202 440 4262 soi
459 4205 488 4260 in
508 4203 618 4280 tcmpio
637 4201 711 4281 liei,
732 4205 783 4280 qui
804 4216 903 4262 comm
919 4201 1027 4279 popnio
1040 4199 1205 4260 ohtniitsa·

126 4299 256 4378 criticis,
277 4317 345 4362 cnm
367 4303 445 4362 cinca
467 4317 534 4364 eum
556 4307 653 4362 essent
678 4301 841 4363 sacerdotes
863 4308 893 4362 et
914 4300 967 4360 iiiii
999 4299 1098 4360 Anuu
1126 4297 1204 4358 tutis
