3070 5180
546 427 586 442 ⁴¹¹·
606 415 670 460 xm
690 429 731 442 *⁵

96 506 209 592 etiam
254 511 303 590 in
334 511 493 591 eosdem
532 542 664 594 sacros
700 515 823 594 libros
861 523 1174 621 commentaria,

96 671 197 752 quae
228 672 354 753 saepe
376 646 571 726 hebraicis
596 648 762 726 vocibus
790 647 958 729 adaucta
985 672 1104 752 sunt,
1127 673 1177 734 'ut

95 778 306 886 quidquid
338 779 591 860 obscuritatis
615 781 1003 891 Septuaginta-virali
1031 789 1177 866 versio-

95 913 132 989 ni
160 911 323 1010 inerat,
361 913 607 1014 emendaret,
631 918 693 996 vel
721 918 949 1025 explicaret.
981 922 1177 1002 Eusebius

95 1047 173 1152 ipse
208 1065 360 1126 contra
394 1047 559 1156 gentiles
597 1077 671 1128 suo
717 1051 758 1128 in
793 1051 897 1130 libro
930 1050 1086 1132 decimo
1126 1055 1177 1134 de

94 1178 409 1286 Praeparatione
422 1183 659 1290 Evangelica
682 1211 798 1292 saepe
820 1186 977 1292 saepius
990 1186 1177 1266 hebraeo-

97 1338 182 1389 rum
197 1313 342 1393 -verba
365 1315 564 1422 explicat,
590 1333 630 1395 et
650 1343 725 1424 pro
749 1318 911 1396 veritate
938 1320 1176 1399 christianae

98 1442 308 1526 doctrinae
327 1449 404 1527 hac
418 1477 585 1557 quoque
602 1451 741 1557 lingua
757 1468 923 1560 pugnat.
947 1454 1072 1532 Paulo
1085 1470 1177 1561 post

98 1576 199 1656 idem
221 1581 425 1662 Eusebius
449 1583 687 1662 Antiochiae
712 1585 767 1664 ait
791 1584 921 1662 virum
943 1613 1037 1664 sane
1059 1584 1177 1665 discr-

100 1727 180 1791 tum
215 1717 478 1823 cognovisse,
506 1717 669 1796 nomine
688 1719 963 1797 Dorotheum:
983 1751 1011 1792 n»
1030 1720 1107 1798 Hic
1132 1721 1175 1798 in

102 1847 216 1951 sacris
249 1849 394 1928 litteris
422 1849 620 1957 exquisite
651 1850 834 1930 eruditus
865 1851 941 1931 fuit
966 1883 976 1950 ;
1015 1854 1176 1960 linguae

101 1977 311 2062 hebraicae
348 1981 558 2092 diligenter
592 1987 751 2064 navavit
784 2013 947 2093 operam
990 1985 1091 2066 adeo
1130 2003 1176 2065 ut

101 2109 325 2223 Scripturas
350 2117 556 2197 hebraicas
583 2119 752 2196 scienter
780 2135 912 2225 posset
939 2119 1170 2228 intelligere.

104 2245 218 2326 lstum
242 2279 321 2330 nos
343 2248 568 2359 Scripturas
601 2252 644 2328 in
667 2251 829 2330 ecclesia
851 2278 935 2330 non
956 2251 1176 2332 incommo-

106 2377 148 2458 de
169 2384 441 2490 explicantem
467 2373 737 2462 audivimus.»
755 2385 814 2462 De
834 2385 1013 2464 Luciano
1034 2404 1176 2493 marty·

107 2539 142 2589 re
163 2517 216 2593 ait
239 2519 402 2598 Nicetes
425 2518 676 2625 metropolita
698 2517 951 2597 heracliensis
974 2518 1016 2596 in
1038 2545 1177 2626 prooe-

107 2647 177 2725 mio
199 2652 382 2730 Psalterii
402 2714 410 2750 ,
432 2651 546 2730 illum
568 2653 610 2730 in
634 2651 832 2731 hebraicis
855 2650 1071 2760 Scripturis
1087 2681 1175 2732 ver-

108 2797 225 2861 satum
256 2811 354 2864 esse.
388 2786 514 2866 Divus
544 2787 792 2894 Ephraemus
820 2813 1006 2892 syrorum
1038 2786 1175 2894 lingua

109 2916 382 3018 peritissimus,
413 2937 451 2998 et
478 2949 733 3029 graecorum,
764 2949 836 2999 sua
863 2920 1042 3018 scholia,
1070 2947 1176 3026 quae

110 3047 271 3159 simplici
294 3081 435 3132 eorum
452 3054 624 3133 versioni
644 3054 838 3151 inseruit,
864 3055 907 3131 in
925 3053 1066 3132 veteris
1078 3051 1176 3132 Scri·

111 3199 241 3286 pturae
277 3189 373 3267 locis
400 3187 630 3267 difficilibus
661 3185 990 3294 interpretandis,
1028 3184 1176 3264 codicis

113 3306 278 3392 hebraici
296 3312 427 3394 verbis
442 3340 564 3420 quam
577 3314 799 3420 saepissime
823 3310 1043 3391 contexuit.
1062 3311 1177 3411 Quis·

114 3445 193 3546 quis
214 3447 322 3528 illius
350 3448 496 3555 scripta
520 3447 672 3554 syriaca
698 3444 931 3554 perlegerit,
962 3445 1040 3524 hoc
1069 3444 1173 3524 hene

115 3581 271 3658 noverit.
300 3579 475 3659 Hilarius
499 3579 749 3688 pictaviensis
778 3577 1049 3685 episcopusin
1075 3574 1176 3654 divi-

117 3707 167 3786 nis
192 3712 454 3822 explanandis
481 3712 696 3822 Scripturis
723 3774 732 3808 ,
771 3729 810 3792 et
837 3727 977 3790 contra
1017 3711 1175 3790 arianos

119 3849 271 3927 maxime
292 3848 478 3927 catholici
497 3846 693 3955 dogmatis
710 3842 933 3924 sustinendi
953 3870 1071 3922 causa
1088 3871 1177 3951 pro·

120 3971 226 4060 lessus
253 4001 311 4061 est
337 4009 419 4061 sese
443 3979 598 4060 codices
620 4007 806 4087 graecos,
837 3995 876 4058 et
902 3977 1046 4056 latinos
1075 3974 1176 4054 divi·

121 4135 250 4194 norum
266 4117 486 4196 Bibliorum
503 4114 716 4194 contulisse
731 4111 782 4192 ad
800 4113 997 4220 potiorem
1015 4109 1173 4186 illorum

123 4239 432 4356 intelligentiam,
473 4266 517 4334 ut
554 4227 579 4326 ¹c
613 4247 694 4326 suis
726 4245 881 4352 scriptis
916 4244 1105 4336 eruitur3
1136 4253 1176 4318 et
