3094 5184
840 387 1001 440 ...94-

379 503 496 565 eosdem
518 514 621 577 nempe
646 512 750 576 graeca
774 495 875 575 lingua
895 513 914 556 a
932 497 1007 557 viris
1029 496 1177 572 inspiratis
1195 495 1279 557 inisse
1296 509 1411 564 eruam.

380 603 459 664 Deus
480 603 558 662 enlm
575 597 757 660 rdunmtem
778 611 862 656 suam
881 593 1049 656 hominibus
1069 593 1252 672 manlicstat,
1275 601 1348 675 amne
1363 601 1416 662 rom

381 700 567 778 manifestat,
590 706 623 760 ut
644 697 830 776 intelligent3
851 713 888 757 en
908 696 965 756 hoc
987 697 1068 756 enim
1084 694 1138 772 iit,
1162 696 1246 756 sicuti
1266 699 1418 763 circumter.

378 804 458 879 tiae,
485 805 517 860 et
543 813 618 877 opus
642 803 672 858 et
696 803 812 872 tempus
836 794 1080 873 expostulabant,
1110 801 1144 856 ut
1170 809 1269 872 graece
1294 797 1420 862 sebam

379 897 521 977 praedicti
540 895 629 958 ambo
650 901 801 972 auctores,
822 909 858 954 ea
876 899 971 954 aetate
992 895 1087 954 vitem
1107 893 1263 971 degentes,
1286 909 1337 971 qna
1358 912 1420 973 grae

378 1013 481 1059 corum
506 996 656 1075 eloqrrinm
679 994 834 1072 uulgatum
859 998 933 1052 erat.
955 992 992 1052 lit
1014 994 1041 1051 si
1062 997 1131 1052 aute
1151 990 1256 1052 Christi
1276 991 1421 1074 maenum,

379 1101 413 1157 ut
424 1100 509 1174 ajunt
520 1095 653 1156 clemens
667 1089 874 1154 menandrlnus
887 1097 916 1152 et
932 1089 1157 1169 Chrysostnmus
1166 1134 1176 1168 ,
1186 1089 1359 1152 hebraeorum
1365 1091 1422 1154 aa·

378 1202 482 1272 ptume
500 1195 532 1253 in
561 1207 698 1272 graecum
723 1191 950 1252 transferrentur
970 1192 1086 1251 curavit
1106 1191 1201 1268 gratia
1222 1188 1317 1250 divine
1332 1191 1359 1250 in
1373 1208 1423 1269 gen·

376 1294 472 1370 tium,
494 1305 529 1352 ac
544 1291 719 1368 judaeorum
733 1288 989 1367 commoditatem,
1007 1289 1058 1366 qni
1074 1304 1134 1348 non
1152 1289 1275 1365 amplius
1287 1288 1422 1350 hebraicam
1493 1356 1494 1384 ¹

379 1389 512 1469 lingnam
532 1388 671 1450 meabant
677 1427 688 1463 ,
711 1389 814 1464 aperi
836 1386 895 1447 dici
915 1391 1030 1464 potest,
1055 1391 1086 1446 et
1107 1388 1214 1464 potiori
1237 1385 1345 1464 quidem
1359 1390 1424 1465 jare,
1493 1397 1494 1448 f

377 1489 471 1549 dalis
487 1487 571 1549 libris
585 1488 638 1547 illo
655 1501 728 1547 aevo
745 1486 851 1563 aditis,
870 1501 960 1564 quum
982 1484 1157 1562 pedetentim
1181 1483 1334 1545 tabesceret
1344 1486 1422 1563 lingna

378 1586 535 1663 hebraica,
557 1599 592 1645 ae
613 1586 707 1663 magis
726 1583 917 1644 mvalescerat
934 1599 1057 1662 graeca,
1070 1589 1167 1644 totum
1181 1583 1336 1661 pervadens
1348 1583 1425 1644 omm-

377 1689 448 1746 tem.
464 1685 529 1746 llac
541 1683 578 1746 de
590 1699 692 1762 causa,
705 1685 807 1745 divine
820 1682 1020 1761 providentia,
1038 1697 1115 1760 qnae
1133 1684 1234 1742 omnia
1248 1683 1279 1742 in
1294 1684 1337 1744 sul
1349 1685 1424 1760 populi
1493 1737 1494 1742 ,

379 1782 536 1844 utilitatem
557 1782 732 1859 ordinabat,
753 1782 842 1860 iecit,
862 1787 897 1842 nt
914 1780 1027 1842 scribae
1045 1787 1075 1841 ct
1093 1779 1228 1842 docteres
1246 1780 1323 1841 illam
1341 1797 1426 1858 rempa

379 1880 486 1942 blicam
509 1888 661 1960 gerentes,
675 1882 872 1942 msdtntlonas
894 1879 1089 1942 describerent
1108 1880 1258 1958 calingae
1271 1879 1426 1957 eidemmta,

378 1982 467 2040 aetati
490 1982 627 2058 propria,
648 1986 678 2040 ct
696 1979 786 2058 locis,
807 1980 838 2039 in
859 1978 965 2057 quihus
986 1979 1130 2058 degebat;
1150 1979 1237 2040 allier
1253 1977 1355 2040 h'nsua
1370 1978 1427 2039 bens

379 2077 495 2139 iocutns
516 2078 630 2138 ibimet
651 2077 769 2138 iliadem
793 2077 955 2139 renonibus
977 2077 1009 2138 ld
1033 2082 1157 2156 egerurm
1178 2076 1311 2154 Apostoli
1332 2076 1428 2155 demis,

379 2193 416 2238 ac
436 2176 573 2254 discipuli
591 2175 752 2238 Salvatmh
772 2181 855 2254 gesta
871 2177 981 2254 scripto
999 2177 1173 2237 mandentes
1188 2175 1292 2254 lingna
1306 2181 1369 2236 tnnc
1379 2191 1428 2254 gen

377 2275 457 2337 tibus
476 2276 609 2355 vulgata.
628 2274 696 2336 iam
714 2275 871 2353 probatum
888 2281 933 2335 est
952 2281 1063 2353 antea,
1082 2274 1134 2336 ubi
1147 2275 1180 2334 in
1195 2273 1340 2334 Orientem
1359 2274 1429 2350 erupit

378 2374 545 2436 Alexander
572 2374 724 2454 Magnus,
752 2391 787 2435 cc
815 2389 908 2452 nsque
936 2373 1085 2452 eloquium
1112 2375 1317 2452 graecanicam
1342 2387 1429 2450 quoqm
1494 2451 1495 2456 ἵ

378 2473 566 2550 pervenisse,
591 2477 680 2550 atone
703 2470 742 2532 ab
767 2471 826 2532 illis
851 2470 985 2548 gentllms
1007 2471 1157 2532 excultam
1183 2473 1251 2548 ita,
1276 2476 1310 2532 nt
1328 2470 1429 2548 vulgaris
1494 2459 1495 2462 ’

377 2587 472 2632 sermo
484 2571 576 2632 lieret
598 2571 720 2632 Minime
738 2587 808 2648 ergo
829 2573 885 2631 erit
899 2571 1077 2650 mirandam,
1098 2573 1125 2630 si
1141 2571 1198 2632 hae
1211 2569 1388 2648 Scripturas,
1404 2569 1429 2628 li·

376 2667 430 2730 ber
455 2669 566 2730 scilicet
593 2667 758 2731 &omnam
781 2668 936 2746 Sapientia
961 2675 1178 2746 nuncupatus,
1209 2677 1298 2747 atque
1331 2684 1365 2730 ιι.
1386 2667 1431 2727 Μι-

376 2766 573 2828 chabacorom
592 2766 631 2844 (si
654 2769 697 2828 ita
715 2767 804 2845 uelis)
825 2767 926 2846 lingna
948 2783 1054 2845 graeca
1069 2765 1178 2828 fuerint
1197 2774 1346 2844 armatam
1363 2781 1432 2826 saco
1495 2743 1496 2890 l

377 2875 444 2924 rnrn
460 2879 588 2943 namque
605 2871 758 2926 aemorum
776 2872 857 2926 aetas
874 2865 1068 2943 congruebat,
1079 2867 1150 2943 qaia
1160 2869 1236 2926 tnnc
1249 2867 1377 2943 vulgatus
1388 2868 1433 2923 erat

375 2977 548 3040 graecorum
565 2977 661 3024 sermo
676 2965 754 3024 inter
769 2979 871 3024 omncs
896 2962 1038 3024 hebraeos
1054 2963 1247 3042 Aegyptum,
1266 2963 1431 3024 Palaestinen

377 3059 508 3138 aliasque
527 3063 661 3139 regiones
680 3062 849 3122 incolentes.
872 3061 910 3123 lta
929 3061 1001 3139 qnid
1020 3077 1075 3122 nos
1094 3061 1219 3138 impedit
1240 3061 1298 3140 (de
1315 3060 1433 3139 Sapientia

375 3158 538 3221 Salomonis
557 3165 627 3239 ajo,
647 3161 719 3222 dum
740 3161 855 3222 nullum
882 3159 920 3221 de
947 3160 1038 3222 altero
1061 3163 1155 3222 oritur
1181 3161 1321 3238 dubium)
1344 3159 1432 3238 quomi-

374 3273 431 3319 nus
452 3259 582 3337 ejusdem
602 3264 751 3321 auctorem
771 3259 982 3321 manderemus
1005 3259 1044 3320 ad
1065 3259 1231 3321 biscentnrm
1252 3275 1387 3321 annornm
1404 3271 1434 3316 aa

375 3371 471 3435 vum,
496 3357 544 3418 vel
568 3359 658 3418 eham
682 3360 801 3436 ninus,
826 3360 853 3418 si
878 3357 1026 3434 velimus,
1051 3363 1119 3419 ante
1143 3357 1255 3419 Christi
1280 3353 1433 3418 adventani

374 3453 455 3515 Nihil
483 3455 604 3536 obstat,
635 3459 722 3518 monti
749 3455 915 3534 constabit,
943 3471 1013 3517 cum
1038 3455 1075 3516 de
1102 3455 1161 3516 hoc
1188 3455 1269 3516 libro
1291 3453 1434 3532 singillatim

376 3568 525 3632 peregero.

421 3651 502 3712 Sacri
521 3653 711 3716 nihilominus
736 3654 854 3715 hebraei
876 3655 1004 3714 auctoris
1029 3669 1152 3714 manum
1180 3651 1340 3732 aliqnando
1360 3647 1436 3710 lnhii

374 3748 488 3810 duobns
507 3752 589 3813 libris
612 3755 753 3831 inspicere
773 3753 820 3814 ias
846 3759 910 3830 est3
938 3759 969 3813 et
991 3755 1128 3830 quamvls
1152 3752 1202 3813 hic
1221 3769 1283 3813 non
1304 3749 1436 3828 appareant

373 3847 493 3907 omnino
521 3847 636 3924 phrasis
670 3851 823 3912 hebraicae
854 3851 1054 3929 simplicitas,
1085 3851 1261 3929 eaedemque
1297 3851 1435 3920 dictiones,

372 3951 459 4020 prout
473 3948 505 4005 in
519 3949 585 4009 allis
593 3949 725 4012 Deuteris
742 3951 923 4028 accepimns,
938 3949 1091 4011 launoium
1104 3953 1178 4029 erit,
1193 3950 1336 4010 nonnulla
1351 3957 1434 4026 graece

372 4043 533 4123 vocabule,
554 4046 710 4109 hincinde
730 4052 762 4109 in
781 4048 827 4108 his
847 4047 1006 4126 scripturis
1025 4051 1172 4128 inveniri,
1193 4065 1231 4108 ex
1252 4047 1357 4126 quibus
1375 4045 1437 4104 clam

372 4139 546 4205 discernitur
571 4151 672 4207 unctor
695 4145 862 4222 hebraeus,
891 4153 921 4207 et
946 4145 1063 4224 gentiiis
1089 4148 1221 4208 amarum
1244 4148 1359 4223 panium
1383 4153 1436 4199 cvi·

372 4241 474 4300 nescit.
498 4257 546 4301 en.
569 4259 622 4319 g.:
641 4243 804 4304 «indicare
819 4243 987 4322 judiciam,
1008 4244 1108 4304 lumen
1128 4245 1283 4322 justitiae3
1299 4242 1336 4303 ab
1351 4238 1436 4307 initio;

377 4337 512 4410 probavit
528 4341 558 4400 ln
577 4340 711 4418 fornace,
734 4359 885 4420 aspergere
901 4350 989 4420 caput
1005 4349 1103 4421 tarra3
1130 4349 1228 4404 sancte
1241 4343 1331 4403 totins
1353 4335 1438 4397 santii·
