2964 5174
796 419 836 430 ..
856 395 894 447 54
917 421 956 430 .-

458 503 588 580 Spreuit,
604 509 635 562 et
650 504 775 561 incestos
790 505 967 579 compescuit
983 519 1052 562 ense
1070 503 1182 562 furores

456 601 613 660 Famosum
632 599 736 672 mulier
751 599 866 660 ieiunus
884 617 921 660 ex
936 601 1018 660 hoste
1034 600 1206 677 trophaeum

457 698 523 758 Nou
540 696 703 773 trepidante
719 713 828 774 manu,
850 698 959 757 vindex
974 713 1055 773 mea,
1076 698 1198 757 coelitus
1210 697 1319 757 audax.
1339 723 1353 748 »

377 894 412 952 Iu
428 893 539 971 hymno
555 899 661 969 quarto
679 893 716 952 de
731 893 851 954 Daniele
868 895 899 951 in
920 893 1016 953 medio
1030 894 1163 970 leonum,
1177 900 1207 953 et
1228 894 1264 953 de
1280 894 1426 954 habacue

339 991 382 1050 iili
402 991 558 1067 prandium
582 990 708 1067 ferente,
732 993 826 1051 cauit:

421 1087 577 1147 «Adstent
596 1090 729 1148 eominus
748 1094 778 1148 et
791 1088 880 1165 jubas
901 1095 1045 1164 reponunt
1062 1088 1188 1166 (leones)

457 1187 636 1246 Mausuoscit
655 1187 766 1263 rabies,
784 1187 933 1263 famesque
948 1186 1058 1246 blanda

457 1275 600 1344 Praedam
617 1284 738 1344 rictibus
755 1285 848 1343 ambit
863 1287 1033 1344 incruentis.

459 1381 516 1441 Sed
533 1399 600 1442 cum
622 1383 752 1442 tenderet
767 1383 805 1460 ad
824 1399 949 1459 superna
969 1385 1099 1459 palmas,

456 1481 674 1556 Expertumque
694 1481 751 1540 sibi
770 1479 863 1540 Deum
884 1488 1001 1558 rogaret

458 1577 581 1638 Clausus
597 1580 723 1655 jugiter,
745 1579 936 1656 indigensque
955 1581 1051 1656 victu3

457 1675 562 1734 Iussus
581 1677 702 1735 nuntius
723 1676 861 1736 advolare
881 1679 987 1754 terris,

455 1774 512 1846 Qui
531 1780 646 1848 pastum
667 1773 778 1834 iemulo
797 1775 881 1842 daret
899 1774 1033 1850 probato.

456 1871 576 1945 Raptim
595 1871 722 1948 desiliit,
742 1873 918 1949 obsequente
934 1872 1055 1932 mundo.

455 1967 554 2026 Cernit
578 1969 653 2028 forte
676 1971 777 2046 procul
802 1971 892 2046 dapes
915 1973 1076 2047 inemptos,
1187 2013 1192 2024 .

455 2065 535 2138 Quas
552 2066 728 2127 messoribus
748 2067 887 2127 Hubaouc
906 2067 1051 2144 Propheta

456 2162 573 2239 Agresti
591 2164 685 2224 bouus
706 2165 861 2224 exhibebat
882 2172 954 2243 arte,

458 2261 553 2338 liujus
569 2266 697 2322 caesarie
716 2281 807 2324 mauu
827 2264 970 2340 prehensa

457 2359 570 2437 Plebis,
592 2364 668 2421 sicut
687 2369 764 2438 erat,
787 2378 906 2438 gravem
927 2363 1061 2421 canistris

459 2456 637 2532 Suspensum
655 2463 747 2535 repit,
769 2468 798 2518 et
817 2459 899 2519 vehit
918 2475 969 2535 per
989 2475 1086 2519 auras.
1106 2483 1119 2509 ι»

377 2553 405 2627 S.
428 2553 521 2614 XVII.
544 2557 631 2616 Initio
642 2559 750 2617 saeculi
761 2561 856 2634 quinti
867 2601 875 2634 ,
888 2561 1039 2634 episcopus
1056 2557 1230 2616 taurinensis
1243 2553 1346 2612 floruit
1359 2569 1421 2612 san

255 2675 259 2680 ·
340 2657 405 2710 otus
420 2651 578 2712 Maximus.
605 2655 671 2714 Suis
691 2657 723 2714 in
743 2656 942 2731 sermonibus,
964 2655 1000 2713 de
1017 2655 1086 2714 Jesu
1107 2653 1184 2729 apud
1202 2652 1330 2711 Pilatum
1350 2650 1422 2709 falso

339 2757 476 2809 accusem
490 2751 650 2828 disserens,
667 2754 844 2812 coluumiom
866 2756 954 2812 istam
971 2754 1119 2811 innocenti
1136 2751 1286 2821 Smanuae
1304 2764 1420 2823 eompa-

340 2853 402 2921 rat3
425 2863 460 2906 ac
475 2848 543 2907 iude
561 2850 647 2924 plura
664 2854 829 2909 testimonie
856 2867 893 2910 ex
914 2853 999 2909 istius
1017 2851 1147 2910 mulieris
1166 2849 1288 2908 historia
1307 2847 1419 2922 repetit.

339 2943 373 3024 Iu
388 2943 445 3003 diei
460 2962 576 3021 quoque
594 2948 740 3023 paschalis
765 2948 893 3007 Homilio
915 2949 953 3007 ad
978 2947 1173 3006 Ecclesiastiei
1196 2945 1304 3004 librum
1324 2946 1419 3018 veuit,

338 3039 407 3100 Filii
418 3042 602 3104 divinitatem
616 3046 752 3120 probans:
767 3045 805 3122 (1)
823 3072 835 3096 «
849 3047 913 3121 Ipse
926 3049 1015 3122 enim,
1029 3046 1103 3104 idest
1111 3045 1213 3119 Filius,
1228 3049 1273 3102 est
1285 3043 1361 3119 dies,
1374 3043 1421 3118 qui

340 3140 383 3197 ait
399 3157 451 3214 per
470 3141 671 3202 Salomonem:
690 3175 707 3192 ·-
716 3145 778 3220 Ego
798 3143 870 3219 leci,
889 3151 923 3202 ut
942 3147 1066 3203 oriretur
1081 3146 1112 3201 iu
1130 3142 1210 3201 coelo
1227 3142 1326 3200 lumen
1346 3142 1422 3200 inde·

339 3237 450 3298 ficiens.
471 3239 666 3315 »Sapientiae
689 3242 868 3318 Scriptorum
886 3243 964 3301 adit:
984 3241 1133 3318 «Dicens,
1152 3240 1231 3316 quod
1252 3243 1284 3297 iu
1299 3241 1421 3316 juniori-

339 3337 394 3396 bus
416 3344 549 3397 seueotus
565 3341 710 3416 quaedam
723 3344 762 3399 sit
781 3342 954 3416 honestatis,
976 3341 1071 3416 iuquit
1087 3338 1243 3414 Propheta:
1257 3337 1295 3414 (t)
1313 3367 1325 3382 -
1340 3336 1422 3397 Seue·

335 3442 405 3492 ctus
423 3438 502 3494 euim
519 3437 710 3515 venerabilis,
730 3455 790 3498 nou
805 3439 961 3513 diuturne,
981 3453 1166 3497 uecuumero
1184 3451 1327 3495 annorum
1349 3451 1422 3494 com·

341 3538 478 3606 putatu.»
504 3535 561 3592 Pro
590 3536 744 3597 divinitate
769 3538 960 3596 Deuterorum
983 3536 1144 3596 Bibliorum
1163 3535 1236 3594 haee
1254 3535 1315 3593 siut
1335 3535 1415 3592 satis.

341 3629 505 3708 DeceterIs,
517 3634 639 3693 Petrum
658 3635 867 3694 bibliothecam
886 3636 1021 3694 consulat
1039 3637 1090 3712 qui
1110 3634 1157 3692 his
1168 3634 1253 3709 plura
1270 3633 1362 3706 cupit.

382 3728 410 3802 S.
426 3729 535 3789 XVIII.
552 3731 661 3790 Eadem
677 3739 769 3792 aetate
783 3734 869 3792 divus
882 3734 1038 3807 Paulinus,
1054 3733 1179 3790 nolanus
1197 3732 1348 3807 episeopus
1365 3729 1421 3803 epl-

344 3825 434 3884 stolas
452 3829 565 3903 varias,
585 3844 620 3888 ac
637 3836 772 3905 poemata
786 3833 902 3907 egregia
921 3829 1038 3906 edebat,
1054 3831 1085 3887 in
1098 3828 1204 3906 quibus
1222 3827 1308 3886 facile
1324 3825 1421 3886 lectori

345 3924 510 3983 testimonia
527 3927 669 3986 nonnulla
696 3934 812 4003 sumpta
836 3928 873 4003 (t)
903 3944 940 3986 ex
961 3926 1118 4003 Scripturis
1132 3923 1421 3986 DeuteroCeuouicis

346 4023 451 4080 veteris
465 4021 589 4083 foederis
602 4023 787 4101 objiciuntur.
801 4026 892 4085 Juxta
900 4025 1134 4085 Ecclesiastiuun
1147 4023 1185 4100 (4)
1201 4025 1232 4080 iu
1243 4022 1365 4097 epistola
1376 4035 1418 4079 xi.

375 4229 409 4292 (1)
425 4235 490 4282 Eccl.
501 4245 523 4283 c.
536 4235 622 4284 XXIV.
634 4242 657 4286 6.
677 4261 708 4272 -
726 4233 760 4299 (t)
773 4237 829 4298 Sep.
848 4249 870 4285 c.
882 4238 924 4286 lv.
936 4243 959 4287 8.
970 4261 1001 4274 -
1012 4234 1046 4300 (t)
1057 4235 1122 4288 Edit.
1142 4233 1219 4285 Puris.
1231 4258 1261 4272 -
1273 4232 1308 4296 (i)
1323 4231 1386 4282 Eecl.
1397 4243 1416 4278 o.

352 4314 394 4360 ut.
411 4319 447 4362 15.
