3086 5182
845 363 1025 416 -ios-

256 437 288 490 0

396 470 471 533 sisti
491 485 522 531 r.
541 469 806 547 praescriptionem.
828 467 908 532 Ordo
926 487 996 533 vero
1015 468 1156 534 librorum
1172 472 1324 552 hujusmodi
1337 484 1423 544 estin
1492 514 1493 580 ,

395 571 487 630 veteri
510 569 695 630 Testamenta
714 567 855 648 Genesis,
876 571 1015 649 Euodus,
1036 570 1201 650 Levitions,
1226 573 1424 654 Numeri,1iea·
1492 581 1493 646 1

394 669 608 745 wroaomlum,
628 669 737 746 lasne,
757 669 895 747 indicas,
916 671 1018 749 Ruth,
1042 670 1183 748 Samuel,
1203 673 1364 754 Melacbim,
1384 678 1425 738 Pa·
1492 665 1493 720 i

394 765 612 843 ralipomenan,
632 765 763 845 Psalmi,
783 766 943 828 Hoaerbia
966 768 1147 845 Salmnanis,
1167 769 1355 851 Ecclesiaste,
1372 773 1427 836 Gan

394 865 487 924 ticam
498 862 696 942 Guntloorum,
714 865 788 926 liber
808 865 982 944 Sapientiae,
997 867 1230 945 Ecclesiasticus,
1246 869 1339 947 aaa,
1354 872 1428 932 Hiera
1492 909 1493 930 a

395 965 489 1040 mas,
509 963 660 1041 meana,
681 964 785 1024 nanta
804 981 872 1025 cum
893 965 1117 1042 additamentis,
1138 965 1287 1026 auoaoerm
1303 967 1430 1044 nepam
1492 943 1493 990 ¹

396 1060 475 1138 Job,
495 1059 623 1140 Tobiae,
655 1061 779 1140 iudith,
799 1063 905 1123 Fstber
924 1079 993 1124 cum
1014 1062 1232 1141 additionibus,
1258 1067 1300 1124 uti
1323 1081 1388 1126 nune
1403 1067 1431 1128 le·

395 1161 512 1238 glmus,
532 1159 606 1221 liber
624 1161 746 1238 Esdram
765 1167 796 1221 et
814 1163 888 1222 alter
908 1162 1075 1238 Nehamlae,
1096 1167 1126 1222 et
1141 1177 1209 1222 eam
1225 1161 1431 1224 Hacbabaearun

395 1257 510 1319 duobus
536 1258 619 1318 libris
644 1259 764 1335 explicit
785 1265 871 1320 vetus
893 1259 1121 1344 Testamentum.
1147 1258 1256 1320 Deinde
1278 1267 1432 1322 numerantur

397 1355 464 1416 libri
486 1357 556 1416 novi
578 1356 725 1417 Foederls.

446 1453 615 1514 Notandum
642 1470 713 1516 reno
740 1461 814 1531 est,
841 1455 882 1516 ibi
910 1456 1064 1533 inscriptos
1092 1456 1225 1517 Psalmos
1249 1459 1331 1532 juxta
1354 1470 1433 1514 aaran

396 1551 568 1630 Hieronymi
589 1555 771 1632 versionem,
791 1555 824 1614 in
841 1570 967 1631 quorum
984 1555 1043 1614 line
1056 1558 1176 1631 junctus
1192 1560 1237 1614 est
1251 1553 1372 1614 Psalmus
1385 1559 1432 1612 iti.

396 1651 592 1729 apocrypbns,
606 1652 663 1713 boc
675 1654 775 1714 titulo:
786 1653 941 1714 «Psalmns
953 1654 1049 1715 David
1060 1655 1175 1730 proprie
1186 1659 1270 1714 extra
1278 1667 1431 1712 numana.-

394 1747 506 1808 lbidem
530 1747 666 1826 leguntur
688 1753 782 1812 sancti
798 1751 925 1812 doctoris
938 1753 1050 1830 prologi
1072 1752 1104 1811 in
1123 1767 1223 1812 sacras
1235 1749 1435 1827 Scripturas,et

394 1845 476 1906 deest
495 1849 604 1924 pariter
623 1848 696 1908 liber
715 1848 841 1910 Baraob.
864 1849 953 1911 Plura
974 1850 1016 1910 ibi
1038 1852 1201 1910 innuantur
1220 1863 1238 1908 e
1256 1845 1435 1907 cassiodorii

395 1942 645 2005 bris-Delilrlnis
654 1947 898 2008 Institutionlbus.
920 1945 1108 2031 Cassiodorus
1120 1942 1436 2024 porro‚qnls.llenadleb

395 2057 427 2102 sa
443 2044 555 2102 socium
567 2045 687 2121 junxit,
708 2042 747 2103 ad
766 2060 850 2105 sacra
868 2045 966 2106 stadia
987 2043 1208 2122 promovenda,
1230 2042 1303 2102 duas
1319 2040 1435 2100 bibliothe-

394 2153 445 2200 cas
466 2141 597 2218 Romae,
617 2157 653 2202 ac
674 2142 833 2204 Ravennae
849 2145 998 2220 maurit,
1018 2144 1187 2220 auspicante
1204 2140 1330 2218 Agapito
1347 2153 1435 2199 romano

395 2238 543 2314 pontiiioa.
568 2239 622 2302 His
644 2241 676 2300 in
697 2238 902 2318 bibliothecis,
922 2247 957 2302 ut
970 2243 1031 2318 ipse
1045 2241 1170 2315 fatetur,
1186 2237 1344 2300 bibliorum
1356 2235 1436 2296 cadica

394 2335 501 2399 latinos
522 2355 558 2400 ac
570 2354 700 2418 gnaeum,
721 2355 795 2420 quos
815 2340 1049 2402 transcribendos
1068 2341 1191 2416 mstibt,
1210 2338 1357 2414 deposuit,
1373 2341 1397 2394 et
1412 2349 1436 2394 u

394 2433 441 2495 bis
468 2437 592 2498 infertur
610 2437 793 2498 serrandum
814 2454 831 2498 e
851 2438 999 2499 codicibus
1024 2437 1190 2498 cassiodori
1213 2435 1344 2496 hausisse
1363 2447 1436 2491 manu

395 2536 536 2610 scriptum
555 2538 748 2615 urniatinum,
767 2543 796 2598 et
812 2535 946 2616 Gregorii
962 2537 1065 2614 Magni
1077 2542 1167 2611 nutu,
1182 2539 1218 2594 at
1230 2533 1360 2609 videbar,
1375 2529 1437 2590 libros

394 2629 696 2694 uenum-canonicos
712 2637 868 2695 inseranss
886 2634 1153 2710 Protoilnnoniels,
1166 2627 1438 2710 quemadmodumiilt

394 2735 478 2790 vetas
490 2730 574 2794 Itala
587 2733 748 2794 Bibllorum
768 2735 865 2794 versio
882 2749 921 2793 ex
937 2732 1126 2811 Septuaginta
1143 2730 1286 2808 cunilam,
1302 2725 1437 2806 praesciae

394 2828 456 2890 bat.
476 2829 521 2892 Ac
539 2833 581 2892 lta
600 2831 711 2909 placuit
732 2832 826 2892 eidem
847 2832 977 2909 pontiflci
996 2848 1032 2892 aa
1048 2831 1215 2892 Catholima
1238 2829 1390 2901 Ecclesiae,
1404 2829 1437 2898 ul,

395 2941 430 2986 ea
449 2927 565 2990 sublato
581 2929 754 3008 Hieronymi
771 2930 958 3007 discrimine,
978 2931 1055 2990 inter
1071 2929 1187 2990 Priores
1201 2943 1240 2988 aa
1252 2927 1381 2988 Denteras
1390 2921 1439 2982 Scri

395 3032 497 3102 ptaras
510 3030 644 3088 instituto
651 3071 662 3106 ‚
679 3029 747 3089 libri
759 3029 854 3090 divini
866 3029 1042 3090 haberentur
1054 3034 1084 3088 et
1096 3027 1262 3105 legerentur
1275 3041 1294 3085 a
1312 3021 1439 3084 alrimunt

396 3124 498 3185 eodem
519 3126 642 3204 ordine,
662 3128 749 3187 sicuti
766 3131 853 3188 antea
871 3133 1022 3204 peractum
1039 3126 1156 3201 iuerat3
1174 3129 1205 3184 et
1215 3122 1249 3183 id
1262 3139 1280 3183 e
1291 3117 1439 3198 emeratis

396 3223 504 3283 elarius
526 3223 646 3299 pabebit.
1494 3269 1495 3302 ,

436 3319 555 3382 Praeter
577 3320 656 3382 bunc
677 3321 828 3400 codicem,
849 3320 949 3382 nulius
972 3325 1041 3381 ante
1061 3319 1158 3380 Caroli
1178 3317 1284 3396 Magni
1304 3329 1397 3376 aarum
1412 3325 1440 3369 it-
1494 3315 1495 3396 l

396 3425 514 3495 penest,
541 3421 592 3496 qai
611 3419 784 3499 Hieronymi
809 3423 972 3494 tersionem
986 3419 1132 3496 praebeat.
1157 3416 1217 3478 sub
1232 3433 1268 3476 eo
1290 3422 1380 3474 tamen
1396 3421 1440 3484 rrae
1494 3399 1495 3462 l

394 3523 424 3576 et
446 3518 582 3593 auspiciis
605 3518 692 3592 plura
713 3519 819 3579 collata
840 3525 910 3580 snut
932 3519 1132 3593 manuscripta
1154 3515 1234 3574 illias
1256 3508 1440 3584 semiannis

395 3613 542 3677 Ecclesiae
561 3631 668 3693 usum,
690 3619 734 3676 uti
759 3616 902 3678 Aicuinus
926 3615 983 3676 hoe
1007 3615 1177 3702 mandatum
1201 3628 1320 3673 samem
1339 3610 1387 3686 ipsi
1401 3603 1442 3678 rugi

394 3710 539 3788 loquitur:
565 3737 578 3765 e«
591 3714 694 3774 Sacros
713 3713 803 3775 libros
821 3717 853 3774 ln
870 3717 959 3774 unius
978 3715 1107 3790 carparis
1120 3713 1306 3772 sanctitatem
1318 3715 1441 3775 maneam

394 3825 431 3869 ae
455 3809 608 3888 diligenter
633 3812 801 3872 emendatos
824 3819 938 3872 vestrm
962 3812 1139 3872 clarissimae
1163 3810 1329 3869 auctoritati
1351 3800 1443 3877 angue
1493 3841 1495 3926 γ

395 3909 508 3967 curavi.
532 3933 545 3960 o
568 3908 682 3968 Revera
704 3912 802 3988 plnres
822 3911 909 3970 bodie
926 3916 1080 3970 sewantur
1098 3895 1442 3983 οο(11ω11,(1111110111ΕΙ
1494 3927 1495 3998 1

393 4007 482 4081 panio
503 4013 569 4083 post
590 4006 688 4068 Caroli
711 4010 814 4086 Magni
835 4012 990 4085 imperium
1007 4007 1234 4092 conilatisunt,
1251 4005 1390 4078 eidemque
1402 3996 1443 4071 rigi
1494 4009 1495 4078 ,

393 4109 578 4184 nuncupati,
599 4113 700 4183 utpote
719 4124 756 4167 ex
776 4109 827 4167 llio
850 4110 1018 4184 transcripti
1035 4106 1154 4178 codice,
1174 4120 1262 4181 quem
1279 4095 1443 4162 aiennaci

394 4203 461 4263 dem
485 4207 653 4283 imperatori
675 4205 810 4282 obtulit;
835 4205 999 4282 cujusmodi
1032 4211 1101 4265 sunt
1124 4205 1237 4264 Romae
1259 4201 1349 4262 codex
1375 4191 1442 4256 Valt-

392 4301 548 4380 acimaas,
575 4302 647 4364 alter
669 4303 824 4366 carolinus
850 4303 1055 4380 extens'apud
1075 4301 1236 4362 Monaehos
1257 4317 1283 4360 s.
1305 4290 1440 4361 Benedidla
