3070 5180
554 361 713 414 ..21-

87 466 227 528 hebraeos
242 465 282 544 (i)
297 466 333 528 dc
345 465 403 527 ilde
416 466 529 528 locutus
545 465 797 544 Patriarchemm,
809 483 867 544 que
877 467 938 528 lleo
950 472 1059 546 accepti
1072 471 1167 548 iuste,

87 582 121 626 se
134 580 225 642 snper
248 579 280 624 ee
293 563 505 626 benedictiones
522 565 595 626 coeli
610 567 769 642 muscenti,
782 565 924 626 israelitas
936 581 1036 628 omnes
1053 575 1169 645 censet,

87 664 137 740 qui
157 661 218 722 ilde
240 662 302 722 lieo
321 662 510 740 placuertmt,
527 665 589 723 siue
601 677 659 739 qna
671 663 727 722 hoe
738 669 783 724 esi
800 663 995 739 impossibile,
1014 671 1101 742 atque
1114 668 1172 728 isto

86 759 149 820 loeo
161 759 276 820 Paulus
292 775 310 820 e
322 761 424 835 primis
438 759 614 820 Patriarchis
628 761 768 836 incipiens
781 759 938 820 ordinatim
955 777 1047 838 usque
1067 761 1105 822 ad
1120 765 1170 838 ju·

85 857 229 918 &comm
248 862 408 933 postremos
427 860 538 936 pergit,
558 874 660 918 eorum
673 864 755 936 gesta
772 865 908 933 enarrat,
925 859 1171 934 quemadmodum

85 961 172 1015 vetus
193 952 343 1029 Scriptura
366 954 470 1031 tradit,
498 955 536 1014 ab
556 955 671 1016 Adnue
692 955 801 1016 scillcet
821 971 914 1032 usque
930 955 968 1016 ed
982 955 1172 1018 Machebaoo-

86 1067 153 1112 ram
181 1057 333 1128 tempore,
360 1068 461 1112 eorum
487 1051 556 1112 tidel
583 1054 777 1114 constantiam
811 1055 993 1128 potissimum
1024 1069 1171 1118 commen·

85 1147 171 1208 dans.
195 1147 371 1224 flujrrsmodl
391 1153 488 1210 numm
519 1155 588 1208 snut
617 1148 707 1210 verbe
729 1147 861 1224 Apostoli
892 1151 923 1208 in
944 1143 1004 1210 lius
1024 1151 1103 1210 illius
1125 1167 1171 1212 rc·

85 1249 249 1306 caislarum
267 1271 281 1298 ι
297 1245 432 1322 Lepideti
451 1251 537 1322 suut,
560 1248 631 1308 seetl
650 1252 735 1323 sunt,
757 1247 860 1308 tenmti
875 1251 960 1321 sunt,
978 1248 1011 1306 ln
1028 1250 1173 1308 occisione

86 1344 178 1422 gladii
196 1345 305 1404 mortui
323 1349 407 1420 sunt,
427 1346 635 1406 chcumleruot
650 1346 682 1404 in
697 1341 833 1421 melotis,
848 1345 881 1402 in
895 1343 1019 1420 pellibus
1031 1348 1170 1423 caprinis,

86 1448 222 1518 egentes,
247 1443 421 1520 augustiati,
441 1441 555 1517 niillcti,
571 1441 677 1518 qulbus
694 1455 754 1500 non
771 1445 835 1500 erat
847 1439 954 1517 dignius
969 1441 1116 1520 mundus,
1139 1446 1172 1504 ln

87 1537 296 1598 solitudinibus
321 1543 467 1613 errantes,
489 1539 521 1596 in
544 1536 693 1598 mutibus
712 1541 742 1596 et
758 1535 924 1612 speluncis,
948 1542 976 1596 et
993 1539 1024 1596 in
1039 1541 1173 1598 catanis

87 1641 219 1694 terrae.»
236 1635 318 1708 Quae
332 1635 439 1712 umbe,
455 1633 527 1694 dum
548 1636 578 1692 in
597 1634 645 1694 his
667 1633 786 1708 explicit
802 1632 1071 1710 historiaillerum,
1098 1652 1172 1712 quos

88 1731 200 1793 Paulus
214 1737 343 1808 enarrat,
353 1748 413 1790 nou
424 1731 574 1791 referenda
589 1737 668 1806 sant,
682 1732 739 1790 nisl
752 1731 871 1790 ultimae
879 1729 1124 1795 Machabaeorum
1132 1733 1171 1810 (2)

89 1829 191 1904 acted,
205 1827 324 1904 quando
337 1826 429 1886 ludes
437 1826 632 1888 bischebeeus
649 1842 717 1886 cum
732 1827 805 1902 suis,
816 1842 854 1886 ne
867 1826 1015 1886 sacrificiis
1032 1826 1079 1888 vel
1092 1831 1173 1890 insti-

88 1925 254 1987 tutionibus
272 1924 394 1984 ethnicis
403 1925 588 2003 pollueretur,
602 1926 634 1984 in
651 1925 764 1984 desmts
778 1930 807 1986 et
822 1925 854 1982 in
871 1923 1023 2001 speluncas
1035 1930 1170 1988 secessit:

92 2047 106 2074 ο
123 2023 179 2078 liat
193 2019 282 2076 isam
295 2023 339 2080 τὸν
349 2021 494 2094 'deperibit
507 2020 666 2096 epidauraei
676 2021 702 2074 ἐκ
717 2021 794 2076 παντὶ
806 2021 1000 2095 φυγοδιυτιίριρ
1010 2021 1103 2102 adeas,
1117 2028 1169 2086 Le.

91 2119 127 2180 lit
139 2122 398 2198 possunntlsrael
410 2124 442 2180 in
455 2121 632 2182 absconditis
646 2127 675 2182 et
684 2123 714 2180 ln
723 2121 794 2182 loeis
802 2120 1022 2198 lugitimmm.»
1037 2123 1117 2196 Quae
1129 2126 1174 2184 sie

89 2217 163 2280 llbl'o
195 2219 324 2280 §wunib
350 2225 532 2296 repeilmtllr:
559 2219 596 2296 (3)
614 2243 628 2272 ι
643 2219 777 2282 ’redierit
791 2219 805 2274 ὅ
819 2217 992 2286 Μακκαβαῖος
1006 2221 1111 2286 desertis
1125 2221 1178 2276 ποῦ’

88 2313 228 2388 praediis,
248 2318 292 2372 ιοί
307 2317 473 2384 dissuadeat
487 2316 525 2381 οἷς
542 2319 586 2378 τήν
608 2319 724 2392 ἔρημοι,
744 2317 836 2394 θηρίον
862 2319 954 2393 τρόπον
975 2320 1002 2374 ιί
1025 2322 1080 2394 τοῖς
1102 2319 1172 2394 ὅριοι

89 2408 160 2482 daiga
189 2408 313 2472 οὖντοῖς
339 2408 395 2482 μετ’
419 2407 520 2474 αὐτοῦ,
545 2411 591 2464 aci
621 2410 665 2471 τήν
694 2411 803 2482 saprade
824 2411 919 2484 τροφήν
951 2412 1096 2484 cartapetae
1123 2416 1174 2466 dtr·

93 2499 183 2554 τέλοοι
209 2537 218 2566 ,
251 2499 313 2574 προς
341 2499 371 2556 re'
396 2501 448 2574 μήν
476 2503 622 2576 μιοοιοχιῐο
646 2505 690 2556 ree'
721 2503 861 2574 μολυσμοῦ
877 2545 886 2578 ‚
901 2503 1172 2590 ἱ,θ,.1υᾱιῑ51αιιιῑθιῃ

91 2598 315 2676 ttseheheens,
336 2602 387 2677 qui
415 2599 543 2660 decimus
561 2601 677 2678 iuerat,
699 2607 727 2660 et
749 2618 815 2660 curn
842 2602 1006 2660 secessisset
1021 2603 1056 2670 in
1075 2601 1172 2660 deser·

91 2702 152 2756 mm
173 2697 291 2773 locum,
313 2704 345 2756 et
365 2700 449 2774 quasi
468 2697 547 2758 ierac
568 2700 599 2758 ln
623 2698 880 2774 montibusvltam
898 2698 1004 2775 agebat
1016 2714 1083 2758 cum
1098 2700 1173 2773 suis,

90 2799 117 2852 et
133 2793 216 2854 iocnl
235 2793 301 2854 cibo
321 2800 467 2856 vescentes
487 2795 725 2872 perseverabant,
746 2812 783 2856 ne
796 2797 950 2872 participes
966 2795 1068 2856 imrent
1091 2798 1172 2856 eoin·

89 2893 278 2967 quinstlouis.
304 2917 316 2944 ν
338 2893 411 2967 Quis
426 2895 503 2954 inter
520 2893 679 2970 Prophetas
692 2901 722 2954 et
739 2894 812 2956 alios
829 2896 892 2970 pios
909 2911 946 2954 ex
959 2893 1074 2970 judaeis
1092 2895 1172 2952 uiros

91 2987 315 3066 hujusmodi,'et
328 2997 373 3049 tot
388 2993 600 3066 muliones
622 3006 725 3068 passus
748 2993 812 3051 est?
834 2991 961 3064 Quinam
981 2997 1097 3068 egentes
1120 3006 1173 3048 nn·

91 3089 210 3161 gesneri
229 3088 261 3145 iu
283 3089 432 3163 οοιοηιίι,
451 3089 483 3146 ln
504 3088 651 3148 montibus
668 3093 820 3164 erraruut;
834 3089 892 3146 nlsi
909 3086 1025 3147 hebraei
1039 3087 1098 3164 illi,
1122 3089 1174 3162 qui

90 3183 229 3244 maachi
247 3183 475 3244 abhominabilis
495 3185 681 3262 reprobantes
701 3189 733 3244 in
750 3184 896 3246 desertum
913 3185 1074 3262 fugerunt?
1097 3183 1172 3243 Mihi

90 3279 176 3358 objici
192 3288 316 3358 possunt
339 3289 452 3358 praeter
474 3285 564 3359 istos,
585 3283 663 3342 Elias
683 3289 712 3342 et
733 3283 862 3358 Ellseus,
883 3284 933 3359 qui
954 3297 1036 3358 reges
1056 3281 1172 3340 Israelis

91 3381 318 3454 persecutionem
333 3382 434 3456 veriti,
447 3396 514 3439 cnm
532 3381 597 3439 aliis
612 3381 760 3457 prophetis
773 3383 805 3440 in
817 3380 931 3442 deserta
948 3380 1012 3439 loca
1025 3379 1170 3438 abierunt.

90 3475 144 3536 Sed
157 3476 457 3538 mihioonoedendum
473 3481 539 3554 erit,
547 3481 624 3554 ipsos
635 3520 644 3554 ,
656 3477 763 3556 ubique
780 3477 905 3554 fuerint,
922 3477 969 3536 vel
982 3493 1040 3554 quo
1053 3492 1170 3553 venere,

90 3575 232 3654 singulari
256 3576 438 3651 providentia
459 3578 544 3636 alites
573 3577 681 3653 fuisse,
711 3593 747 3636 ac
770 3593 892 3654 panem,
914 3593 1047 3651 earnem,
1080 3591 1172 3654 aquas

91 3675 229 3748 praestita
246 3677 287 3733 eis
304 3679 427 3734 testatur
447 3675 596 3751 Scriptura
609 3677 691 3752 ipsa,
713 3690 747 3733 ee
763 3677 880 3750 insuper
895 3673 933 3732 ab
950 3673 1008 3733 illis
1029 3675 1172 3752 οιςιιιιίίο

91 3779 118 3831 ct
131 3774 291 3848 aerumnis,
300 3772 337 3832 de
351 3771 457 3850 quibus
471 3774 598 3850 loquitur
612 3773 733 3850 Paulus,
750 3789 838 3848 mam
853 3773 1019 3850 longissime
1032 3771 1149 3832 absunt.

128 3869 210 3930 Idem
233 3869 272 3930 ad
288 3871 446 3930 corinthios
463 3871 500 3947 (a)
517 3870 694 3947 Sapientiam
720 3869 853 3930 divinam
866 3869 1015 3945 exaltans,
1038 3885 1072 3928 ae
1085 3872 1172 3928 istam

92 3963 256 4028 hominibus
276 3967 416 4028 caelatam
437 3983 500 4028 esse
512 3974 645 4044 testatus,
666 3970 776 4046 inquit:
795 3991 808 4020 ι
825 3967 897 4042 Quis
919 3970 997 4026 enim
1019 3965 1177 4026 hominum

115 4197 204 4340 (ald
212 4197 338 4328 lgbmeos
354 4202 422 4252 edil.
434 4204 472 4252 ai.
485 4225 515 4240 -
525 4198 561 4265 (a)
577 4207 600 4252 i.
611 4201 674 4252 ldae.
687 4213 710 4250 e.
720 4201 741 4250 1.
753 4205 791 4250 aa.
803 4225 834 4238 -
846 4197 880 4262 (a)
901 4206 924 4250 2.
937 4200 999 4250 liae.
1010 4209 1065 4260 cap.
1085 4199 1115 4246 v.
1132 4198 1169 4248 27.

95 4300 123 4313 -
181 4285 203 4330 t.
254 4291 275 4327 r.
287 4280 350 4330 ali.
365 4285 401 4330 ta.
