3022 5178
1034 245 1049 296 i

543 399 583 414 ·-
603 378 659 430 alu
680 403 720 414 --

97 487 134 546 de
149 485 284 548 omuibus
297 481 451 561 Scriptura
467 485 538 544 haec
551 485 641 546 addit:
658 511 671 538 «ι
682 486 738 546 Sed
751 484 858 561 Spiritu
871 486 988 564 Sancto,
1005 489 1108 563 spiritu
1122 490 1164 548 in·

97 585 228 644 tellecnrs
246 584 413 644 thesaurum
430 583 488 642 illis
505 582 719 658 scripturarum
738 585 897 658 aperiente,
915 584 1085 644 mirabiliter
1099 602 1165 644 eru·

97 681 169 758 diti,
184 685 250 756 jure
268 697 286 739 a
306 679 390 740 uobis
407 695 506 740 omues
523 682 736 755 suscipiuntur,
753 686 782 739 et
797 679 955 740 audiamur
973 688 1113 756 mamam
1133 697 1166 740 os

97 777 167 854 liei,
188 782 217 836 et
238 777 381 837 neimium
400 777 484 836 nobis
501 783 546 836 est
562 776 693 836 dubitare
715 779 747 834 ia
768 777 864 852 aliquo
879 777 915 834 de
930 778 1064 836 omnibus
1081 795 1168 854 quae-

97 891 223 951 cumque
239 876 415 950 scripserunt
432 877 491 932 ii.»

137 971 277 1047 §.XXIIL
292 973 344 1032 Vir
361 987 432 1030 sane
443 972 634 1048 apostolicus,
653 972 768 1031 saeculo
781 971 924 1030 Ecclesiae
940 971 1052 1032 decimo
1070 989 1170 1031 secun·

94 1070 155 1146 do,
169 1069 304 1130 excelluit
318 1069 481 1128 Bernardus
499 1069 589 1128 abhas
602 1070 828 1129 claravallensis.
843 1070 886 1128 De
903 1087 936 1128 eo
949 1070 1023 1128 nihil
1036 1071 1168 1146 estquod

97 1183 171 1244 opus
190 1167 356 1242 hupeudarn
370 1169 402 1226 in
418 1167 497 1228 illius
514 1166 648 1228 laudibus
666 1169 814 1244 texendis,
835 1185 909 1243 quas
924 1171 1028 1228 merito
1041 1171 1073 1226 in
1088 1169 1168 1228 coelo
1291 1187 1295 1196 ·

97 1265 173 1339 luit,
200 1271 231 1324 et
252 1271 331 1324 terra
350 1265 480 1340 adeptus.
498 1263 540 1324 lle
558 1281 589 1322 re
605 1270 705 1326 nostra
721 1267 796 1324 iuter
815 1266 907 1325 multa
922 1271 951 1324 et
966 1267 1042 1324 varii
1057 1267 1170 1342 genens

95 1353 208 1437 scripta
228 1363 341 1428 nullum
358 1363 493 1438 reliquit,
507 1362 586 1438 quod
601 1369 680 1424 recta
696 1362 857 1438 Scripturas
874 1362 1170 1422 Dcunrocmonnas

97 1464 254 1534 spectaret.
268 1458 407 1518 Attamen
421 1466 543 1535 exceptu
559 1476 597 1518 ex
610 1459 717 1520 eisdem
730 1462 844 1535 scriptis
856 1459 940 1519 facilc
952 1466 1013 1535 est,
1028 1459 1108 1534 quali
1118 1475 1170 1518 au-

97 1558 232 1614 ctoritate
248 1559 457 1617 existimaverit
470 1559 541 1616 istos
554 1557 653 1617 libros.
673 1556 749 1616 Nanr
760 1557 953 1616 Ecclesiastlci
967 1557 1056 1616 verba
1065 1555 1102 1632 (1)
1113 1573 1171 1616 me·

96 1658 197 1710 morat
213 1652 269 1712 hac
290 1656 418 1714 ratione:
438 1655 533 1731 «Legi
557 1655 594 1714 de
615 1655 752 1730 quadan,
764 1653 877 1712 dicente
887 1653 1049 1729 Scriptura:
1066 1653 1170 1726 -Quo-

95 1751 221 1826 uinaria
238 1748 311 1826 iiie,
324 1750 480 1810 etleuitate
492 1753 582 1827 ipsius
595 1758 729 1812 sanetum
741 1751 809 1812 lecit
821 1751 938 1810 illurn.»
959 1752 994 1810 In
1007 1751 1082 1810 libro
1096 1751 1166 1810 Seu·

96 1847 272 1924 tentiarum,
293 1846 330 1906 de
348 1851 462 1924 justitia
486 1849 558 1909 haec
579 1852 635 1908 ait:
654 1849 831 1926 «Diligeudo
846 1851 991 1926 justitiam
1008 1851 1114 1908 transit
1132 1846 1171 1906 ad

95 1943 258 2005 secuudum
268 1946 401 2023 gradum,
413 1953 442 2006 et
454 1947 535 2007 audit
548 1947 621 2008 illud
633 1947 795 2024 Sapientiae
808 1933 844 2023 (a)
855 1954 1055 2024 praeceptum:
1070 1977 1082 1990 -
1095 1947 1167 2006 Dill-

97 2044 159 2118 gite
169 2043 335 2120 justitiam,
348 2047 399 2120 qui
409 2045 547 2120 judicatis
560 2052 677 2105 terram.
690 2070 703 2096 a
720 2044 856 2104 Sermone
875 2059 928 2102 111.
948 2045 985 2102 de
1006 2043 1169 2102 Annuntia-

98 2141 179 2198 tioue
195 2139 357 2218 dominica,
371 2147 472 2202 matra
485 2143 607 2218 judaeos
625 2143 773 2202 Susauuae
786 2142 938 2200 historiam
954 2148 1068 2199 narrat:
1089 2165 1102 2190 α
1114 2140 1171 2198 Sed

96 2238 151 2312 qui
169 2237 335 2313 gloriamini
350 2241 383 2298 in
397 2241 476 2316 lege,
501 2257 552 2315 per
572 2241 643 2317 legis
659 2241 934 2316 praevaricationem
946 2237 1038 2296 Deum
1052 2236 1172 2296 inhono-

96 2335 183 2394 ratis.
201 2334 347 2412 Ingemuit
363 2337 506 2415 Susanna,
521 2343 550 2398 ct
564 2341 618 2398 alt:
635 2369 647 2382 -
661 2338 821 2414 Angustiae
838 2343 907 2396 sunt
919 2335 992 2394 mibi
1004 2334 1167 2410 undique.»

99 2428 194 2506 Super
209 2431 329 2494 Cundca
343 2451 474 2494 sannone
493 2452 556 2498 arv.
570 2453 610 2500 ex
624 2435 738 2496 Baruch
749 2435 843 2494 addit:
863 2457 876 2484 o
891 2433 965 2493 Sane
975 2448 1035 2538 pou
1054 2434 1171 2490 invenio
1207 2439 1208 2442 ’

99 2528 173 2586 alibi
192 2528 245 2598 ubi
261 2532 293 2588 iu
315 2531 375 2596 sole
391 2537 518 2608 posuerit
541 2533 760 2594 caenaculum
776 2547 880 2608 suum,
899 2531 972 2590 idest
990 2533 1023 2588 iu
1039 2531 1122 2604 luce,
1144 2534 1173 2588 et

97 2625 132 2684 in
152 2627 307 2686 manifesto
325 2645 409 2694 suam
427 2631 562 2706 dignatus
575 2633 614 2690 sit
625 2630 760 2690 exhibere
776 2632 968 2705 praesentiam
985 2630 1076 2703 ipsius
1096 2627 1170 2684 lucis

100 2723 310 2783 inaccessibilis
337 2725 500 2803 habitator,
526 2731 584 2786 nisi
609 2731 709 2804 utique
724 2729 756 2786 in
775 2729 870 2787 teins.
894 2725 1024 2802 Denique
1038 2727 1070 2782 in
1087 2726 1173 2784 terrm

99 2819 186 2876 visus
207 2826 269 2896 est,
285 2827 315 2880 et
331 2838 398 2881 curn
416 2823 581 2884 hominibus
592 2832 789 2885 conversatus.
802 2849 815 2876 »ι
838 2824 881 2884 De
900 2822 1000 2884 eadem
1016 2839 1048 2881 ue
1065 2837 1173 2881 sermo

100 2929 140 2973 ne
159 2931 236 2974 xrrr.
257 2917 294 2976 de
314 2919 416 2982 Judith
429 2927 458 2984 et
474 2921 659 2986 Machahaeis
676 2924 851 2982 mentionem
870 2920 959 2980 lacit:
978 2944 992 2972 a
1012 2919 1110 2993 losue,
1126 2917 1172 2976 Je-

100 3013 190 3092 phte,
210 3015 338 3093 Godeou,
352 3017 506 3096 Sorupsou,
521 3020 623 3081 iudith
637 3037 751 3098 quoque
766 3035 943 3096 quamquam
956 3018 1098 3078 foeminae
1111 3017 1172 3092 glo·

102 3114 182 3172 riose
202 3116 234 3176 iu
258 3115 359 3176 diebus
377 3119 439 3178 suis
456 3118 708 3192 triumphaverunt
725 3117 762 3176 de
780 3117 922 3176 hostibus.
944 3115 1035 3174 ludas
1054 3113 1173 3176 Macha-

101 3208 195 3268 haeus
212 3210 248 3286 (al
264 3213 362 3272 midas
375 3219 404 3272 et
417 3216 478 3290 ipse
489 3214 607 3274 inclitus
618 3216 759 3289 victoriis,
773 3213 914 3288 denique:
930 3242 942 3256 ·
955 3211 1046 3274 Facta
1062 3214 1116 3284 est,
1131 3210 1173 3266 in·

102 3309 186 3382 quit,
205 3325 264 3368 non
281 3310 374 3385 gloria
389 3311 439 3370 sed
454 3313 565 3372 ¹laetitia
586 3328 694 3390 magua
714 3315 746 3370 in
762 3310 880 3388 populo.
890 3334 903 3360 υ

144 3405 173 3478 S.
195 3405 302 3470 XXIV.
324 3407 426 3473 Petrus
444 3410 597 3487 aNatale,
619 3410 720 3471 Gallae
738 3411 776 3469 ad
796 3410 924 3486 Ligerim
944 3405 1048 3482 oppido
1066 3419 1172 3480 cogno·

101 3509 203 3562 mento
218 3503 342 3564 blesensi
373 3512 475 3583 natans,
495 3507 693 3568 bathoniensis
715 3511 746 3566 iu
763 3505 870 3583 Anglia
899 3504 1120 3570 archidiaconus
1145 3507 1175 3561 et

102 3605 315 3667 neumanensis
328 3603 534 3682 archicpiscopi
547 3606 746 3682 cancellarius,
758 3607 809 3680 qui
821 3605 968 3668 desinente
981 3591 1096 3664 saeculo
1109 3616 1171 3658 xri.

101 3701 197 3775 vixit,
216 3707 315 3760 auctor
328 3708 372 3760 est
390 3703 522 3777 opusculi
537 3705 688 3779 cujusdam
707 3703 744 3762 de
761 3702 919 3777 divisione,
938 3706 967 3759 et
984 3697 1173 3773 scriptoribus

102 3795 246 3855 librorum
263 3815 421 3859 sacrorum.
445 3802 605 3877 Divisioui,
627 3818 715 3878 quarn
732 3804 764 3864 iu
783 3807 842 3860 tres
855 3799 971 3858 ordinas
988 3797 1026 3860 ab
1042 3796 1175 3856 hebraeis

102 3892 196 3952 fuisse
208 3897 369 3956 institutam
382 3898 468 3973 dicit,
488 3899 638 3976 subjungit
649 3905 786 3974 quartum
797 3897 876 3958 huuc
889 3897 1035 3960 ordinem:
1056 3918 1068 3944 o
1083 3895 1174 3966 Quar-

104 3999 155 4050 tus
174 3995 279 4068 inquit,
298 4001 343 4052 est
361 3995 438 4071 apud
453 4011 507 4056 nos
523 3999 629 4054 veteris
642 3997 807 4054 testamenti
819 3995 890 4054 ordo
904 4010 1003 4052 eorum
1016 3991 1173 4062 librorum,

105 4093 158 4166 qui
178 4095 210 4150 in
223 4091 340 4152 Canoue
355 4093 545 4156 hebraeorum
565 4109 624 4152 nou
641 4099 725 4170 sunt,
746 4108 870 4170 quorum
887 4095 997 4169 primus
1011 4089 1174 4164 Sapientiae

134 4303 168 4364 (l)
183 4303 244 4354 hdlt.
259 4305 336 4356 Paris
347 4319 371 4368 p.
385 4305 633 4368 12.,elEcol.e.xuv.
646 4329 676 4344 -
685 4301 719 4368 (a)
730 4304 786 4368 Sap.
796 4315 819 4354 o.
828 4303 848 4354 1.
857 4299 928 4366 -lal
939 4305 961 4354 l.
972 4301 1034 4388 lituo.
1045 4299 1161 4366 elidos.
