3094 5176
778 319 956 372 -rts-

331 433 607 509 slvendllalathas,
625 433 688 492 sive
697 431 734 492 ad
743 447 941 509 quoscumque
954 431 1028 492 alios
1036 431 1183 508 scribens,
1198 427 1265 493 illos
1279 439 1365 509 rogat
1376 438 1409 492 ut
1530 455 1531 530 3

332 553 386 613 pro
409 551 440 595 se
459 547 570 610 proque
586 531 652 592 allis
672 547 772 608 preces
797 530 835 591 ad
853 531 948 610 Deum
971 531 1136 592 effundant.
1167 531 1310 591 Romanis
1332 531 1411 590 enlm
1530 549 1531 602 1

333 632 405 691 ‹ltcit
419 631 480 708 (ηε
507 629 660 690 «Obsecro
674 646 727 688 vos
742 672 749 687 .
766 674 774 687 .
791 671 799 688 .
814 673 822 688 .
837 635 871 688 nt
892 629 1036 706 adjuvetis
1049 646 1097 688 me
1115 631 1147 688 in
1165 628 1348 688 orationibus
1362 643 1409 687 ve·
1530 649 1531 656 ¹

333 735 402 791 stris
421 747 474 807 pro
495 745 542 788 me
563 728 601 788 ad
622 727 727 788 Deum.
742 753 755 780 o
779 718 818 786 Et
837 729 875 787 ad
892 727 1058 788 Corinthios
1079 727 1139 802 (tiz
1166 752 1179 778 e
1191 725 1410 802 Adjurantibus

335 835 365 889 et
386 829 470 888 vobis
481 829 513 886 in
527 829 658 886 oratione
671 841 724 902 pro
737 825 822 884 nobit
835 851 862 884 u.
882 826 928 884 Ita
947 842 1017 886 vero
1030 823 1187 900 Apostolus
1200 839 1295 900 neque
1308 824 1408 899 docet,

333 943 427 1004 neque
440 927 546 986 imbuit
558 925 664 984 iratres
677 939 764 1000 suos,
779 927 863 1002 qnasi
873 924 919 982 his
932 925 1091 999 praeceptis
1102 938 1163 982 non
1171 929 1268 982 essent
1280 925 1408 999 assueti,
1530 993 1531 1006 χ

335 1023 386 1084 sed
403 1030 531 1084 veterem
553 1023 793 1082 consuetudinem
802 1026 866 1098 jum
879 1023 955 1080 inter
971 1021 1104 1080 homines
1119 1021 1267 1080 ssrmatarn
1280 1020 1408 1095 indicat,

334 1129 363 1183 et
382 1125 455 1199 petit
467 1128 501 1182 ut
519 1139 585 1181 eam
605 1129 743 1198 perpetuo
761 1121 896 1180 excolant
914 1123 989 1180 inter
1006 1137 1047 1180 se.
1063 1120 1109 1179 Ita
1123 1119 1233 1180 factm
1252 1118 1409 1178 dicendum

334 1229 379 1282 est
399 1224 479 1281 circa
495 1237 615 1297 preces,
631 1222 744 1297 jejunia
756 1225 786 1279 et
804 1219 863 1278 alia
875 1220 990 1295 pletatis
1007 1217 1104 1279 officia
1118 1218 1277 1278 excolenda
1296 1233 1351 1292 pro
1364 1217 1410 1276 tle-

334 1319 444 1380 lunctir
464 1335 482 1378 a
500 1320 600 1394 virts,
630 1334 685 1377 nec
704 1334 783 1376 novo
802 1323 955 1393 praecepto
981 1315 1169 1392 informatis,
1198 1315 1250 1376 sed
1265 1321 1331 1392 jam
1355 1315 1410 1374 boc

333 1417 444 1478 coccus
461 1433 477 1477 e
500 1415 730 1490 consuetudine,
751 1421 781 1474 et
804 1415 914 1474 lumine
932 1416 1039 1474 mentis
1058 1415 1132 1476 duce
1147 1413 1199 1491 (a).

375 1517 403 1590 s.
426 1515 508 1574 VIII.
529 1514 610 1574 Adeo
630 1521 728 1573 autem
740 1529 776 1572 ea
794 1519 913 1589 patent,
926 1519 960 1573 ut
973 1513 1108 1588 dIspruli
1122 1513 1292 1590 apostolirri,
1312 1519 1343 1572 et
1354 1515 1410 1588 pri·

333 1617 429 1673 maevi
446 1613 592 1673 Eccleslae
609 1619 718 1689 patres,
728 1611 821 1672 sicubi
838 1611 875 1670 da
894 1612 951 1671 bac
966 1614 1016 1687 pia
1035 1613 1217 1672 insumuonc
1229 1612 1322 1670 verba
1334 1609 1408 1669 lece-

334 1715 395 1772 rlut
412 1714 472 1772 suls
486 1711 634 1787 inlibris,
652 1717 686 1770 ut
703 1710 942 1770 cousuetudinem
955 1712 1117 1770 universim
1134 1725 1153 1768 a
1170 1710 1339 1769 christianIs
1351 1726 1409 1768 ser·

334 1815 435 1869 vatam
445 1808 646 1885 bailderunt,
660 1825 735 1885 quae
745 1825 780 1868 eo
791 1809 910 1885 majoris
921 1811 1061 1868 momenti
1074 1808 1214 1885 babetur,
1229 1824 1288 1885 quo
1302 1809 1411 1882 pariter

334 1921 399 1966 eam
417 1908 571 1966 contestati
587 1909 647 1966 sint
663 1923 780 1984 omnes,
798 1913 862 1966 turn
882 1907 921 1982 ii,
945 1909 997 1982 qui
1009 1923 1045 1966 ex
1060 1905 1194 1982 judaeis,
1212 1912 1278 1966 tum
1297 1906 1339 1981 ii,
1360 1907 1410 1982 qui

333 2021 371 2064 ex
385 2005 508 2064 ethnicis
524 2010 627 2081 erant,
644 2003 762 2082 fideles,
781 2005 870 2064 nullis
890 2004 1097 2080 obstantibus,
1116 2004 1258 2080 siquidem
1279 2003 1358 2062 bane
1379 2010 1412 2062 ut

334 2103 429 2180 legem
443 2105 476 2161 in
494 2104 597 2180 seipsis
613 2105 805 2162 inveteratam
821 2107 968 2161 noverunt
981 2109 1011 2160 et
1024 2103 1234 2178 expleverunt,
1258 2103 1309 2161 cui
1321 2117 1408 2160 uerno

335 2199 521 2259 contradixit.
541 2201 566 2259 E
584 2199 774 2276 scriptoribus
794 2201 918 2264 vetustis
934 2199 1158 2276 ecclesiasticis,
1176 2201 1228 2275 qui
1248 2199 1328 2258 bauo
1350 2215 1410 2256 rne-

334 2307 471 2376 moreut,
492 2298 712 2374 Tertullianus,
733 2300 765 2358 in
783 2302 867 2375 cujus
879 2301 943 2358 vita
954 2298 1089 2358 nonnulli
1102 2297 1311 2373 Apostolorum
1323 2297 1412 2357 ‹lisel-
1530 2317 1531 2334 ¹

334 2398 396 2474 pull
410 2400 649 2475 superstiterunt,
662 2398 753 2458 tradit
763 2413 817 2457 sua
830 2403 924 2456 aetate
933 2402 1063 2456 mortuos
1075 2399 1208 2472 expiasse
1217 2395 1414 2455 Mauritaniae
1530 2463 1531 2478 χ

334 2497 521 2558 cbrIstianos.
537 2497 573 2556 Iu
586 2497 662 2558 libro
673 2528 686 2542 -
696 2495 740 2556 De
754 2496 999 2573 Monogamia·c.
1021 2513 1053 2556 x.
1073 2521 1086 2547 «ι
1098 2496 1185 2555 Enim
1206 2511 1297 2570 vero,
1312 2493 1415 2552 scribit

334 2599 437 2655 uorat
445 2611 498 2671 pro
508 2597 677 2672 animaejus
688 2593 764 2670 (viri)
777 2601 826 2671 ,et
836 2593 1019 2672 refrigerlum
1027 2598 1147 2656 interim
1155 2594 1326 2670 adpostulat
1336 2595 1414 2669 ei,et
1530 2585 1531 2652 l

333 2693 365 2750 in
387 2695 483 2767 prima
498 2695 708 2752 resurrectione
730 2695 929 2770 consortlum,
948 2699 978 2753 et
994 2693 1083 2753 ollert
1096 2695 1202 2754 annuis
1224 2691 1332 2752 diebus
1346 2690 1413 2750 ‹lor-

334 2791 463 2848 mitionis
483 2795 556 2866 ejus.
577 2815 590 2841 »ι
617 2791 662 2849 lbi
691 2807 751 2848 non
768 2797 885 2851 tautum
912 2792 1092 2852 consuetudo
1118 2807 1171 2868 pro
1194 2791 1320 2850 mortuis
1349 2805 1412 2866 pre

335 2885 423 2944 candi
442 2887 606 2962 echpitur,
627 2903 731 2948 vorum
748 2890 838 2948 mam
851 2888 889 2948 ob
902 2889 961 2948 boc
976 2889 1039 2948 dies
1058 2889 1260 2948 anniversaria
1279 2887 1412 2947 decerni·

334 2990 393 3044 tur.
417 2984 452 3050 In
470 2985 565 3060 capite
577 3001 624 3043 xr.
638 2984 705 3044 ·Dc
721 2984 931 3046 liubortutioue
945 2989 1186 3062 resumtis-post
1206 2987 1340 3062 primum
1352 3001 1414 3044 mu-

334 3083 506 3142 trtmonium
519 3081 558 3141 ad
574 3084 713 3142 marttum
728 3083 878 3160 loquitur:
904 3109 916 3134 a
929 3085 1030 3161 Neque
1044 3086 1122 3144 enim
1136 3085 1291 3161 pristinam
1306 3084 1415 3159 poterit

333 3181 450 3258 odisse,
470 3183 520 3241 cul
538 3183 627 3240 mam
643 3181 850 3260 religiosiorem
876 3199 1008 3243 reservas
1029 3183 1225 3259 ailcotbnern,
1239 3187 1275 3241 ut
1286 3185 1354 3258 jam
1372 3198 1415 3240 re·

334 3285 435 3355 ceptae
448 3279 526 3356 apud
540 3279 715 3357 Dominum,
733 3297 787 3357 pro
801 3284 886 3358 cnjus
905 3283 1010 3358 spiritu
1023 3281 1173 3358 postulas,
1194 3297 1248 3358 pro
1262 3297 1324 3358 qua
1336 3279 1415 3340 obla·

333 3379 427 3438 tiones
441 3393 553 3438 annuas
567 3379 694 3438 redula.»
706 3379 761 3439 llis
773 3382 941 3456 praemissis
952 3383 1045 3440 satius
1060 3383 1227 3457 exponitur,
1242 3395 1304 3456 qua
1318 3384 1416 3438 mente

334 3475 441 3537 dixerit
457 3493 550 3554 nuper
563 3495 722 3556 expensam
736 3481 909 3539 seutentiam
926 3479 1144 3538 Tertullianus:
1171 3503 1183 3528 «
1195 3478 1312 3539 Viderit
1332 3479 1415 3537 insti·

333 3577 408 3634 tutio
421 3579 497 3652 ista;
514 3577 657 3637 kalendae
670 3579 696 3638 si
708 3577 783 3638 iortc
799 3577 962 3638 februariae
976 3577 1192 3654 respondebunt
1204 3577 1248 3637 illi
1267 3592 1324 3653 pro
1337 3593 1414 3635 mor-

333 3673 392 3731 tuis
410 3679 515 3748 petere.
533 3699 546 3726 υ
569 3676 604 3734 In
617 3675 693 3735 libro
706 3676 742 3736 de
754 3676 884 3753 Corona,
907 3693 1038 3736 asserens
1052 3683 1163 3738 statuta
1181 3691 1284 3734 aarum
1297 3690 1415 3750 rernm,

333 3785 409 3846 quae
427 3785 487 3830 nou
506 3778 590 3832 erant
608 3775 736 3851 scripta,
758 3775 927 3850 accipienda
943 3791 1007 3835 esse
1026 3777 1141 3835 etiamsi
1164 3774 1255 3834 solius
1279 3773 1416 3832 tradltlo-

334 3869 380 3928 uls
393 3869 502 3946 titulo,
520 3875 549 3929 et
561 3873 722 3946 patrocinio
735 3873 974 3950 consuetudinIs,
995 3875 1073 3932 inter
1086 3873 1146 3934 alia
1158 3875 1256 3948 captia
1274 3877 1415 3932 numerat

376 4118 410 4182 (1)
424 4119 462 4170 Ad
473 4123 544 4172 Born.
561 4135 583 4172 c.
601 4126 653 4174 XV.
672 4131 710 4174 ³0.
727 4149 758 4161 -
774 4124 809 4187 (2)
821 4125 858 4175 sd
870 4125 962 4175 carim.
978 4134 1001 4175 2.
1015 4140 1037 4174 c.
1054 4131 1075 4174 1.
1099 4127 1131 4174 Il.
1149 4150 1180 4162 ·-
1196 4123 1232 4186 (3)
1247 4125 1286 4174 De
1300 4122 1341 4172 bis
1357 4134 1412 4170 corr·

334 4199 371 4249 ier
386 4213 450 4262 quae
468 4215 547 4265 nuper
565 4203 643 4252 ediutt
668 4204 818 4254 clarissimus
833 4205 872 4254 vir
897 4207 924 4254 P.
942 4207 970 4254 L.
989 4205 1017 4254 li.
1035 4205 1116 4254 Dracb
1139 4204 1165 4252 in
1187 4215 1261 4266 opere
1283 4201 1404 4263 inscripto

297 4319 304 4338 .
335 4282 371 4332 De
386 4281 401 4330 l’
411 4283 519 4332 armenie
535 4285 602 4334 entre
620 4284 636 4333 l'
648 4285 728 4346 Egllse
743 4287 767 4334 ei
782 4285 806 4334 la
826 4289 968 4348 synagogue
987 4288 1033 4335 etc.
1051 4285 1086 4336 to,
1105 4292 1184 4346 apag.
1203 4291 1226 4334 5.
1241 4284 1267 4332 et
1278 4281 1352 4330 ultra.
