2964 5174
799 379 981 436 ulti-

673 583 1019 648 Puoroslulo
1051 585 1112 649 VI.

354 784 553 846 accessam
580 781 870 860 hierosolymitanae,
901 789 932 844 ct
952 801 1074 862 procace
1101 785 1278 863 expenditur
1297 783 1332 845 dc
1354 787 1418 848 Sci»

389 885 490 961 piaris
507 881 804 942 castrationem
820 885 926 942 ceteris
937 880 1067 960 foederis
1082 881 1235 958 daciano,
1261 899 1320 942 aon
1342 885 1419 944 secla

394 984 434 1041 sis
451 978 635 1054 rationibus,
661 979 767 1056 quiores
783 979 880 1039 dictae
903 979 1052 1040 Eooaaoe
1070 979 1109 1062 ab
1134 981 1203 1041 adis
1222 979 1419 1059 qaodorrmoodo

393 1077 540 1152 secedam,
556 1093 592 1136 ac
606 1075 643 1136 de
659 1076 796 1136 vocabuli
808 1077 946 1152 inlapsos
963 1078 1130 1156 apocrypha
1141 1082 1233 1139 corta
1245 1079 1419 1158 aiyoifleotic

369 1232 372 1239 .
392 1174 490 1235 aileu.
507 1174 634 1234 Dauom
653 1177 746 1233 mium
761 1178 967 1251 orcomenam
986 1180 1118 1236 mamam
1133 1175 1182 1236 tic
1192 1176 1379 1254 persolvitur.

402 1373 430 1448 s.
451 1373 477 1431 Ι.
500 1369 609 1430 Ceteris
629 1371 734 1429 merito
751 1371 956 1447 praeponenda
977 1378 1043 1432 erat
1066 1372 1419 1450 hierosolymitanalicde

355 1471 415 1545 sia,
436 1474 537 1544 utpote
558 1483 634 1542 quoe
650 1467 874 1543 Redemptorem
894 1485 980 1530 suum
999 1470 1089 1544 vidit,
1113 1469 1191 1529 illius
1214 1469 1309 1528 rerba
1324 1469 1419 1528 auau-

356 1570 447 1644 tavit,
464 1572 493 1626 et
510 1565 548 1625 ab
567 1582 603 1624 aa
627 1567 660 1623 in
679 1566 753 1624 alias
772 1566 850 1626 orbis
869 1570 1000 1644 regiones
1020 1565 1151 1643 Apostoli
1170 1574 1327 1642 menatae,
1341 1567 1419 1625 liran·

357 1665 466 1741 galium
481 1663 733 1740 praedicaverunt.
747 1662 903 1741 Attamen,
915 1667 1001 1724 sicuti
1018 1667 1182 1724 institutum
1198 1681 1317 1740 meum,
1335 1665 1418 1724 hocin

357 1780 458 1838 opere,
475 1763 595 1821 omnino
614 1777 651 1820 ex
671 1760 877 1838 Apostolorum
895 1762 1028 1822 docuina
1045 1765 1233 1839 repetendum
1251 1769 1330 1839 erat,
1345 1780 1418 1838 pan

357 1863 414 1937 ipsi
431 1877 469 1920 ex
482 1875 532 1919 ore
545 1858 654 1918 Christi
670 1861 803 1936 magistri
823 1862 998 1937 excipientes
1015 1860 1148 1920 fidelibus
1168 1862 1291 1938 litteris,
1317 1861 1360 1919 vel
1371 1876 1418 1919 ser·

359 1974 446 2018 mone
462 1957 655 2033 mandarunt,
669 1973 815 2033 quamque
827 1974 882 2017 nos
897 1958 936 2018 ob
951 1959 1050 2018 oculos
1062 1959 1213 2035 habentes,
1227 1960 1276 2018 vel
1290 1957 1419 2017 aud-tos

357 2056 549 2130 meditamur,
566 2060 654 2129 prout
676 2056 708 2113 in
734 2057 832 2114 varias
858 2056 937 2115 orbis
963 2057 1065 2133 plagas
1091 2060 1241 2116 venientes
1258 2057 1417 2129 docuerunt,

356 2159 386 2214 et
403 2160 436 2213 ut
451 2155 578 2229 apertius
597 2169 643 2212 ras
656 2159 757 2212 nostm
772 2161 921 2230 ageretur,
933 2161 1076 2230 posuemo
1090 2155 1155 2214 loeo
1167 2155 1418 2232 Hierosolymorum

357 2250 518 2312 Ecclesiam
530 2251 649 2326 remisi3
665 2252 712 2310 oui
727 2253 845 2328 insuper
857 2252 931 2311 urihi
943 2269 1113 2330 graecorum
1129 2252 1253 2312 Petrum
1265 2253 1418 2312 documenta

358 2348 465 2408 addere
485 2351 583 2407 visum
607 2347 682 2423 iuit3
701 2353 785 2424 cujus
805 2351 848 2407 rei
865 2365 954 2409 causa
970 2349 1048 2409 infra
1064 2350 1183 2426 patebit.

397 2447 425 2521 3.
448 2445 487 2504 11.
511 2445 587 2504 Ante
604 2461 705 2504 omnes
721 2449 833 2522 prtinus
853 2446 1059 2523 Apostolorum
1086 2452 1174 2508 aetati
1186 2452 1338 2524 proximus
1349 2447 1417 2506 nobis

356 2543 454 2603 adstat
469 2543 519 2602 ille
542 2546 589 2602 vir
604 2550 735 2621 martyr,
753 2544 887 2604 lustinus
906 2546 1095 2621 philosophus
1114 2546 1237 2622 Neapoli
1257 2547 1418 2606 Palaestinae

358 2641 430 2700 urbe
444 2646 542 2700 name.
558 2641 587 2700 Is
600 2644 669 2700 totis
683 2642 795 2701 viribus
811 2645 902 2702 animi
917 2643 1066 2704 alacritate
1078 2644 1272 2721 Evangelium
1290 2643 1417 2720 praedica·

342 2741 417 2813 wit,
441 2743 470 2796 et
485 2753 584 2796 coram
604 2737 738 2814 gentibus
757 2744 787 2797 et
796 2738 912 2815 judaeis
932 2738 1080 2799 Christum
1099 2740 1249 2815 professus
1268 2746 1331 2815 est,
1344 2737 1418 2797 donec

357 2835 469 2895 Romae
486 2853 539 2911 pro
552 2852 586 2894 eo
604 2838 775 2912 sanguinem
794 2835 909 2896 effudit.
927 2837 1036 2896 Multos
1053 2840 1183 2915 scripsit,
1201 2844 1276 2898 teste
1294 2837 1417 2911 Hierony-

356 2949 425 3008 mo,
446 2933 547 3008 lihros,
562 2949 686 3009 quorum
706 2935 840 2992 nonnulli
861 2937 1018 3010 perierunt.
1042 2936 1103 2994 Nos
1123 2941 1222 2994 autem
1248 2953 1289 2994 ex
1309 2937 1363 3008 its,
1381 2933 1419 3006 qli

359 3037 525 3107 supersunt,
538 3033 570 3088 in
587 3048 618 3090 re
629 3039 730 3091 nostra
740 3032 906 3108 judicantes
919 3033 1057 3093 discirms
1070 3033 1263 3110 Septuaginta
1277 3034 1419 3092 versionem

359 3145 429 3205 prae
448 3129 584 3187 manibus
603 3129 739 3189 iuuisse
755 3130 858 3196 divum
871 3138 1048 3208 mmyrem,
1061 3148 1150 3207 mam
1161 3133 1278 3206 saepius
1290 3146 1354 3189 cum
1370 3127 1419 3186 aliis

357 3225 480 3302 Aquilae
500 3233 529 3286 et
541 3227 747 3286 Theodotionis
764 3229 906 3304 eontulit,
924 3245 1054 3306 quasque
1070 3231 1173 3288 merito
1191 3229 1373 3305 aegyptiacae
1387 3223 1419 3282 illi

356 3325 576 3400 antiquissimae
592 3325 778 3401 posthabuit,
795 3333 860 3385 uim
878 3329 911 3384 in
930 3327 1086 3386 verborum
1104 3329 1351 3403 interpretatione,
1370 3327 1418 3379 tin

356 3421 388 3479 in
407 3420 549 3480 librorum
565 3439 715 3481 sacrorum
731 3426 887 3501 censione,
908 3440 983 3499 quos
1003 3425 1076 3484 haec
1090 3424 1195 3483 ultima
1213 3418 1416 3500 praeseferebat·

356 3517 455 3577 Primo
483 3519 547 3578 loco
570 3521 704 3597 apologia
728 3537 767 3578 11.
795 3537 849 3596 pro
864 3521 1030 3580 christianis
1046 3522 1084 3597 (1)
1099 3522 1137 3580 de
1162 3522 1291 3580 hominis
1308 3518 1419 3578 unaue

358 3615 504 3676 disserens
522 3617 673 3676 lustinus:
693 3618 818 3694 «Neque
833 3618 901 3696 ille,
917 3622 1163 3696 remuneratione,
1178 3621 1238 3696 ait,
1255 3625 1287 3678 ct
1300 3615 1378 3677 laude
1388 3611 1419 3669 di·

358 3729 433 3788 gnus
453 3721 549 3792 esset,
567 3718 593 3775 si
611 3733 662 3791 per
683 3733 714 3776 se
729 3719 825 3792 ipsum
842 3717 952 3776 bonum
970 3733 1030 3776 non
1050 3717 1188 3794 eligeret,
1206 3715 1259 3775 sed
1271 3716 1361 3775 bonos
1372 3707 1417 3768 edi·

355 3816 404 3868 tus
422 3810 516 3888 foret,
535 3813 587 3872 sed
604 3830 698 3892 neque
718 3815 813 3874 malus
833 3817 859 3874 si
873 3822 968 3891 esset,
988 3819 1068 3891 juste
1089 3817 1241 3874 tormentis
1261 3813 1417 3880 afficeretur,

358 3911 410 3984 qui
423 3925 484 3969 non
497 3926 533 3969 ex
548 3928 579 3970 se
596 3915 659 3988 ipso
675 3913 743 3972 talis
756 3919 843 3989 esset,
857 3915 964 3990 quippe
974 3916 1024 3990 qui
1039 3914 1113 3972 nihil
1128 3913 1220 3990 aliud,
1236 3917 1417 3989 praeterquam

360 4006 440 4084 quod
466 4007 562 4085 iactus
588 4017 681 4086 asset,
711 4027 773 4070 asse
791 4017 905 4089 posset,
923 4037 936 4062 a
953 4019 982 4072 et
998 4012 1192 4071 Ecclesiastici
1214 4010 1305 4070 verba
1322 4016 1418 4066 sunem

359 4104 525 4183 subjungit:
549 4133 561 4157 a
576 4107 693 4175 Ἐδίδαξε
714 4110 739 4163 δέ
758 4109 829 4182 ἡμεῖς
849 4111 978 4166 ταῦτατὸ
997 4108 1071 4182 ἅγιον
1096 4111 1252 4182 recensitas
1277 4099 1418 4177 assipitti

388 4314 422 4375 (t)
443 4315 591 4379 Lutetiaep.
603 4323 641 4366 81.
