3060 5170
848 409 1027 462 -iat-

392 518 431 578 ln
448 519 639 598 speluncam,
664 533 740 596 quae
760 524 862 578 auctor
882 516 1127 577 Macbabaeorum
1144 517 1234 594 dicit,
1254 533 1310 578 eam
1325 524 1422 580 notitiam

401 616 439 677 ab
459 616 657 695 apographis,
680 619 745 676 sive
760 617 977 693 exemplaribus
998 619 1116 693 scriptis
1138 617 1293 677 Hieremiae
1307 619 1423 694 bamba,

403 731 588 792 nequaquam
609 715 711 775 itidem
729 715 885 792 Scripturis
908 713 1166 775 Proto-Canonicis
1190 716 1354 775 contradicit.
1372 717 1426 774 Haec

402 813 525 875 historia
538 815 648 873 varein
662 815 786 873 vetustis
799 812 992 872 hebraeorum
1009 811 1161 890 hueusque
1181 813 1363 889 superstitibus
1375 813 1427 872 Seri·

400 915 496 990 pluris
514 910 619 971 nullibi
638 913 795 970 memoriae
812 911 953 971 mandatu
973 919 1037 986 est3
1058 927 1152 988 neque
1170 913 1279 988 Regum
1298 912 1428 986 librineque

400 1010 663 1086 Paralipomenon,
681 1026 735 1068 nec
756 1009 920 1069 Hieremiae
938 1011 1081 1068 vadcinla
1100 1025 1165 1068 eam
1187 999 1370 1068 tradunt'Sed
1384 1025 1428 1067 cun

401 1125 436 1168 ea
457 1115 538 1186 gesta
560 1108 639 1168 baud
658 1110 763 1168 litteris
782 1109 892 1168 tradita
911 1111 992 1187 sint,
1015 1124 1186 1185 nonaeque
1206 1109 1388 1185 arguituresse
1400 1122 1428 1164 re·

403 1207 537 1284 pellenda
557 1209 642 1286 quasi
665 1225 747 1266 mera
766 1206 919 1266 hominnm
940 1214 1115 1267 commenta.
1136 1208 1174 1266 Et
1186 1209 1315 1285 quamms
1327 1205 1429 1264 haecnor
1488 1221 1489 1298 ι

405 1305 569 1364 habeantur
587 1307 619 1364 in
639 1305 705 1371 aliis
732 1304 891 1382 Scripturis
912 1304 1192 1382 ProtuCanonicis,
1223 1311 1342 1366 attarmn
1357 1301 1431 1361 indicia
1488 1319 1489 1332 ¹

404 1405 477 1464 satis
498 1409 648 1481 opertaen
662 1403 785 1464 historia
798 1403 990 1464 hebraeorum
1003 1411 1146 1464 eruuntur
1159 1405 1199 1464 ad
1212 1404 1312 1463 horum
1325 1407 1431 1479 ςειῒοιιιιι

404 1505 584 1580 munimem
604 1501 792 1561 firmandam.
812 1501 944 1562 Primum
964 1501 1104 1578 quidem,
1123 1499 1199 1561 liber
1214 1517 1257 1559 ru.
1280 1495 1432 1576 liugom,uli

404 1603 502 1677 capite
520 1600 641 1677 ultimo,
661 1603 783 1660 exitium
803 1599 985 1660 Hierusalem
1006 1607 1036 1660 et
1054 1600 1155 1676 tempii
1174 1600 1354 1673 describitur,
1365 1602 1434 1655 cinno

402 1713 543 1784 uasorum
561 1700 693 1759 omnium
713 1713 866 1758 sacrorum
887 1698 996 1760 delatio
1008 1699 1039 1756 in
1053 1701 1202 1776 regionem
1216 1691 1435 1774 assyriorumnl·

404 1799 595 1857 nimecenset
606 1797 852 1874 tabernaculum,
876 1811 994 1874 arcam,
1017 1797 1125 1874 altare,
1144 1811 1222 1872 quae
1234 1798 1435 1872 potissimumue

403 1895 495 1955 tanda
513 1894 609 1954 forent
626 1901 728 1972 utpote
747 1899 867 1972 majoris
887 1899 983 1972 pretii.
1004 1897 1078 1955 ltem
1100 1895 1269 1970 Hieremia,
1287 1892 1434 1967 Paralipone

400 2009 479 2072 non,
498 1996 614 2054 ruinam
628 1996 739 2070 pariter
752 1999 905 2054 narrantes
919 1995 1208 2073 Hierosolymorum,
1229 2000 1258 2053 et
1274 1995 1347 2068 auri,
1358 1986 1435 2064 agell
1488 2035 1489 2038 ι

403 2095 535 2169 remque
555 2095 632 2152 sacri
651 2091 866 2170 direptionem,
887 2092 924 2152 de
944 2092 991 2152 bis
1003 2108 1040 2151 ne
1054 2092 1177 2152 verbum
1190 2091 1318 2168 quidem.
1335 2087 1434 2147 Educittt

402 2207 473 2268 ergo
491 2191 564 2252 baec
586 2207 659 2251 rusa
682 2206 768 2252 sacra
787 2209 847 2250 non
872 2191 963 2252 luisse
982 2192 1165 2271 Babylonem
1186 2195 1346 2268 exportata.
1359 2185 1435 2244 Sdnu

403 2289 522 2366 insuper
534 2287 636 2348 elibro
649 2305 703 2348 111.
721 2289 836 2366 Regum
844 2302 872 2349 o.
889 2305 966 2348 urrr.
982 2288 1169 2349 Salomonem
1182 2285 1361 2347 transtulisse
1372 2291 1435 2339 aab

402 2401 471 2446 cum
490 2387 572 2446 ornnl
592 2386 783 2464 suppellectili
800 2385 857 2446 sub
875 2386 979 2465 Moyse
990 2385 1171 2446 elaboratam
1187 2387 1221 2444 in
1233 2381 1381 2460 templum:
1397 2373 1435 2430 «ll
1488 2451 1489 2476 χ

402 2489 594 2562 portaverunt
608 2501 706 2546 arcam
719 2485 858 2563 Domini,
878 2492 908 2544 et
925 2484 1149 2544 tabernaculum
1162 2483 1323 2557 Foederis,
1339 2485 1365 2538 ot
1373 2473 1437 2535 anub

402 2599 485 2644 vasa.
497 2583 680 2661 sanctuarii,
702 2599 778 2662 quae
790 2589 875 2643 erant
886 2585 919 2642 in
931 2583 1161 2643 tabernaculo..
1176 2626 1184 2641 .
1197 2581 1238 2641 Et
1256 2579 1398 2640 tomiano
1411 2583 1436 2630 it

403 2681 534 2741 cerdotes
551 2697 651 2741 arcam
673 2681 809 2742 Foederis
831 2681 949 2740 Domini
969 2683 1001 2740 in
1023 2681 1121 2740 loeum
1141 2695 1252 2756 suum,
1274 2681 1305 2738 in
1328 2671 1436 2736 oraculm

402 2779 514 2856 templi.
529 2805 542 2830 »
565 2779 647 2840 intra
669 2795 757 2858 porro
777 2780 854 2840 beno
878 2779 1000 2841 domum
1023 2779 1142 2839 Domini
1165 2779 1240 2840 haee
1263 2778 1356 2838 omnia
1373 2781 1436 2831 serit
1488 2791 1489 2820 i

403 2883 455 2954 ta,
477 2893 495 2936 a
508 2878 675 2956 Hieremia,
690 2880 818 2939 instante
832 2881 918 2938 ruina
930 2881 1049 2956 tempii,
1065 2877 1322 2938 verosimillimum
1333 2879 1371 2934 est
1381 2869 1438 2930 aira
1488 2909 1489 2914 η

403 2975 494 3036 fnisse
506 2979 538 3037 in
555 2983 705 3056 montem,
728 2977 979 3056 quemadmodum
992 2977 1064 3038 dicit
1078 2975 1328 3036 lilaohabaeorum
1344 2967 1436 3032 maria.

406 3075 444 3135 Et
461 3077 517 3136 boc
537 3076 614 3136 binis
632 3077 669 3138 de
690 3080 786 3138 causis
809 3075 909 3154 perlici
930 3078 1025 3153 potuit
1047 3080 1190 3134 asunom
1210 3073 1364 3150 Propheta.

445 3171 491 3232 Ex
512 3191 571 3250 quo
585 3175 642 3234 sub
660 3175 778 3253 regibus
800 3175 877 3234 luda
905 3179 934 3234 et
947 3173 1080 3234 Joachr'm
1094 3173 1240 3250 sedecia,
1258 3169 1387 3247 tempium
1405 3162 1437 3224 Di·

405 3274 479 3332 mini
497 3272 583 3333 idolis
602 3273 744 3352 dicatum,
764 3279 794 3334 ct
805 3274 937 3334 omnium
955 3267 1086 3351 gentium
1106 3273 1337 3332 abominationes
1348 3265 1441 3344 patrata

406 3370 488 3432 luere
507 3373 540 3430 in
557 3371 621 3431 loco
641 3379 765 3448 sancto,
788 3379 823 3434 ut
844 3379 932 3433 testes
951 3378 1022 3433 sunt
1043 3374 1150 3431 citatus
1173 3369 1338 3444 Hieremia,
1358 3370 1382 3424 ei
1398 3358 1441 3416 lire

407 3469 483 3531 abiel
506 3473 658 3550 speciatim
681 3472 713 3530 in
726 3475 820 3548 capite
833 3487 908 3531 vrrr.
923 3479 953 3532 et
970 3488 1018 3530 ιιι.
1033 3485 1069 3530 ae
1081 3485 1165 3530 sacer
1177 3469 1353 3542 Delenitus,
1365 3471 1442 3522 omna

405 3585 462 3646 que
484 3572 629 3630 mosaicae
649 3573 847 3632 institutiones
864 3573 895 3632 in
914 3571 1002 3630 domo
1024 3569 1077 3630 Dei
1097 3567 1280 3645 explendae,
1301 3555 1441 3643 praeterfuit

405 3683 478 3744 soe,
495 3675 567 3730 tunc
584 3669 748 3731 Hieremias
772 3671 915 3732 honorem
942 3669 995 3730 Dei
1017 3669 1203 3745 aemulatus,
1236 3663 1444 3728 consideranti

405 3766 497 3844 pollui
517 3766 583 3829 loca
602 3771 769 3846 saepissime
788 3767 897 3830 diuinis
917 3760 1063 3829 illustrata
1086 3767 1198 3843 radiis,
1218 3782 1254 3826 ac
1272 3778 1333 3825 nna
1348 3759 1443 3820 donau

405 3867 547 3928 ultionem
565 3870 596 3929 ln
614 3869 721 3946 lsrael,
735 3876 764 3929 et
776 3867 995 3947 Sanctuarium,
1010 3885 1099 3946 prope
1113 3855 1283 3927 addituram
1295 3857 1444 3942 praecidens,

405 3966 535 4045 ejusdem
558 3967 612 4030 Dei
635 3979 774 4046 responso
792 3969 848 4028 sibi
869 3969 965 4052 facto,
986 3967 1049 4027 lieri
1069 3969 1181 4044 potuit,
1208 3973 1242 4026 ut
1265 3979 1361 4026 arcam
1382 3964 1405 4016 ei
1419 3957 1444 4010 ir·

404 4067 615 4147 bernaculum‘,
639 4075 668 4129 et
693 4069 785 4129 altare
808 4071 920 4129 incensi
943 4067 1089 4129 intulisset
1113 4067 1145 4127 in
1167 4067 1355 4144 speluncam,
1377 4057 1447 4128 throne

405 4167 591 4228 condidisset.
622 4166 779 4246 Secundo,
800 4169 856 4228 boc
870 4168 1043 4228 obtinuisset
1065 4167 1243 4243 Hieremias,
1268 4150 1444 4224 maduerit

405 4265 515 4326 bonore
533 4275 564 4327 et
581 4269 789 4344 ueneratione,
813 4283 874 4344 qua
900 4281 920 4326 a
941 4265 1228 4328 Nabuebodonosuro
1246 4253 1446 4338 etpriuoinibit

404 4371 466 4430 suis
486 4370 611 4430 aflectus
631 4369 704 4446 luit,
727 4377 756 4429 ei
776 4371 851 4447 qul,
871 4374 957 4446 capta
977 4366 1181 4445 Hierusalem,
1206 4366 1365 4425 libertatem
1377 4358 1399 4416 ei
1415 4351 1440 4409 lt
