3022 5178
847 367 1026 420 -152-

393 478 430 540 de
446 489 514 540 eum
540 493 610 537 vero
624 475 719 551 (dixit
737 478 765 534 ei
782 475 885 551 Pater)
901 479 952 552 qul
979 479 1058 535 enlm
1081 475 1193 536 habitat
1216 479 1248 536 ln
1267 479 1365 558 coelis,
1384 481 1460 560 licha,

394 592 566 654 prosperum
585 578 642 634 lter
655 572 793 650 praebeat
812 581 962 649 vestrum3
982 580 1011 633 et
1025 573 1156 651 Angelus
1178 579 1239 651 ejus
1258 583 1348 637 vester
1366 582 1400 638 sit
1414 598 1450 640 oo

391 687 454 735 mes
469 678 500 734 in
514 677 580 733 vla.
592 717 600 731 .
611 717 617 730 .
630 717 640 730 .
653 671 784 748 Angelus
800 674 879 731 anim
892 671 986 730 bonus
1005 673 1192 732 comitabitur
1210 675 1256 748 el,
1275 681 1303 734 ct
1319 691 1449 752 prospera-

390 773 471 833 bitur
488 774 538 830 via
557 769 651 845 illius,
673 774 702 827 et
720 775 880 828 revertatur
901 785 1001 828 sanus.
1016 794 1029 820 u
1048 769 1128 828 Haeo
1144 769 1181 830 de
1202 770 1353 847 scripturis
1365 773 1451 834 Deute-

390 874 432 929 ris
451 869 617 928 testimonia
635 864 721 925 nobis
738 869 881 926 concessit
900 873 1019 926 sanctus
1038 865 1150 926 doctor.

430 967 516 1026 Nunc
533 964 663 1025 notanda
692 971 866 1040 supersunt,
888 981 964 1041 quae
983 967 1113 1030 carmine
1131 967 1168 1025 ad
1189 965 1338 1026 Seleucum
1356 970 1452 1043 scripsit

390 1067 468 1124 circe
486 1065 541 1123 has
558 1063 734 1138 Scripturas.
756 1063 813 1122 Hic
829 1063 898 1122 ildei
916 1067 946 1122 et
967 1079 1083 1122 morum
1097 1065 1154 1140 ipsi
1170 1064 1342 1124 documenta
1352 1067 1451 1124 uadens

390 1164 538 1222 Cononem
560 1161 729 1222 divinamm
749 1160 966 1238 Scripturarum
983 1164 1177 1222 oerdssimum
1197 1163 1333 1222 describit
1349 1163 1404 1222 fere
1417 1181 1451 1222 eo

390 1261 458 1320 dem
485 1259 603 1335 ordine,
631 1275 690 1335 quo
713 1275 784 1318 usus
804 1265 848 1321 est
867 1273 960 1334 nuper
979 1259 1141 1319 celebratus
1158 1259 1296 1337 Cyrillus.
1316 1260 1451 1335 Postquam

389 1361 468 1418 enim
489 1372 660 1434 graecorum
670 1356 832 1432 disciplinis
850 1372 948 1416 sacras
962 1356 1127 1432 Scripturas
1141 1359 1260 1418 omnino
1273 1357 1451 1434 praeferendas

388 1457 484 1534 dixit,
507 1461 537 1515 at
554 1456 639 1532 quast
657 1455 779 1514 ancillas
796 1455 863 1514 illas
877 1453 991 1532 haberi,
1004 1455 1103 1515 addit:

373 1552 377 1562 ’
558 1609 577 1638 ,,
592 1573 664 1632 iltis
681 1571 739 1626 ἀλλ’
754 1571 838 1626 ἐκεῖνο
858 1570 1021 1646 προσμαθεῑν
1045 1573 1164 1642 μάλιστά
1187 1593 1228 1627 σοι

590 1667 732 1736 Προσῆκον’
751 1662 795 1717 oo'n
811 1661 907 1718 ἅπασα
923 1663 1016 1730 βίβλος
1036 1662 1174 1737 ἀσφαλής,

585 1755 617 1809 'H
634 1756 727 1825 σεμνόν
750 1753 832 1826 ὄνομα
852 1758 897 1818 τῆς
916 1761 1019 1828 γραφῆς
1042 1757 1194 1829 κεκτημένη·

592 1844 670 1898 Εἰσὶν
692 1847 763 1918 γάρ,
786 1845 855 1899 eleb
878 1844 934 1900 ἔσθ’
955 1843 997 1901 ὅτε
1017 1845 1178 1919 absolutarum

591 1935 694 2002 Βίβλον
710 1937 775 1998 τινὲς
788 1936 835 2007 μέν
855 1935 980 2008 ἔμμεσοι,
998 1939 1044 1991 καὶ
1062 1937 1174 2008 γείτονες

572 2027 629 2096 (Ὡς
651 2023 681 2081 ἄν
701 2027 743 2088 τὶς
759 2025 846 2086 εἴποι]
863 2029 908 2081 ταῖν
925 2026 1053 2090 ἀληθείας
1066 2029 1159 2100 λόγων*

594 2115 634 2174 ΑΓ
647 2118 666 2174 δ’
684 2115 719 2174 αὖ
735 2117 807 2174 νόθοι
827 2121 856 2174 τὲ
873 2119 918 2176 καὶ
933 2119 991 2176 λίαν
1005 2121 1169 2193 ἐπισφαλεῖς.
1189 2120 1238 2170 eie.

386 2231 408 2288 i.
423 2246 450 2288 e.
466 2229 674 2290 Verumtamen
696 2230 770 2289 illud
789 2230 900 2290 discere
916 2237 947 2290 tc
966 2237 1079 2307 oportet
1092 2233 1231 2307 maxime3
1251 2247 1311 2290 non
1330 2231 1413 2289 omnis
1423 2227 1447 2287 li·

386 2325 440 2387 ber
456 2334 553 2404 tutus,
574 2331 626 2404 qui
647 2329 847 2388 venerandum
865 2345 972 2388 nomen
987 2327 1153 2405 Scripturas
1171 2331 1257 2406 gerit.
1280 2328 1352 2389 Sunt
1367 2331 1444 2402 enim,

390 2431 461 2484 sunt
480 2425 566 2500 libri,
586 2428 637 2502 qui
658 2425 767 2484 falsum
790 2443 898 2484 nomen
918 2432 1041 2503 gerunt,
1063 2427 1182 2502 quidam
1201 2433 1299 2485 autern
1318 2425 1448 2498 medli‚et

386 2522 491 2582 affines
507 2522 515 2598 l
524 2529 611 2599 prout
622 2525 688 2598 quis
706 2523 831 2600 diceret)
847 2524 1028 2583 sermonibus
1045 2527 1186 2583 veritatis.
1203 2523 1265 2582 Alii
1280 2539 1349 2582 vero
1366 2524 1446 2597 spurii,

385 2627 416 2680 at
432 2621 518 2680 valde
536 2623 628 2679 noxii.
646 2620 691 2679 0b
705 2621 762 2680 hoe
779 2623 876 2681 dicam
896 2623 949 2680 tibi
963 2622 1105 2680 divinitus
1118 2623 1276 2696 inspiratos
1294 2620 1412 2698 singidos
1423 2619 1446 2674 li·

386 2717 473 2795 bros,
487 2724 521 2779 ut
533 2718 670 2779 distincte
683 2719 795 2779 discere
813 2722 917 2795 possis.
937 2719 1102 2796 Scripturas
1115 2722 1221 2778 veteris
1237 2717 1446 2792 testamentipri-

385 2831 468 2875 mum
488 2814 596 2874 dicarm
611 2816 646 2873 In
656 2816 852 2876 Pentateucho
867 2817 957 2876 habes
969 2817 1117 2893 Genesim,
1131 2818 1280 2895 Exodum,
1298 2817 1445 2886 Leviticun,

385 2911 546 2989 Numeros,
565 2913 833 2974 Deuteronomium.
850 2915 904 2974 llis
918 2915 992 2974 adde
1007 2915 1124 2992 Iesum,
1139 2915 1274 2992 Iudices,
1289 2914 1385 2989 Ruth,
1397 2925 1447 2986 qua·

385 3016 453 3070 tuor
474 3008 564 3070 libros
580 3012 715 3089 Regum,
735 3013 809 3072 duos
830 3013 1087 3090 Paralipomenon,
1109 3019 1139 3071 ct
1158 3013 1269 3074 Esdrae
1291 3012 1371 3072 duos.
1390 3009 1447 3068 Tun

384 3111 515 3185 quinque
536 3125 624 3169 versu
651 3110 784 3170 conditos
801 3111 892 3171 libros
912 3111 1002 3171 hahes
1019 3112 1091 3189 Iob,
1113 3111 1269 3188 Psalmos,
1288 3109 1445 3181 Salomonis,

382 3206 568 3284 Paraemias,
590 3207 800 3286 Ecclesiasten,
822 3210 976 3269 Canticum
998 3209 1194 3268 Canticorum.
1219 3210 1283 3270 Hos
1312 3211 1446 3284 sequunur

384 3303 538 3364 duodecim
548 3305 650 3384 Vates,
662 3305 749 3383 Osca,
764 3306 867 3384 Amos,
880 3307 1025 3382 Michaea,
1036 3307 1111 3383 Jocl,
1123 3307 1230 3384 Abdia,
1243 3307 1331 3382 lona,
1340 3303 1444 3374 Nahum,

382 3399 518 3480 Abacuc,
533 3401 698 3480 Sophonia,
716 3404 868 3481 Aggasus,
883 3404 1042 3481 Zacharia,
1061 3403 1218 3464 Malachla.
1240 3405 1312 3464 Post
1330 3403 1380 3462 hos
1392 3401 1444 3460 Pro

382 3498 487 3574 phetae
508 3505 635 3576 quatuor
651 3501 769 3578 Esaias,
786 3502 965 3578 Hieremias,
985 3502 1134 3578 Ezechiel,
1158 3508 1187 3561 ct
1204 3501 1310 3560 ultimo
1328 3501 1387 3559 loco
1400 3497 1442 3554 Da·

380 3596 451 3656 niel.
467 3596 521 3656 His
535 3597 618 3658 libris
634 3599 756 3674 quidam
772 3599 878 3658 Esther
894 3599 1069 3676 adjungunt.
1084 3623 1096 3650 »
1114 3599 1249 3658 Carmine
1265 3607 1301 3658 aa
1319 3597 1354 3673 (t)
1368 3596 1443 3669 dege

380 3696 479 3753 nuinis
496 3694 662 3772 Scripturas
684 3696 766 3758 libris
784 3697 919 3756 eumdem
935 3696 1084 3758 Cononem
1111 3703 1208 3756 censet
1222 3701 1312 3774 juxta
1330 3693 1443 3754 hebraeo·

381 3807 449 3850 rum
468 3791 629 3870 elementa,
650 3800 679 3853 et
699 3793 737 3853 ub
749 3811 785 3853 eo
802 3794 910 3876 Esther
927 3795 1035 3854 librum
1050 3795 1159 3871 abjicit.
1188 3795 1225 3853 In
1244 3789 1379 3867 Carmine]
1392 3797 1443 3846 ved

381 3887 516 3949 Janrhioo
529 3893 619 3951 citato
633 3891 671 3950 ad
685 3891 837 3952 Seleucum
853 3892 946 3970 (qnod
958 3892 1093 3952 nonnulli
1102 3891 1309 3968 Amphilochio
1320 3881 1441 3954 nhumtl

380 3985 455 4048 bene
473 3989 577 4049 doctor
588 3992 723 4068 egreglus
741 3990 881 4050 discrevit
894 3976 1114 4066 Scripturarum‘
1124 3988 1215 4048 libros
1232 3977 1444 4048 cerdimimostb

382 4085 462 4164 illis,
482 4089 535 4165 qul
554 4103 661 4147 nomen
678 4088 785 4150 lalsum
808 4095 928 4165 gerunt,
950 4087 988 4148 ab
1011 4088 1064 4164 ils,
1080 4088 1132 4163 qui
1149 4088 1241 4162 spurii
1258 4079 1442 4154 recantant

411 4297 446 4362 (ι)
459 4301 531 4351 Tam.
545 4301 578 4349 11.
592 4313 616 4365 p.
630 4307 669 4350 aa.
