3094 5184
864 415 1022 468 ..36-

792 619 1020 682 PROPOSITIO
1041 621 1095 681 111.

406 819 452 881 Da
475 821 602 883 trarrsita
633 819 772 878 versionis
799 815 965 877 Bibitornra
993 813 1207 877 alexandrinae
1225 833 1244 876 a
1263 835 1394 898 sqaqapa
1410 823 1444 886 ta·

448 915 794 977 traioainGArtstilesa
805 913 990 988 Ecclesiam,-
1010 913 1140 974 doillias
1161 919 1329 976 anctoritate
1342 919 1375 978 at
1390 922 1445 999 Apa
1508 905 1509 970 j

446 1015 551 1108 stolis,
572 1019 603 1074 ct
622 1032 642 1072 a
654 1015 763 1092 primis
789 1011 981 1090 scriptoribus
1004 1011 1207 1072 serarianas
1229 1017 1411 1092 conprobata·
1426 1027 1447 1081 rt
1508 1015 1509 1066 ἶ

447 1112 484 1172 de
502 1126 623 1172 raumara
642 1111 809 1170 aioinorarn
824 1110 985 1185 librarem,
1015 1113 1066 1187 qai
1083 1127 1119 1170 oa
1139 1115 1268 1170 versione
1286 1117 1445 1194 cantitantur,

446 1209 486 1269 alr
494 1209 628 1269 Ecclesia
640 1207 741 1266 andern
753 1213 881 1286 accepta.
898 1207 955 1266 His
968 1207 1120 1268 addantur
1130 1208 1379 1270 animadoersianes
1387 1231 1450 1289 qaae
1508 1197 1509 1260 i

446 1307 516 1368 wan
532 1311 566 1368 in
585 1305 699 1367 Esdrae
719 1306 885 1380 Comitem,
908 1321 983 1384 qaae
999 1304 1162 1383 platinam
1181 1305 1223 1365 od
1245 1311 1366 1368 natira
1382 1327 1447 1389 arga

447 1412 578 1467 mentam
598 1402 763 1482 conferant.
1508 1379 1509 1414 v

448 1605 477 1680 s.
498 1605 523 1663 1.
546 1603 746 1686 ESynagaga
769 1599 906 1661 hebraica
927 1617 981 1660 nas
1000 1599 1178 1662 haereditate
1195 1595 1346 1678 'acapna
1362 1601 1451 1662 aleiu-

409 1700 560 1760 drinorum
568 1701 755 1775 interpretum
768 1697 948 1774 Scripturas,
973 1697 1114 1775 Magister
1126 1705 1224 1759 noster
1241 1701 1323 1758 lesus
1334 1699 1452 1776 Christus,

411 1793 514 1876 suique
533 1798 688 1876 discipuli,
713 1803 748 1858 ut
769 1797 856 1873 paula
879 1804 947 1856 ante
969 1799 1089 1874 censui,
1110 1799 1182 1857 satis
1200 1795 1369 1858 indicarunt.
1390 1797 1452 1856 Prie

409 1905 489 1958 terea
511 1896 588 1956 hanc
610 1897 742 1956 eamdem
763 1911 897 1973 graecam
918 1898 1082 1954 versionem
1103 1894 1292 1972 Septuaginta
1311 1897 1341 1953 in
1362 1895 1454 1954 ausuri

409 2003 499 2056 tatem
527 2002 672 2070 sumptam
699 2011 762 2053 esse
785 2009 822 2052 ex
846 1991 1051 2067 Apostolomm
1077 1991 1251 2069 discipulis,
1280 1998 1309 2051 et
1332 1993 1453 2067 punieris

412 2093 557 2154 Ecclesiae
570 2091 719 2170 pamibns,
740 2098 769 2150 et
782 2089 949 2150 eorumdem
963 2091 1079 2165 seriptis
1091 2089 1177 2148 iaciie
1188 2091 1252 2149 erui
1266 2093 1363 2165 potest.
1376 2089 1454 2164 Aperte

411 2194 539 2266 primum
558 2191 692 2250 firmatur
712 2206 730 2248 a
749 2205 842 2264 nuper
862 2191 950 2247 citata
972 2187 1042 2245 diro
1055 2188 1169 2246 ioanne
1190 2185 1455 2265 chrysostomuqui

411 2288 448 2348 de
465 2289 523 2368 ipae
542 2287 731 2364 Septuaginta
753 2287 943 2346 translatione
965 2285 1109 2344 disserens
1128 2284 1230 2344 scribit
1252 2283 1307 2360 itt:
1331 2281 1401 2344 «Sed
1416 2282 1456 2342 ulie

411 2387 527 2464 quidem
547 2387 648 2462 lingua
666 2388 856 2461 compositum
875 2391 918 2444 est
935 2390 1019 2444 vetus
1034 2385 1264 2461 Testamentum,
1281 2383 1337 2444 alia
1348 2398 1406 2441 vera
1416 2395 1454 2439 nes

411 2481 485 2542 illud
504 2481 657 2558 legendum
670 2481 830 2557 habemus,
851 2497 920 2540 nem
934 2497 953 2540 o
965 2483 1126 2558 principia,
1145 2481 1282 2541 hebraico
1297 2481 1456 2556 contemptun

411 2585 455 2639 est
476 2579 632 2654 idiomate,
660 2595 714 2640 nos
737 2586 835 2638 autem
858 2595 962 2656 graeca
982 2581 1083 2656 tingue
1100 2597 1269 2656 cupressum
1290 2581 1455 2655 eoeepimm·

410 2677 526 2738 Revera
543 2676 677 2738 tustinus
689 2683 822 2755 martyr,
843 2681 894 2754 qui
913 2678 997 2736 initio
1009 2677 1118 2736 saeculi
1142 2694 1180 2736 rr.
1203 2680 1235 2736 in
1254 2673 1457 2736 Palaesimundo

412 2773 572 2834 christiano
592 2774 746 2850 excelluit,
765 2774 842 2833 hanc
857 2777 1019 2834 versionem
1034 2774 1192 2834 admodum
1208 2776 1331 2852 extulit,
1344 2780 1370 2834 et
1380 2775 1406 2831 in
1416 2771 1457 2830 din·

414 2873 482 2950 logo
504 2889 572 2932 cum
597 2871 745 2950 'triphone
758 2873 869 2932 ludaeo
889 2889 974 2949 saepe
997 2873 1183 2949 conqueritur
1206 2873 1245 2932 de
1266 2871 1407 2947 hebraeis,
1425 2868 1459 2945 qui

413 2968 490 3029 hanc
508 2977 557 3028 70.
576 2971 841 3045 interpretationem
862 2977 1052 3047 respuerant,
1072 2976 1106 3029 ut
1119 2969 1162 3029 illi
1175 2987 1272 3030 navae
1285 2969 1414 3046 Aquilae,
1427 2965 1458 3024 vei

412 3069 587 3144 quicumque
603 3068 682 3127 illius
702 3069 790 3128 tuerit
807 3073 923 3145 auctor,
947 3069 1153 3146 adhaererent,
1176 3083 1253 3144 quae
1277 3073 1342 3143 post
1358 3064 1459 3126 silvan
1508 3099 1509 3152 3

413 3167 455 3225 ris
475 3165 682 3226 Ascensionem
716 3166 821 3226 collata
845 3165 1018 3225 christianas
1049 3165 1184 3226 ecclesias
1218 3163 1404 3238 circumibat;
1433 3161 1460 3218 eit
1508 3157 1509 3240 i

412 3265 507 3322 enim:
532 3286 545 3312 α
562 3261 618 3322 Sed
638 3264 757 3322 minime
772 3263 844 3322 mihi
855 3261 1013 3339 probentur
1033 3265 1166 3341 magistri
1187 3264 1298 3338 vestri,
1315 3259 1461 3338 quisque
1508 3289 1509 3326 r

413 3362 496 3438 ginta
524 3359 591 3420 iiias
618 3376 702 3420 senes
732 3360 810 3436 apud
838 3360 1035 3421 Ptolemaeum
1064 3363 1266 3438 aegyptiorum
1294 3374 1385 3436 regern
1408 3359 1460 3413 recta

411 3461 615 3534 interpretatos
637 3474 701 3518 esse
722 3460 855 3520 assentiri
877 3458 1000 3534 nolunt,
1030 3459 1082 3521 sed
1103 3461 1159 3536 ipsi
1185 3457 1367 3534 interpretari
1389 3465 1461 3529 agga·

414 3555 544 3614 diuntur.
558 3579 571 3606 s
600 3555 664 3614 Hoc
686 3555 764 3614 enim
786 3555 862 3614 dixit
883 3556 1015 3616 tustinus
1036 3556 1074 3615 ob
1096 3556 1169 3614 illud
1192 3555 1367 3615 vocabulum
1387 3547 1462 3610 tatu

416 3652 457 3727 (in
468 3653 565 3712 verbis
576 3653 670 3724 Isaiae
680 3653 786 3713 lectum
796 3653 872 3712 Ecce
888 3655 973 3730 oirqa
986 3655 1137 3731 canapict)
1154 3653 1328 3712 translatum
1342 3645 1463 3724 atrata

313 3795 316 3804 .
413 3747 641 3808 adolescentula.
664 3749 740 3809 Huic
762 3752 803 3810 rei
826 3749 1006 3828 suffragatur
1025 3755 1152 3812 maxime
1171 3753 1268 3812 versio
1290 3757 1411 3809 veterum
1427 3743 1460 3802 Bi·

415 3845 542 3907 biiarum
560 3848 671 3924 latina,
693 3863 767 3926 quae
785 3850 873 3908 etiam
890 3849 968 3924 apud
982 3865 1036 3908 nas
1049 3849 1377 3926 nuncupatur-Antiqua
1387 3840 1461 3912 licit,
1508 3839 1509 3878 ³

413 3961 431 4004 e
449 3959 553 4021 mecca
569 3943 759 4022 Septuaginta
773 3949 1010 4022 interpretatione
1020 3946 1149 4006 sanitate
1161 3946 1201 4007 ab
1213 3963 1287 4006 aero
1312 3940 1460 4021 eposwiifflr

413 4047 446 4100 ut
463 4043 505 4100 ait
522 4041 608 4101 divus
626 4041 827 4119 Augustinus,
860 4049 890 4103 ct
906 4044 981 4104 lecte
1004 4050 1034 4102 et
1055 4043 1261 4120 adprobatam
1277 4042 1398 4102 eeclesiis
1414 4034 1464 4094 uiri

413 4141 515 4215 canis,
537 4155 571 4198 aa
591 4139 767 4216 ubicumque
785 4141 922 4220 vulgatus
940 4149 1002 4202 erat
1019 4141 1128 4202 latinus
1145 4157 1261 4217 serm03
1284 4139 1421 4200 cuiatem
1433 4132 1462 4188 in
1508 4199 1509 4220 ,

1508 4265 1509 4308 i

457 4350 492 4414 (t)
511 4353 580 4401 Tam.
602 4353 643 4402 Vt.
663 4351 701 4401 ed.
716 4352 793 4402 Paris.
807 4367 831 4416 p.
847 4361 898 4405 tos.
