3086 5182
559 403 719 458 ...68-

8 533 9 572 t
110 521 182 580 tione
200 521 415 595 instituuntur,
441 533 476 578 ac
496 518 552 594 ipsi
576 517 664 578 iidem
684 533 718 579 aa
741 516 966 580 accommodant
987 519 1074 582 rebus
1101 537 1176 584 nun·

8 633 10 672 t
111 616 255 694 comodis
278 616 461 692 Sententiae,
483 631 533 678 seu
554 618 697 678 sermonis
720 617 819 678 nnitea
838 618 1063 695 megis,1quam
1088 619 1178 680 verba

108 719 194 777 animi
213 718 307 776 nostri
327 723 484 793 conceptus
504 715 678 792 proterunt,
699 731 769 776 eam
791 717 854 776 sive
873 715 1016 794 dicendo,
1037 733 1088 778 seu
1106 721 1178 780 sori·

108 809 532 892 mnae-nentem'eduoiamns.
560 813 754 874 Aiexandriot
766 829 836 874 vero
855 815 1025 891 interpretes
1038 817 1070 876 in
1082 823 1178 878 trans·

109 912 229 974 tuendis
254 929 290 972 ex
318 912 444 974 hebraeo
471 915 504 972 in
531 925 668 990 graecum
695 911 844 989 eloquium
867 912 975 974 divinis
999 911 1178 994 Scripturis,

9 1013 10 1018 ’
109 1012 151 1072 nai
168 1014 237 1071 sont
254 1011 426 1088 graecanico
443 1023 595 1086 sermone,
615 1015 710 1087 et-co,
724 1012 862 1088 inquam,
883 1014 934 1088 qui
951 1012 1089 1090 uulgatus
1106 1019 1179 1075 tunc

8 1155 9 1182 ,
108 1109 240 1183 temporis
264 1113 327 1168 erat
351 1110 382 1166 in
407 1106 575 1186 Aegypto,
614 1109 722 1186 quique
754 1106 886 1172 hebraeis
914 1109 956 1170 ibi
980 1111 1091 1172 colonis
1119 1127 1180 1174 una

107 1207 277 1284 eommunis,
293 1208 337 1266 uti
351 1208 393 1265 eis
407 1205 553 1283 agendum
568 1211 641 1265 erat.
658 1202 764 1266 Omnia
776 1208 867 1284 igitur
882 1209 1031 1270 voeabula
1042 1209 1177 1288 protana,

105 1306 176 1364 inter
199 1307 351 1384 aegyptios
377 1305 509 1382 vrigeta
531 1311 646 1366 secrete
666 1304 747 1364 fuere
767 1304 805 1365 ab
824 1307 1029 1383 interpretibus
1048 1307 1181 1370 hebraeis

12 1429 15 1440 ·
107 1405 138 1462 in
156 1402 212 1464 bac
229 1403 409 1466 mamimus
426 1405 581 1480 versione;
601 1419 733 1480 quaeque
752 1403 817 1466 ideo
836 1405 920 1465 uaria
944 1405 1179 1484 significatione,

10 1534 13 1568 ;
109 1507 141 1562 ut
161 1517 215 1578 par
239 1507 325 1578 erat,
345 1501 549 1596 dictasunt,
570 1509 657 1580 prout
677 1503 778 1562 vanae
796 1501 877 1562 icere
897 1502 1069 1579 amborum,
1092 1519 1181 1583 aegy-

9 1615 11 1621 ⁴
109 1601 232 1676 puerum
251 1598 362 1660 seilicet
381 1614 417 1660 ae
437 1598 628 1660 hebraeorum
647 1601 864 1678 institutiones,
885 1601 1007 1678 religio,
1028 1606 1058 1660 et
1074 1601 1159 1664 ildes.

9 1750 15 1764 ,.
145 1695 231 1758 Hisce
252 1699 354 1775 positis
379 1697 454 1758 nihii
472 1697 591 1776 obstet,
612 1700 637 1758 si
657 1695 848 1778 Septuaginta
866 1701 1036 1776 interpretes
1064 1700 1181 1762 hebraei

103 1795 249 1856 uocabula
267 1795 490 1873 edmvenemt,
511 1802 541 1856 et
556 1795 614 1856 eibi
630 1797 702 1873 ipsis
723 1802 753 1856 et
764 1798 908 1874 aegypus
925 1799 1115 1876 commun1a3
1130 1801 1182 1860 uix

8 1913 9 1926 ¹
106 1895 183 1954 mim
204 1899 307 1954 conus
325 1893 382 1954 boc
400 1894 464 1954 beri
488 1897 614 1971 poterat.
636 1893 722 1969 Quod
742 1909 829 1971 porro
851 1894 938 1955 valde
962 1895 1183 1972 ponderandum

108 2000 151 2054 est
174 1996 278 2056 citatos
303 2009 425 2071 praecem
448 1995 647 2069 interpretes,
674 1992 804 2069 aliosque
827 2009 927 2054 sacros
952 2001 1107 2072 sumes,
1132 1996 1184 2071 qui
1228 2055 1232 2062 ,

108 2107 209 2171 graece
235 2093 431 2171 scripserint,
451 2093 571 2152 minime
597 2093 628 2150 in
655 2091 741 2154 rebus
760 2091 884 2170 divims,
910 2092 957 2154 vel
984 2093 1183 2169 spiritualibus

108 2192 313 2269 enuntiandis,
333 2191 559 2270 significationi,
579 2191 672 2250 menti
688 2195 717 2250 et
727 2189 874 2250 dmuinae
887 2193 1091 2269 aegyptiorum
1105 2207 1136 2252 se
1152 2209 1184 2253 se

108 2289 314 2352 conformasse.
337 2289 421 2351 Alius
433 2301 561 2366 namque
573 2295 636 2348 erat
651 2286 844 2350 hebraeorum
860 2287 951 2366 Deus,
966 2289 1025 2348 alie
1037 2287 1183 2366 doctrina,

107 2387 183 2450 aiios
202 2389 321 2465 cuitus,
349 2387 409 2448 aiis
429 2385 513 2447 fides.
535 2386 592 2447 lixa
612 2401 658 2464 gr.
680 2384 794 2446 Nomen
812 2385 866 2446 Dei
886 2386 952 2450 orie
974 2383 1077 2460 raes,
1095 2387 1185 2448 nouo

108 2493 138 2548 et
155 2487 288 2548 hebraeis
307 2494 337 2548 et
356 2487 501 2565 aegyptiis
521 2486 686 2544 eommunis
707 2490 790 2561 erat,
811 2483 863 2544 sed
880 2487 1185 2561 interpretatione-seu

8 2625 13 2656 ,
108 2585 277 2646 deflmtione
295 2587 411 2662 integra
430 2583 589 2644 admodum
612 2581 760 2661 abtabet3
781 2585 874 2644 sicet
894 2582 1058 2661 nimbosus
1072 2586 1185 2661 gencris

107 2683 144 2744 de
163 2683 326 2746 sentietis
347 2681 405 2744 Sed
424 2683 575 2760 spmtabm
594 2681 754 2742 iudicatur
769 2682 932 2760 degressis
949 2681 1099 2742 vocabulis
1112 2697 1186 2741 non·

108 2781 219 2862 nubis,
241 2799 316 2860 quae
334 2783 471 2860 leguntur
490 2783 522 2841 in
542 2785 642 2842 nostro
667 2779 830 2857 Sapientiae
855 2777 931 2840 libro
950 2778 988 2839 ab
1012 2779 1187 2840 savonariis

107 2885 199 2943 citata
219 2881 312 2942 veluti
331 2880 489 2959 scripturis
507 2881 648 2957 wenna,
669 2882 838 2958 graecisque
855 2878 979 2938 ethnicis
997 2877 1187 2954 scriptoribus

8 3023 10 3062 ,
107 2984 236 3060 propria.
259 2982 410 3058 Ejusmodi
430 2987 474 3040 est
494 2997 554 3041 vox
573 2979 654 3052 piper
675 2983 762 3057 piper
781 2995 840 3057 qua
864 2981 911 3038 uir
937 2984 1040 3055 potens
1063 2983 1092 3038 et
1109 2977 1187 3036 situs

8 3131 9 3160 ,
107 3083 251 3140 innuitur.
275 3081 359 3140 Hono
379 3079 536 3140 dicionem
555 3085 617 3138 tam
637 3075 802 3154 Sapientiae
822 3077 967 3152 scriptor,
989 3087 1078 3152 quum
1097 3075 1188 3132 inter·

106 3185 204 3255 protes
218 3180 315 3257 graeci
329 3176 559 3254 scripturarum,
574 3173 923 3252 queeProtouanonieee
937 3173 1086 3248 dicuntur,
1103 3185 1189 3231 usur·

106 3279 292 3358 parunt-ioco
307 3279 389 3338 vocis
402 3275 555 3336 hebraicae
567 3271 703 3354 rephaim
715 3274 763 3332 vei
776 3271 936 3350 ebiberim,
949 3287 1000 3330 seu
1014 3267 1186 3330 mamaea.

105 3377 250 3456 Nunquid
269 3393 306 3437 ne
326 3375 537 3454 Septuaginta,
559 3371 681 3448 Sapiens
701 3377 788 3448 atque
813 3371 1010 3446 Hieronymus
1030 3366 1119 3444 hujus
1138 3383 1188 3426 uo

105 3475 207 3538 eabuii
226 3491 301 3552 usu,
323 3476 535 3536 commentitias
556 3473 737 3534 narmtiones
752 3470 789 3530 de
803 3462 996 3546 Gigantibus,
1018 3473 1052 3526 ut
1068 3465 1189 3525 uadunt

106 3573 242 3650 etbnicI,
268 3571 522 3649 comprobarunt?
542 3571 616 3629 item
636 3567 701 3642 &ipe
722 3566 811 3644 odie,
832 3571 862 3626 et
881 3563 1045 3628 hutciibro
1068 3568 1098 3622 et
1118 3561 1189 3622 Pro·

105 3669 312 3732 mcenoniois
331 3671 455 3731 verbum
466 3685 620 3730 commune
639 3683 677 3728 ex
701 3665 827 3726 hebraeo
840 3660 960 3724 arbeisel
977 3659 1111 3738 insanos
1124 3675 1190 3718 ver·

105 3785 194 3847 sum,
208 3770 291 3832 baud
309 3768 510 3830 conformetur
528 3767 740 3844 significatione
752 3763 935 3824 ethnicorum
945 3760 1093 3837 opinioni3
1116 3758 1191 3817 alius

104 3868 229 3946 quidem
250 3874 314 3930 erat
331 3865 430 3928 aebeat
448 3873 477 3926 et
496 3864 563 3925 urite
582 3865 774 3926 hebraeorum
793 3861 831 3922 ab
850 3877 906 3935 eo,
926 3859 1013 3936 quod·
1035 3856 1192 3918 commenti

105 3973 182 4026 sunt
201 3965 310 4027 ethnici
329 3973 441 4042 poetae.
455 3965 506 4025 'Ex
520 3964 577 4024 boc
592 3963 767 4040 explanatur
780 3963 869 4020 etiem
882 3957 961 4036 quod
974 3957 1082 4016 dieitur
1095 3957 1127 4012 in
1140 3950 1192 4012 Sa·

93 4066 222 4141 'pientia
248 4065 349 4124 eadem
378 4063 438 4141 (tit
472 4063 559 4122 «Nec
586 4069 632 4121 est
655 4075 777 4138 ragnum
802 4057 871 4117 edu
895 4071 948 4116 eeu
973 4053 1081 4112 inierni
1106 4065 1193 4125 super

104 4169 235 4240 terram,
248 4189 261 4216 a
278 4162 358 4240 quod
370 4163 468 4224 innuit
480 4165 603 4221 mortem
621 4173 682 4218 non
701 4155 898 4236 praevaluisse
911 4155 941 4213 in
956 4159 1046 4226 terra,
1066 4150 1111 4210 uti
1124 4148 1193 4209 huia

137 4357 177 4424 (i)
197 4361 254 4423 Sap.
268 4373 290 4408 o.
302 4361 322 4410 1.
343 4363 380 4410 te,
