3094 5184
866 419 1004 468 ...4-

403 541 499 587 rerum
532 531 677 603 gestarum
706 525 865 585 aconditu
892 528 1005 603 generis
1031 521 1180 603 humani,
1207 543 1296 605 usque
1314 527 1349 591 ad
1365 535 1439 610 ipsius

403 628 569 700 interitum,
596 629 681 700 atque
701 623 757 682 hoc
776 626 901 700 spatium
920 627 1059 700 temporis
1074 628 1132 684 tria
1144 625 1204 686 fere
1217 643 1354 688 annorum
1365 633 1441 694 nilla
1506 659 1513 690 r

402 721 628 796 comprehendit.
665 723 692 779 A
717 721 828 798 Moysis
857 729 953 780 autem
981 725 1100 781 interitu
1129 723 1167 782 ad
1195 726 1344 800 imperitun
1368 744 1443 806 usque

403 819 592 895 Artaxerxis,
622 821 674 894 qul
692 825 757 894 post
774 819 901 878 Xerxem
921 823 1055 897 regnavit
1075 820 1153 896 apud
1170 838 1287 899 persas,
1306 823 1444 900 Prophetae

404 921 455 994 qni
474 917 571 994 Moysi
599 932 781 993 successere,
811 933 856 976 res
881 932 935 975 sua
962 924 1055 977 aemte
1084 924 1180 994 gestas
1208 919 1356 979 tresdecim
1379 923 1445 984 libris

405 1016 547 1091 complexi
566 1020 652 1091 sunt,
673 1020 798 1089 quatuor
818 1031 886 1072 varo
899 1015 1003 1091 reliqui
1022 1015 1148 1092 hymnos
1163 1018 1193 1074 in
1210 1013 1264 1074 Dei
1282 1017 1447 1098 lqudem,et

403 1119 556 1188 praecepta
574 1115 651 1172 vitae
671 1112 822 1171 hominum
843 1111 991 1172 exhibent.
1023 1113 1087 1167 ‘Ari
1109 1113 1135 1168 si
1148 1114 1316 1186 Ἀρταξέρξου
1330 1116 1397 1188 pleps
1411 1121 1447 1172 eo·

406 1209 465 1264 καθ’
479 1213 549 1283 ἡμᾶς
567 1211 673 1282 χρόνον,
684 1210 830 1282 γέγραπται
842 1210 889 1278 μὲν
908 1207 1019 1276 ἕκαστα,
1035 1209 1146 1273 πίστεως
1159 1211 1185 1264 δι’
1196 1210 1239 1266 οὔκ
1252 1212 1343 1284 ὅμοιάς
1359 1212 1445 1280 η’ξίκαι
1496 1259 1500 1272 .

407 1309 457 1370 τοῖς
475 1309 523 1380 πρό
535 1305 636 1372 αὐτῶν,
654 1311 694 1362 διὰ
713 1309 741 1362 τό
757 1310 794 1379 μή
811 1306 935 1380 γε’νεσθαι
952 1306 998 1368 τήν
1012 1311 1058 1363 τῶν
1072 1311 1207 1380 προφητῶν
1227 1308 1324 1380 ἀκριβῆ
1338 1314 1444 1374 Amoris.

406 1407 428 1463 i.
450 1423 476 1464 e.
498 1405 545 1468 Ab
564 1405 726 1465 Artaxerxe
746 1411 843 1465 autem
862 1421 954 1480 usque
982 1405 1020 1465 ad
1043 1412 1174 1466 nostram
1194 1411 1337 1482 malem,
1362 1411 1449 1484 scripta

407 1510 476 1564 sunt
495 1503 611 1580 quidem
640 1503 779 1580 singulo,
811 1502 868 1562 side
896 1520 965 1562 vero
985 1521 1045 1562 non
1064 1507 1129 1580 pari
1152 1510 1286 1581 reputata
1305 1510 1371 1564 suut
1386 1507 1447 1584 illis,

408 1617 482 1676 quae
501 1607 587 1660 antea
605 1601 743 1676 luerunt,
772 1618 805 1660 eo
826 1602 903 1677 quod
922 1618 982 1660 non
1002 1602 1091 1662 fuerit
1108 1601 1319 1677 Prophetarum
1339 1610 1449 1663 ammata

408 1701 581 1758 successio.»
604 1699 667 1759 Hoc
686 1703 717 1757 in
737 1714 825 1759 censu
844 1715 903 1758 non
923 1700 1044 1759 effertur
1063 1705 1235 1777 curjusqaram
1254 1700 1322 1758 libri
1334 1703 1450 1760 seorim

408 1819 496 1878 men3
516 1806 644 1861 atamen
657 1817 673 1858 a
687 1815 804 1860 suarum
816 1799 1029 1875 Antiquitatum
1042 1797 1252 1859 Hebraicerum
1271 1799 1387 1858 historia
1398 1802 1451 1858 salia

408 1903 470 1960 erui
490 1906 593 1975 potest.
615 1899 651 1957 In
671 1897 716 1956 his
736 1897 833 1956 verbis
846 1897 941 1956 Flavii
960 1896 1020 1956 fere
1038 1903 1101 1956 t'ota
1120 1900 1250 1973 quaestio
1264 1903 1364 1956 nostra
1379 1899 1450 1958 couh'·

409 2006 512 2074 netur,
533 1997 641 2056 idcirco
659 1996 744 2056 nobis
763 1994 863 2054 sedulo
882 2001 952 2054 sunt
970 1994 1167 2070 expendenda.

448 2094 597 2169 Primum,
626 2093 891 2151 animadvertamus
911 2097 1024 2166 oportet
1041 2089 1200 2166 losephum
1219 2091 1356 2151 Flauium
1373 2090 1449 2167 palae

410 2195 521 2252 atinum
535 2191 645 2266 fuisse,
668 2197 714 2267 et,
734 2196 767 2249 ut
780 2193 811 2248 in
825 2205 878 2249 sua
892 2191 954 2248 vita
972 2188 1008 2248 de
1028 2191 1121 2266 seipso
1140 2191 1200 2265 ait,
1221 2205 1237 2248 e
1257 2188 1452 2264 pharisaeorum

410 2295 511 2364 secta,
532 2289 650 2348 illorum
669 2287 797 2362 scilicet,
818 2289 918 2362 quiin
940 2292 1076 2344 accurata
1096 2285 1192 2362 legum
1211 2289 1372 2360 patriarum
1383 2287 1453 2343 seim·

410 2387 474 2459 tia,
497 2391 526 2443 et
538 2383 670 2444 custodia
686 2386 761 2442 inter
775 2384 847 2442 alios
861 2382 1036 2442 videbantur
1048 2384 1196 2445 excellere.
1227 2409 1240 2434 a
1251 2383 1374 2459 Jamque
1384 2398 1455 2442 auno

410 2482 592 2558 undeviginti
618 2488 706 2540 natm
733 2484 825 2540 uitam
853 2483 1003 2540 instihmm
1030 2497 1151 2542 exorsus
1178 2497 1245 2542 sum
1275 2483 1454 2540 convenienter

410 2578 626 2653 pharisaeorum
647 2585 762 2654 sectae,
782 2593 857 2654 quae
875 2579 1007 2653 proxime
1027 2578 1137 2638 accedit
1157 2577 1338 2654 adsertam,
1357 2579 1454 2638 stolen

412 2692 431 2734 a
456 2677 567 2753 graecis
586 2677 724 2736 datam.»
747 2677 804 2750 Qui
827 2674 899 2752 legit
925 2675 1078 2752 intelligat.
1109 2676 1214 2748 Quales
1243 2679 1363 2752 insuper
1380 2679 1455 2733 essmt

411 2773 556 2848 pharisaei
579 2777 650 2849 isti,
683 2779 712 2833 et
731 2788 790 2850 qua
809 2775 921 2832 ratione
940 2779 1156 2832 secernerentur
1177 2773 1215 2832 ab
1234 2774 1304 2832 aliis
1324 2771 1453 2844 hebraeis,

412 2886 450 2930 cx
478 2871 600 2932 historia
625 2872 791 2948 evangelica
818 2872 904 2930 facile
923 2871 1098 2947 ediscimus,
1128 2887 1195 2930 cum
1226 2869 1363 2930 Salvator
1379 2874 1455 2927 noste

414 2972 581 3044 saepissime
608 2970 646 3028 de
675 2973 765 3046 ipsis,
797 2976 827 3029 et
857 2970 898 3028 ad
922 2971 1001 3044 ipsos
1029 2970 1176 3045 loquitur,
1205 2984 1315 3044 eosque
1333 2968 1456 3044 arguitut

413 3067 568 3143 superbos,
597 3081 742 3128 vanarum
766 3068 955 3127 traditionum
975 3073 1139 3142 amatores,
1169 3082 1239 3142 prae
1258 3067 1326 3126 alils
1346 3079 1454 3126 saraam

412 3163 594 3240 doctrinam,
615 3165 667 3224 sed
684 3181 744 3224 non
763 3164 921 3224 secundum
941 3166 1109 3238 scientiam,
1128 3169 1331 3239 ostentantes,
1355 3175 1456 3240 quorm

413 3261 555 3322 fermento
574 3263 658 3322 Jcsus
678 3263 808 3322 Christum
828 3261 904 3320 idem
923 3261 1080 3336 discipulos
1099 3277 1167 3321 suos
1187 3261 1334 3320 munere
1345 3259 1427 3336 J'uhat.

453 3358 607 3436 Secundo,
627 3360 679 3420 aar
698 3361 817 3420 alavius
831 3362 873 3418 arr
885 3359 943 3418 uus
962 3359 1081 3418 verua:
1107 3341 1276 3418 «mamm
1300 3358 1338 3418 au
1360 3356 1457 3430 mpero

414 3456 586 3518 Artaxems
606 3458 645 3517 ad
663 3465 793 3517 nostram
811 3473 903 3532 usque
921 3459 1111 3531 memoriam,
1136 3463 1206 3516 sunt
1228 3456 1347 3532 quoidam
1365 3451 1457 3530 singula

414 3553 517 3614 litteris
540 3556 679 3616 mandata
694 3580 729 3630 ι,
757 3571 816 3614 non
839 3570 944 3630 parum
963 3556 1127 3631 argumenti
1143 3554 1228 3613 nohis
1248 3554 1347 3612 attulit
1363 3570 1371 3627 ς
1401 3549 1456 3608 alic

415 3665 482 3708 rum
500 3654 578 3710 enim
592 3647 731 3711 librorum
750 3653 932 3710 ammodum
947 3653 1044 3710 innuit
1056 3655 1169 3727 praeter
1185 3650 1251 3708 illos
1271 3649 1375 3726 viginti
1391 3646 1457 3717 duos,

415 3763 489 3822 qnos
507 3765 596 3826 supra
613 3751 800 3826 numeravit,
831 3748 1099 3825 quomodocumque
1126 3748 1232 3808 horum
1259 3747 1409 3812 verborum
1429 3743 1457 3802 si·

417 3845 632 3922 gnificationem
661 3853 690 3907 et
720 3849 921 3908 auctoritatem
954 3846 1098 3922 explicare
1130 3846 1264 3906 velimus.
1300 3845 1364 3905 Hoc
1392 3838 1459 3900 modo

415 3940 570 4002 historicus
589 3947 712 4004 asseruit
730 3945 870 4006 hebraeos
882 3945 920 4004 ah
933 3947 1054 4020 imperio
1072 3942 1261 4019 Armerxis,
1281 3948 1312 4002 et
1324 3941 1406 4014 ultra,
1419 3950 1459 3995 saa

415 4045 497 4116 gesta
519 4041 622 4100 litteris
649 4043 828 4118 tradidisse,
858 4049 888 4101 et
912 4044 1074 4118 posteritati
1099 4039 1273 4115 mandasse,
1304 4035 1381 4115 qnod
1405 4031 1458 4092 alibi

416 4152 531 4213 quoque
550 4137 688 4197 firmavit.
711 4136 806 4214 Atque
831 4155 868 4198 ex
880 4139 927 4196 h1s
946 4138 1063 4198 illorum
1082 4137 1285 4196 saltem.arror
1297 4131 1457 4200 ostenditur,

418 4237 468 4309 qui
488 4240 570 4312 ajunt
588 4233 886 4296 Dantem-Canonicas
914 4235 1077 4314 Scripturas
1100 4237 1202 4312 primis
1232 4231 1374 4295 Ecclesiae
1393 4223 1457 4287 Chri·

420 4335 531 4392 stianae
550 4325 804 4394 aetadbus'editas
824 4334 923 4395 luisse.
