2964 5174
447 397 630 448 -sst-

38 507 81 566 llll
98 505 130 582 ll)
145 503 229 564 verba
248 504 360 564 retulit:
381 529 394 556 r
407 505 483 566 Nam
504 522 563 582 quo
583 507 701 566 tandem
721 509 860 584 temporis
875 511 969 583 spatio
987 517 1084 586 egeat,

38 608 162 681 quipertat
173 605 268 662 omnia
281 602 371 662 verbo
387 605 503 663 virtutis
517 620 602 679 suae,
619 607 796 680 quique-nec
814 607 1002 680 corporaliter
1021 624 1086 682 ope·

38 708 109 777 retur,
121 717 206 778 acque
218 717 359 761 manuum
375 717 464 777 opera
476 702 517 761 ad
530 702 687 761 creandum
699 719 773 779 opus
786 703 893 780 babet,
905 704 957 763 sed
971 721 1085 781 corum,

37 815 88 874 quse
102 798 187 874 flunt,
208 805 343 859 naturam
359 799 465 875 habet,
483 801 635 861 voluntate
651 817 711 860 non
729 807 842 877 coacta,
856 801 1087 878 obsequentem?

35 898 90 958 ‘llqrr'
106 894 206 959 'lerata
220 896 331 960 ἐνόησας
348 936 356 964 ,
375 900 454 970 φησί,
469 899 515 952 nai
535 899 703 970 παρέστησάν
721 920 762 952 σοι
791 900 876 954 πάντα
893 895 947 954 ὅσα
964 900 1085 964 ἐνόησας,

37 991 49 1045 i.
59 1005 78 1046 e.
90 988 170 1048 Sicuti
184 987 297 1064 Judith,
310 990 461 1065 cogitasti,
475 990 582 1066 inquit,
598 996 627 1050 et
642 996 757 1066 praesto
770 989 891 1050 fuerunt
904 992 959 1050 tibi
972 994 1083 1070 omnio,

36 1103 86 1162 quac
97 1089 230 1164 cogitasti.
245 1112 258 1138 ν
275 1086 425 1148 Adversus
440 1087 617 1147 Eunominm
636 1088 710 1146 libro
729 1089 873 1164 secundo,
891 1089 995 1149 Esther
1009 1090 1085 1149 Scri·

35 1191 67 1258 pta
77 1183 186 1244 Deutcra
199 1185 236 1262 (a)
252 1184 317 1245 aliis
325 1185 434 1244 divinis
443 1185 525 1245 libris
533 1188 656 1245 inseruit
668 1192 733 1262 post
746 1187 940 1246 Hieremiam:
960 1213 972 1238 «ι
993 1183 1049 1242 Kal
1070 1192 1085 1248 ἡ

35 1282 245 1356 σνρντάτηἚσὸἢρ·
261 1283 297 1356 μή
312 1285 445 1356 anecdot,
459 1284 545 1357 Κύρνε,
560 1287 589 1338 rc'
606 1286 733 1356 σκῆπτρόν
749 1305 796 1340 σου
815 1286 870 1347 τοῖς
885 1288 923 1356 μή
933 1283 1003 1349 οὖσι,
1018 1287 1040 1342 i.
1056 1300 1083 1342 e.

36 1377 58 1436 u
67 1382 262 1454 sapientissima
280 1381 403 1442 Esther:
418 1382 486 1442 ·Nc
506 1382 606 1444 badas
623 1381 748 1441 Domine
767 1387 914 1458 sceptrum
926 1387 1011 1441 tuum
1024 1381 1083 1458 bis,

34 1477 132 1550 quinon
148 1486 224 1539 sunt.
239 1505 253 1530 ν
270 1478 313 1540 De
331 1480 440 1557 Spiritu
456 1479 563 1541 Sancto
579 1497 644 1557 cap.
663 1496 762 1538 xxm.
781 1481 853 1540 dum
872 1480 978 1556 probat
1003 1480 1084 1538 Basi-

37 1573 73 1632 lius
87 1575 183 1654 ubiquc
201 1595 269 1638 eum
285 1595 363 1654 csse,
387 1595 447 1638 non
467 1596 537 1640 vero
558 1581 632 1640 allas
650 1581 773 1638 virtutes
791 1579 882 1654 coeli,
905 1578 1024 1638 Abacuc
1044 1578 1083 1654 (3)

35 1685 78 1730 run
86 1673 193 1736 Daniele
207 1679 238 1736 in
252 1677 416 1754 Babylonia
431 1683 580 1740 versatum
592 1683 679 1736 vocat
691 1677 806 1736 dicens:
827 1678 885 1729 «Τό
899 1677 947 1749 μέν
959 1698 998 1730 τοι
1010 1678 1085 1731 πνεῦ-

34 1791 71 1840 μα.
85 1773 141 1843 ὁμοῦ
157 1796 183 1828 τε
197 1773 221 1827 ἐν
245 1774 402 1846 Ἀββακούμ
417 1773 543 1850 ἐνεργεῖν,
565 1777 611 1830 aas*
632 1775 656 1830 ἐν
674 1776 773 1834 Δαννῆλ
788 1774 833 1829 s'trr'
854 1778 899 1837 τῆς
919 1773 1086 1842 Βαβυλωνίας

34 1863 181 1930 πεπίστωται,
199 1870 219 1924 l.
237 1883 265 1926 e.
281 1867 393 1927 Tamen
419 1870 539 1944 spiritns
561 1868 689 1928 creditur
710 1867 796 1928 simul
827 1869 860 1925 in
879 1865 998 1926 Abacuc
1017 1882 1085 1942 ope-

34 1962 85 2036 rui,
99 1970 124 2022 et
137 1966 166 2023 in
181 1966 303 2026 Daniele
319 1968 434 2043 operari
450 1969 481 2025 in
495 1966 669 2044 Babylonia.
687 1991 699 2018 ν
717 1965 848 2043 Epistola
867 1973 937 2024 248.
954 1964 1084 2024 scribens

32 2056 197 2140 depiscopos
215 2066 321 2142 italos,
342 2071 372 2126 et
390 2066 483 2143 gallos
504 2066 700 2126 turbationem
722 2065 912 2124 ecclesiarum
940 2065 1082 2124 lamenta·

32 2161 76 2234 llll,
92 2177 123 2220 cx
132 2162 250 2224 cantico
266 2167 357 2224 trium
374 2180 548 2240 puerorum:
568 2163 668 2236 «Ἡμῖν
679 2163 768 2236 πρέπει
782 2163 885 2236 λέγειν,
905 2159 945 2216 ὅτι
961 2160 1006 2217 οὐκ
1027 2161 1084 2216 ἔστι

31 2253 46 2304 ἓν
58 2260 82 2324 τῷ
93 2263 162 2332 καιρῷ
178 2263 261 2331 τούτῳ
274 2261 371 2336 ἄρχων,
388 2261 447 2316 οὔτε
463 2262 613 2336 προφήτης,
634 2259 693 2315 οὔτε
711 2261 868 2334 ἡγούμενος,
887 2258 945 2314 οὔτε
970 2273 1086 2332 προσφν-

31 2351 60 2417 si·
74 2351 121 2404 rin
135 2354 280 2430 θυμίαμα,
296 2359 317 2415 i.
328 2373 355 2416 c.
372 2356 462 2416 Decet
473 2372 528 2415 nos
542 2357 654 2416 dicere:
664 2387 676 2400 ·
685 2355 831 2430 Quoniam
839 2371 899 2414 non
910 2360 955 2413 cst
966 2357 999 2412 in
1010 2359 1084 2412 tem·

32 2461 79 2520 pore
93 2451 141 2512 hcc
155 2457 306 2531 princeps,
331 2471 423 2530 neque
440 2455 606 2532 Propheta,
628 2471 721 2532 neque
738 2454 817 2530 dux,
842 2469 935 2529 neque
955 2451 1083 2528 oblatio,

32 2552 228 2620 asuescimus.
245 2578 259 2604 υ
276 2553 405 2612 llomilia
422 2556 454 2612 in
472 2555 648 2630 principium
664 2552 890 2612 Proverbiorum
911 2567 962 2627 per
982 2549 1085 2610 Danie-

32 2639 68 2700 lem
83 2644 219 2712 Susanure
238 2652 393 2712 historiam
408 2658 553 2710 memorat
569 2651 734 2726 praefatus:
754 2675 767 2700 «
781 2649 943 2708 Didicimus
956 2649 1035 2707 enim
1053 2648 1085 2706 in

32 2742 102 2802 nutis
118 2745 280 2824 Scripturac
299 2750 392 2825 loeis,
414 2749 570 2824 quemdam
588 2751 704 2808 animae
725 2754 834 2807 statum
852 2747 992 2824 puerilem
1009 2760 1083 2820 csse,

32 2836 96 2900 alium
110 2860 167 2906 csse
189 2847 321 2925 ejusdcm
343 2849 486 2923 vigentis,
506 2845 598 2908 alium
617 2851 683 2924 jam
699 2849 813 2906 senis.»
830 2845 931 2905 Primo
955 2844 1029 2903 dixit
1048 2842 1085 2902 dc

32 2931 111 3016 Paulo,
131 2943 232 3004 deinde
253 2962 291 3004 ex
308 2945 408 3021 locle,
432 2961 466 3004 ac
493 2951 594 3020 postea
613 2945 649 3004 de
666 2944 788 3004 Daniele
806 2947 863 3002 sic:
883 2941 1009 3015 «Qualis
1022 2945 1086 2999 erat

30 3029 179 3118 Daniel,qui
195 3045 227 3101 in
237 3044 364 3120 juvenili
384 3059 504 3118 corpore
521 3044 705 3120 sapientiam,
725 3044 898 3118 gravitatem
914 3042 995 3098 omnl
1007 3040 1085 3096 cani·

29 3133 59 3189 rie
69 3141 294 3202 venerabiliorem
307 3141 535 3216 praeseferebat:
548 3141 595 3196 Διό
615 3141 683 3214 φασι·
699 3142 762 3212 πρὸς
776 3139 855 3194 αὐτόν
874 3137 965 3192 ἐκεῖνον
982 3137 1007 3190 οἵ
1020 3139 1087 3195 πλή-

27 3249 63 3296 tili
73 3235 155 3310 ἡμερῶν
173 3242 294 3312 πονηρῶν·
315 3243 385 3312 δεῦρο
400 3239 508 3294 κάθισον
524 3239 597 3311 μέσῳ
614 3241 695 3312 ἡμῶν,
714 3239 757 3292 καὶ
782 3237 945 3308 ἀπάγγειλον
959 3235 1032 3304 ἡμῖν,
1044 3233 1084 3290 ὅτι

28 3325 58 3372 ⁰⁰¹⁸
70 3325 168 3385 {aaron
187 3333 254 3394 Θεὸς
274 3333 303 3386 τό
319 3332 521 3404 πρεσβυτέριον,
536 3333 557 3390 i.
577 3348 604 3390 e.
625 3331 671 3391 Ob
690 3331 746 3390 hoc
768 3330 869 3389 dicunt
891 3330 918 3386 ei
940 3327 984 3386 illi
1006 3327 1085 3401 pleni

28 3417 113 3486 uerum
134 3430 295 3490 malorum:
313 3430 405 3490 -Huc
425 3431 509 3504 veni,
524 3429 592 3488 sede
609 3433 641 3488 in
656 3429 751 3488 medio
765 3429 873 3502 nostri,
889 3433 918 3485 et
936 3426 1085 3484 annuncia

27 3517 102 3598 ubis,
124 3529 199 3602 quod
218 3528 274 3588 tibi
293 3528 371 3588 Deus
389 3527 501 3587 dederit
524 3527 664 3586 honorem
682 3529 849 3586 senectutis.
868 3551 880 3575 ν

56 3617 185 3685 idrersus
196 3627 375 3688 Eunomium
390 3626 506 3685 Baruch
523 3625 722 3702 scripturam,
738 3625 794 3684 sub
813 3625 976 3684 Hieremiae
989 3622 1083 3678 nomi-

29 3727 53 3770 ΠΕ
63 3727 182 3796 proponit
195 3725 271 3784 libro
284 3743 328 3783 ιν.
342 3724 379 3800 (4)
393 3727 424 3782 in
435 3725 519 3784 illud:
534 3749 547 3775 «ι
558 3724 598 3784 Ut
607 3731 784 3802 cognoscant
794 3730 824 3782 te
843 3739 946 3782 verum
957 3721 1051 3779 Deum
1069 3744 1081 3768 o

27 3816 158 3903 explanans
177 3823 293 3882 scribit:
314 3848 326 3874 «ι
347 3824 460 3883 Dicitur
477 3839 581 3900 verus,
598 3823 676 3900 quod
701 3823 739 3882 ab
758 3825 812 3898 iis,
827 3823 879 3898 qui
896 3820 971 3878 ialso
987 3819 1086 3878 dicuu-

28 3913 74 3986 tur,
86 3917 286 3998 distinguitur,
300 3920 537 3996 incomparabilis
551 3938 638 3997 vere,
653 3921 733 3998 quod
745 3923 820 3979 inter
834 3920 934 3979 omnia
947 3919 977 3974 ln
992 3915 1084 3974 omni·

26 4004 65 4068 blls
81 4018 203 4096 excellit,
218 4020 302 4074 birds
318 4020 332 4074 ὁ
350 4019 476 4093 Ἱερεμίας
497 4021 554 4093 περὶ
576 4023 623 4073 τοῦ
642 4021 711 4086 mod,
731 4016 805 4081 οὗτος
831 4019 845 4071 ὁ
866 4015 931 4077 Θεός
955 4015 1037 4086 ἡμῶν,
1057 4013 1086 4064 ⁰²5

44 4239 143 4300 (illam.
155 4249 198 4298 lll.
215 4263 239 4313 p.
254 4257 291 4302 16.
308 4253 334 4302 et
349 4251 445 4302 suaith.
463 4267 486 4304 c.
508 4253 550 4302 lx.
566 4277 597 4292 -
615 4251 650 4315 (2)
672 4251 740 4304 rsus.
751 4264 773 4300 c.
786 4252 850 4300 xiv.
866 4255 903 4298 ll.
925 4271 955 4284 ·-
971 4242 1006 4306 (³)
1020 4243 1082 4290 ⁰⁸¹¹·

26 4331 40 4362 Γ.
52 4322 105 4372 lllll.
118 4333 153 4376 aa.
171 4329 244 4394 -(l)
254 4334 325 4381 Tom.
338 4335 358 4382 1.
371 4346 395 4397 p.
410 4337 464 4384 294.
