3094 5184
863 441 1021 492 ...54-

398 552 439 610 de
459 551 552 610 Esdra
574 565 609 610 ac
625 548 662 609 de
684 550 763 610 illins
782 550 879 610 studio
898 553 930 608 in
951 549 1147 610 instaurandis
1162 550 1225 626 lege
1239 557 1267 608 ct
1279 553 1438 627 praeducere

402 665 468 709 rum
492 649 574 710 libris
591 655 624 708 et
646 649 851 726 componendis
878 649 964 708 rebus
990 649 1114 724 publicis
1134 651 1165 706 in
1188 649 1279 709 medlo
1297 650 1373 710 lsrael
1391 663 1440 730 pust

401 747 527 807 reditum
543 764 565 806 c
586 749 772 825 captivitate,
793 748 960 824 accipienda
982 753 1076 822 sunt,
1103 763 1178 822 quac
1201 763 1269 805 vero
1289 748 1384 808 addunt
1403 768 1440 829 sy·
1504 789 1505 798 η

402 861 532 924 nagogac
555 849 689 922 magistri
708 846 790 905 illum
820 861 880 906 una
912 861 980 904 eum
1001 844 1144 923 Syhedrio
1164 844 1298 906 clausisse
1320 862 1442 908 numerum
1504 873 1505 896 ι

402 959 551 1004 sacromm
573 943 713 1004 librorum
737 945 831 1020 adeo,
853 949 909 1019 ut,
926 947 1014 1020 juxta
1034 958 1109 1021 qnae
1130 943 1266 1019 leguntur
1280 945 1309 1001 in
1328 943 1443 1005 Marcet

398 1042 481 1118 apud
499 1043 704 1120 talmudistas,
726 1042 881 1104 dicendum
904 1047 997 1102 essct:
1020 1041 1090 1116 plin
1110 1057 1168 1117 qno
1188 1043 1293 1100 mortui
1311 1048 1372 1101 sunt
1391 1043 1443 1103 Pro·

402 1139 507 1216 phetae
539 1140 635 1200 ultimi
659 1140 815 1218 Aggasus,
850 1124 1026 1216 Zacharias,
1052 1144 1081 1198 et
1106 1139 1268 1198 Malachiae
1296 1139 1395 1200 ablatus
1414 1149 1445 1202 est

401 1237 525 1315 Spiritus
545 1237 669 1298 Sanctus
688 1238 726 1298 ab
745 1239 858 1298 Israel»
879 1253 1008 1314 prorsus
1033 1237 1208 1296 adversariis
1233 1237 1386 1314 negandum
1406 1247 1444 1298 cst.

405 1336 542 1397 Testatur
557 1335 774 1414 Hieronymus,
800 1343 830 1396 et
846 1339 877 1396 ln
895 1338 959 1414 lpso
976 1334 1132 1396 &nedum
1152 1335 1279 1411 dicitnr,
1311 1335 1447 1396 haddone

394 1433 572 1511 ‚ludaeorum
599 1439 750 1510 corruptas
779 1433 891 1510 fuisse,
919 1439 948 1492 et
969 1432 1161 1509 multiplicata
1186 1449 1249 1492 csse
1270 1432 1409 1492 schismata
1427 1436 1448 1492 in

403 1530 511 1609 Israel,
537 1537 566 1592 et
590 1532 646 1592 hoo
669 1531 774 1592 accidit
797 1533 898 1592 statim
925 1537 990 1607 post
1012 1530 1119 1591 Christi
1147 1525 1304 1590 adventum
1327 1536 1353 1588 et
1373 1533 1449 1606 templi

400 1631 548 1707 ruinam,
579 1625 637 1706 quo
670 1629 777 1690 decidit
799 1635 964 1706 quoquest
982 1628 1144 1704 dispersum
1167 1634 1212 1688 est
1237 1643 1354 1705 regnum
1370 1628 1447 1688 Judae.

406 1726 555 1788 Praeterea
588 1730 613 1788 si
638 1743 740 1787 revera
771 1727 809 1788 ab
828 1727 921 1787 Esdra
943 1727 989 1788 vel
1012 1744 1031 1786 a
1054 1727 1196 1805 synedrio
1220 1729 1345 1786 sancitus
1373 1725 1450 1786 inisset

403 1833 433 1886 et
447 1827 563 1886 clausus
580 1843 718 1886 numerus
730 1826 901 1902 bibliorum,
907 1843 974 1899 nem¹
982 1832 1047 1885 orta
1060 1832 1136 1885 esset
1148 1827 1280 1902 quaestio
1294 1827 1364 1883 inter
1376 1825 1450 1883 litua

408 1925 575 1984 collectores
611 1925 684 2002 (qni
711 1925 873 1983 doctrinam
905 1929 1036 1984 veterum
1069 1923 1204 1982 calluisse
1227 1921 1374 1998 dicuntur)
1397 1924 1452 1981 ciro

404 2025 605 2083 auctoritatem
632 2023 847 2101 Ecclesiastes,
876 2029 906 2083 et
930 2021 1043 2082 Cantici
1071 2021 1269 2082 canticorum.
1299 2021 1331 2079 ln
1356 2025 1452 2080 umutu

405 2123 484 2180 auhn
504 2121 540 2180 dc
554 2121 675 2181 Latione
695 2137 836 2182 manuum
856 2137 884 2180 c.
909 2137 964 2180 111.
985 2120 1058 2180 haec
1072 2121 1202 2196 sumpsi:
1235 2144 1250 2169 «
1262 2118 1453 2194 Omniascripta

404 2233 487 2278 sacra
504 2217 639 2295 polluunt
652 2235 769 2279 manus.
779 2265 786 2279 .
798 2263 823 2278 ..
839 2217 936 2280 hebbi
951 2219 1029 2278 luda
1043 2219 1114 2278 dicit
1127 2217 1281 2277 &uncum
1302 2215 1452 2276 Cantiooruu

402 2317 531 2392 polluere
550 2319 678 2392 manns,
696 2317 882 2377 Ecclesiastes
903 2319 935 2376 in
955 2319 1154 2376 controversia
1173 2321 1227 2374 est.
1253 2315 1313 2374 Alii
1327 2311 1453 2373 contradi·

404 2405 474 2472 cunt
499 2412 654 2473 Canticum
676 2413 860 2474 Canticorum
883 2417 915 2474 in
937 2415 1135 2474 controversia
1161 2429 1234 2474 csse.
1266 2413 1325 2472 Alli
1352 2415 1453 2470 asserum

404 2511 503 2568 omnia
523 2511 702 2588 agiographa
723 2527 785 2571 csse
805 2527 909 2589 sacra,
931 2517 960 2572 et
978 2512 1131 2572 Canticum
1152 2510 1340 2571 Canticorum
1356 2524 1409 2569 esse
1422 2523 1453 2566 sa·

407 2608 619 2684 cratissimnm3
641 2615 670 2668 et
684 2611 709 2668 sl
723 2610 906 2687 dissentiant,
922 2611 957 2670 de
970 2611 1142 2672 Ecclesiaste
1152 2616 1270 2670 tantum
1285 2609 1452 2668 dissentiant.»

403 2703 449 2762 lix
469 2720 526 2780 qno
545 2707 714 2782 interpretes
730 2707 831 2767 Misco
849 2708 885 2767 dc
903 2709 1075 2768 Ecclesiaste
1090 2709 1248 2783 scripsere:
1277 2705 1454 2766 «Ecclesiaste

403 2815 462 2860 non
482 2801 587 2876 polluit
609 2820 735 2881 manus,
767 2807 836 2882 qnia
860 2805 1022 2866 Salomonis
1043 2806 1213 2880 sapientiam
1238 2807 1383 2878 mutinet,
1404 2816 1455 2878 qnae

403 2895 511 2974 Spiritu
532 2900 638 2960 Sancto
660 2911 783 2964 nonest
805 2905 924 2963 dietata
939 2928 952 2955 r
976 2903 1084 2964 Videas
1105 2919 1193 2980 ergo,
1215 2904 1322 2979 quanti
1340 2898 1456 2961 faciendae

402 3003 471 3056 sunt
491 2998 670 3058 traditiones
683 2999 874 3060 hebraeorum
897 3007 963 3076 post
981 3001 1099 3060 illorum
1119 3001 1364 3076 reprobationem.

440 3095 469 3171 S.
490 3097 571 3157 Vlll.
594 3099 724 3177 Denique
744 3102 802 3162 alia
821 3101 949 3160 notanda
969 3108 1038 3162 sunt
1057 3118 1117 3160 non
1140 3103 1237 3160 aliena
1261 3117 1280 3159 a
1306 3104 1398 3159 nosno
1414 3111 1457 3172 pru

403 3197 510 3272 posito,
523 3195 603 3256 haud
613 3213 711 3257 coram
721 3198 862 3276 hebraeis,
873 3199 924 3258 sed
934 3199 1002 3275 illis,
1017 3201 1067 3275 qni
1081 3197 1254 3258 maximcdc
1266 3199 1456 3258 christianum

401 3292 479 3352 minc
501 3292 673 3369 gloriantur.
696 3295 762 3354 lam
782 3296 936 3373 probatum
956 3302 1000 3356 cst
1020 3294 1091 3356 alibi
1112 3295 1269 3372 Apostolos
1293 3295 1354 3355 suis
1366 3291 1457 3352 inSci·

401 3391 495 3462 pturis
508 3390 587 3451 hand
601 3392 746 3453 definiisse
757 3401 887 3454 veterum
901 3393 1119 3470 Scripturarum
1131 3393 1299 3469 Canonem,
1312 3393 1362 3452 scd
1371 3396 1456 3450 moun

396 3501 438 3545 ex
455 3487 513 3548 illis
526 3491 678 3569 omnibns,
700 3509 775 3569 qnae
796 3493 881 3552 antea
898 3495 1022 3569 scriptae
1036 3499 1139 3568 erant,
1161 3494 1379 3566 testimoninm,
1396 3490 1459 3565 proni

404 3595 597 3663 opportunum
618 3595 647 3650 et
668 3607 783 3650 neccsse
805 3591 977 3667 videbatur,
1010 3591 1177 3652 contulisse.
1201 3591 1257 3651 His
1278 3592 1395 3668 positis,
1420 3599 1457 3642 nu

396 3689 509 3762 scripta
527 3689 685 3763 apostolica
707 3688 808 3748 divina
833 3691 1000 3765 recipientes
1018 3695 1161 3766 quotquot
1178 3688 1216 3748 ad
1236 3705 1293 3747 nos
1314 3697 1459 3764 pervenere,

402 3801 439 3844 ex
460 3785 518 3844 illls
533 3785 673 3846 discimus
698 3787 771 3847 alias
792 3785 954 3862 Scripturas
974 3788 1100 3846 inveniri
1123 3792 1190 3846 ante
1216 3785 1339 3845 illorum
1363 3785 1459 3842 aeuum

400 3887 556 3960 exaratas,
577 3899 653 3959 quae
675 3885 797 3942 minime
817 3882 855 3944 ab
875 3881 1007 3943 hebraeis
1028 3889 1158 3959 receptae
1183 3889 1253 3943 sunt
1274 3885 1307 3942 in
1329 3897 1408 3941 sunm
1423 3874 1461 3934 Ca·

400 3994 525 4056 nonem;
546 3997 583 4040 ex
599 3997 657 4058 qno
671 3981 827 4042 fatendum
840 3983 913 4058 erlt,
928 3987 1041 4057 practer
1055 3981 1204 4042 Canonem
1216 3981 1311 4057 vulgo
1327 3975 1460 4038 urucam

399 4085 610 4155 nuncupatum,
633 4079 705 4138 alios
726 4081 855 4139 extitisse
875 4078 990 4139 divinos
1010 4077 1123 4155 libros3
1144 4078 1223 4155 qnod
1239 4078 1355 4138 adrem
1375 4073 1463 4132 iacitct

395 4176 581 4236 imminuitur
595 4176 752 4236 alterorum
766 4179 882 4254 opinio,
897 4179 949 4253 qui
961 4192 1020 4236 una
1035 4193 1104 4236 cum
1115 4176 1230 4254 judaeis
1241 4167 1459 4234 asseruntnnllas

397 4278 511 4346 praeter
529 4273 639 4332 Esdrae
660 4272 808 4333 Canonem
827 4277 957 4334 extitisse
975 4273 1090 4334 divinas
1108 4273 1286 4350 Scripturas.
1305 4273 1412 4331 Revera
1422 4262 1462 4338 ipsi

402 4369 555 4430 uobiscum
577 4377 687 4448 tenent,
702 4388 776 4447 quae
791 4389 846 4432 as.
866 4373 1016 4432 Matthaco
1028 4374 1058 4431 ln
1073 4372 1232 4448 Evangelio
1245 4371 1396 4430 dicuntur:
1415 4359 1461 4418 «Si-
