3070 5180
823 371 963 426 ...4.-

346 493 414 562 tae,
434 470 540 562 majori
561 483 692 543 claritate
713 477 829 557 postero
849 487 978 557 tempore
1003 481 1127 559 exponi,
1160 497 1211 544 sen
1243 483 1364 560 maiori
1388 498 1457 545 vcr-

344 584 449 643 borum
467 583 624 641 diffusione
643 579 802 655 explicari,
818 578 867 638 vei
889 595 949 638 non
966 581 1073 638 minori
1092 595 1182 657 cure,
1202 587 1236 641 et
1256 581 1368 640 studio
1387 595 1458 657 pro·

346 681 413 740 bari
431 681 594 757 potuerint,
612 684 677 736 tum
691 693 759 735 cum
779 679 907 736 maxime
921 693 994 752 opus
1014 683 1096 753 erat,
1121 679 1190 738 inde
1206 678 1306 738 nobis
1325 694 1392 736 non
1412 685 1458 740 est

345 778 541 855 colligendum
552 776 711 835 Ecclesiam
721 791 800 833 nova
809 774 878 834 fidei
888 774 1028 851 dogmata
1040 781 1166 834 statuere
1176 793 1269 852 posse
1283 782 1411 852 praeter
1422 791 1458 836 ea

347 892 423 953 quae
437 878 531 952 posita
550 878 636 949 sunt,
655 872 707 932 sed
725 873 822 948 potius
844 871 882 930 ab
899 889 935 930 ea
952 873 1071 949 lumen,
1091 889 1153 950 quo
1169 875 1274 951 tnagis
1294 875 1460 952 magisque

347 976 455 1032 verius
471 971 612 1048 effulgeat
623 1013 631 1047 ,
642 976 812 1044 exspectare
829 968 907 1027 licet.

385 1069 438 1130 IV.
461 1068 574 1128 Clarius
599 1073 697 1126 autem
721 1081 766 1124 res
786 1065 926 1141 exemplis
943 1071 1032 1141 patet.
1055 1065 1141 1126 Fides
1161 1067 1335 1126 assimilari
1359 1073 1460 1144 potest

347 1169 471 1242 semini,
490 1165 569 1242 quod
588 1167 735 1240 integrum
754 1163 852 1238 quoad
867 1162 1061 1222 substantiam
1086 1169 1147 1240 est,
1170 1164 1350 1241 deindeque
1369 1169 1460 1224 extri·

347 1271 449 1340 catur3
465 1264 513 1322 vel
534 1263 674 1338 puerulo,
689 1265 772 1337 cujus
790 1276 894 1336 corpus
911 1259 1095 1337 extenditur,
1109 1261 1290 1339 roboratur,
1306 1268 1341 1322 et
1359 1263 1459 1323 sonna

346 1362 494 1437 induitur,
507 1375 598 1436 quum
618 1376 635 1418 e
651 1361 814 1434 principio,
827 1357 896 1417 licet
916 1375 1039 1435 parvus,
1060 1362 1140 1418 omni
1159 1375 1194 1420 co
1209 1366 1359 1436 constet,
1375 1361 1458 1436 quod

349 1461 506 1536 requiritur
539 1463 573 1516 ut
601 1456 689 1515 bomo
720 1455 792 1532 liat,
823 1457 872 1514 cui
895 1455 998 1534 nihil,
1025 1463 1138 1532 praeter
1162 1459 1403 1518 extimationem
1429 1463 1458 1518 et

272 1577 273 1580 ¹
354 1559 596 1634 adolescentiam,
619 1555 703 1616 desit.
730 1555 777 1614 Ab
792 1555 839 1614 his
858 1557 1122 1631 comparationibus
1134 1560 1284 1634 exsurgit,
1313 1559 1458 1618 veritates

349 1673 463 1733 omnes,
477 1671 602 1732 quarum
619 1670 670 1730 per
690 1652 826 1712 articulos
839 1653 966 1713 delectus
986 1660 1031 1712 est
1042 1654 1204 1732 catalogus,
1216 1656 1349 1714 nonnisi
1367 1657 1456 1715 unius

350 1756 483 1814 veritatis
505 1754 650 1812 revelatae
668 1767 730 1810 esse
749 1753 962 1812 emanationem
975 1767 995 1810 a
1007 1767 1061 1812 suo
1072 1754 1232 1828 principio,
1256 1767 1404 1828 quaeque
1424 1758 1457 1810 nt

350 1852 528 1910 necessariae
546 1851 767 1926 consequentiae
782 1847 931 1908 diffluunt.
953 1848 996 1909 De
1019 1849 1146 1925 quadam
1167 1851 1297 1910 veritate
1323 1849 1456 1909 meelate

350 1949 410 2008 dici
423 1954 541 2025 potest,
559 1949 644 2007 sicuti
671 1946 708 2006 de
726 1947 871 2022 primariis
895 1949 1067 2022 geometriae
1088 1947 1282 2023 veritatibus,
1307 1963 1327 2006 e
1348 1946 1455 2024 quibus

350 2049 461 2123 quaele
474 2046 554 2105 iente
566 2045 701 2122 originali
714 2043 857 2120 plurimae
870 2044 944 2103 aliae
957 2047 1094 2104 veritates
1102 2051 1341 2121 emanant,quae
1351 2059 1454 2120 reapse

352 2146 462 2220 primas
484 2143 647 2220 adaugent,
669 2147 699 2201 ct
719 2157 821 2200 carum
840 2141 965 2201 dilatant
983 2140 1155 2212 dominium.
1180 2139 1313 2202 Nonnisi
1334 2144 1454 2220 ingenio

353 2242 499 2300 inventori
525 2239 580 2299 lies
600 2241 738 2299 veritates
761 2241 949 2316 geometricas
965 2254 1020 2298 noe
1040 2237 1178 2300 debemus
1189 2282 1200 2316 ,
1212 2240 1325 2300 codem
1344 2239 1450 2316 modo,

351 2336 464 2398 simlbi
482 2337 580 2396 dicere
597 2337 643 2396 ias
657 2343 713 2412 est,
732 2353 790 2412 quo
807 2336 952 2396 Ecclesiae
969 2335 1133 2396 Catholicae
1161 2353 1222 2396 non
1247 2340 1313 2397 nisi
1326 2337 1453 2414 Aposto-

352 2435 390 2495 lis
414 2449 515 2494 omnes
532 2451 603 2494 suae
619 2437 756 2494 veritates
775 2434 920 2493 revelatae
937 2441 1007 2494 sunt
1024 2434 1200 2494 referendae.

390 2532 436 2592 Ex
454 2531 541 2592 rebus
553 2531 707 2609 hucusque·
719 2531 804 2590 dictis
819 2529 903 2590 nobis
920 2531 998 2592 clare
1013 2532 1123 2608 paicbit
1134 2532 1229 2592 Eiblia
1245 2531 1449 2592 Deutcro-Ca·

352 2631 460 2690 nonica
476 2629 608 2688 eamdem
623 2630 836 2706 auctoritatem,
856 2631 1050 2706 sanctitatem,
1069 2629 1253 2690 divinitatem
1268 2633 1305 2689 in
1319 2629 1450 2690 Ecclesia

356 2725 521 2786 Chrisdam
534 2726 727 2802 praeseferre,
748 2741 959 2802 superbamque
976 2727 1181 2786 revelationem
1192 2726 1239 2786 bis
1250 2729 1373 2802 inessc3
1387 2728 1450 2802 ipsa

357 2825 436 2882 enim
452 2824 619 2884 traditmms
632 2823 937 2900 apostolicaesemper
959 2831 1004 2884 est
1027 2830 1125 2884 secuta
1140 2827 1287 2902 vestiga,
1315 2831 1347 2884 et
1368 2837 1446 2882 nunc

358 2923 462 2981 meritc
475 2921 620 2998 judicium
635 2937 722 2981 suum
745 2920 783 2981 de
797 2919 844 2980 his
867 2924 1092 2998 pronunciavit,
1112 2909 1167 2982 cui¹
1183 2939 1286 2984 omnm
1308 2919 1446 2982 christili-

358 3017 436 3078 deles
453 3026 584 3095 pareant.
602 3019 666 3078 Hac
684 3025 782 3079 autem
796 3021 828 3077 in
847 3021 879 3078 're
897 3019 1026 3080 Ecclesia
1042 3017 1191 3080 Catholica
1208 3037 1269 3079 non
1287 3037 1328 3079 ex
1349 3019 1449 3078 bomi-

354 3114 442 3174 nibus
471 3117 608 3194 privatis,
628 3131 723 3192 neque
746 3132 784 3175 cx
802 3118 893 3176 variis
916 3122 946 3176 ct
966 3116 1154 3176 mutabilibus
1175 3133 1275 3176 eorum
1295 3115 1448 3176 sententiis

354 3209 391 3270 de
407 3211 488 3272 hisce
504 3212 587 3271 libris
599 3213 744 3289 judicium
756 3213 843 3290 tulit,
857 3211 958 3272 sodex
975 3212 1109 3272 omnibus
1128 3213 1258 3289 ejusdem
1275 3211 1446 3272 doctoribus

355 3310 387 3366 in
400 3308 533 3369 diversas
544 3312 676 3386 regiones
689 3311 843 3387 dispersis,
858 3327 894 3370 ac
906 3310 995 3369 sinui
1011 3309 1138 3368 collectis
1157 3310 1196 3370 ob
1206 3309 1263 3370 hoc
1280 3312 1444 3388 negotium,

356 3407 390 3462 in
414 3408 533 3464 nominc
556 3405 665 3466 Christi
683 3406 821 3468 decrevit.
850 3409 987 3484 Quisquis
1011 3413 1109 3466 autem
1132 3423 1235 3467 vocem
1260 3409 1343 3468 illius
1365 3419 1445 3482 prae·

358 3507 484 3560 stantem
500 3519 561 3562 non
577 3504 674 3580 audit,
690 3504 797 3564 Christi
814 3503 932 3563 Domini
948 3506 1122 3564 mumadam
1139 3505 1249 3564 audiat:
1272 3504 1332 3565 «Si
1349 3501 1445 3563 Eccle-

357 3599 432 3657 siam
449 3615 509 3658 non
526 3599 665 3678 audierit,
675 3602 776 3662 sittlbi
795 3605 871 3662 sicut
884 3602 1037 3678 Ethnicus,
1052 3609 1081 3662 et
1093 3602 1281 3662 Ptrbliconus.
1300 3627 1315 3654 ν
1334 3599 1444 3675 Quibus

358 3695 443 3754 dictis
456 3697 543 3757 divus
556 3698 739 3776 Augustinus
749 3698 925 3776 respondens
935 3703 978 3760 eit
992 3718 1001 3759 ε
1019 3699 1199 3778 «Evangelio
1210 3717 1272 3760 non
1283 3699 1443 3772 crederem

357 3793 416 3851 nisi
432 3809 480 3852 me
492 3795 636 3855 Ecclesiae
649 3795 816 3856 Catholicae
822 3803 1017 3858 commoveret
1024 3800 1191 3858 auctoritas.
1210 3821 1223 3848 υ
1239 3798 1286 3857 Ex
1302 3797 1384 3856 hisce
1401 3808 1443 3852 rc·

358 3891 486 3951 tionibus
501 3891 671 3953 Tridentino
686 3891 822 3972 synodus
838 3911 949 3955 errores
968 3896 1091 3972 multos,
1113 3899 1164 3972 qui
1186 3897 1219 3955 in
1238 3896 1333 3955 divini
1347 3894 1443 3954 Pasto-

362 3989 403 4046 ris
422 4003 538 4066 gregem
557 3993 717 4068 irrepsere,
740 3992 910 4070 damnavit,
931 3996 1059 4053 maxime
1077 3999 1175 4054 auum
1191 4009 1241 4052 eos
1257 4007 1378 4066 omnm,
1393 3987 1441 4066 qui

358 4084 522 4163 Scripturas
541 4087 839 4150 beatem-Canentem
856 4107 968 4150 esacro
980 4090 1097 4150 Canope
1111 4090 1322 4150 rescindebant.

399 4183 437 4244 V.
457 4185 510 4244 Isti
522 4187 804 4246 tamennullomodo
815 4186 872 4248 boc
884 4188 1032 4248 decretum
1046 4190 1188 4265 veneat,
1197 4190 1282 4264 quasi
1292 4196 1439 4248 erroneum

360 4280 510 4360 iacientes,
517 4283 608 4344 verba
619 4291 758 4362 spernunt
766 4285 921 4363 Ecclesiae,
931 4301 1007 4364 quae
1016 4288 1134 4347 nomine
1145 4285 1237 4364 iliius,
1246 4287 1297 4364 qui
1307 4285 1334 4346 ei
1347 4281 1440 4343 clav'cs
