3094 5184
843 363 1002 414 ....62...¹

381 470 529 548 respondit
550 469 669 530 Balaam
689 469 856 545 Propheta:
881 469 919 547 (1)
947 469 1003 530 «st
1021 469 1133 532 dederit
1153 472 1224 532 mihi
1239 474 1320 536 Baiae
1332 479 1425 554 plenam

381 570 501 630 domum
521 585 605 630 suam
626 572 757 646 argenti,
778 574 808 630 et
826 571 913 646 auri,
934 586 994 630 non
1013 577 1114 646 potero
1132 576 1282 648 praeterire
1294 592 1428 641 mrmanam

381 671 492 728 domini
510 668 564 728 Dei
583 669 662 744 mel,
683 675 717 728 ut
735 667 782 727 vel
802 667 873 726 boni
892 669 984 744 quid,
1005 667 1052 728 uel
1073 669 1144 730 mali
1162 671 1304 746 proferam
1315 691 1348 734 ex
1359 678 1428 738 eorde

315 797 320 810 ·
381 785 466 842 meo3
488 766 540 826 sed
561 765 704 842 quidquid
724 765 866 824 Dominus
888 765 1015 842 dixerit,
1036 765 1094 826 hoe
1113 767 1227 844 loquar.
1241 794 1254 820 ι
1275 770 1431 834 vasione

380 866 484 926 alesine
498 870 594 940 patrea
608 862 762 939 Clemens,
783 863 941 940 heuneus,
962 863 1119 941 Origenes,
1139 865 1340 944 Termllianus,
1353 876 1432 932 estat

379 981 437 1039 qne
457 962 615 1038 apostolica
632 961 711 1022 dicta
730 978 800 1036 prae
818 962 910 1021 oculis
930 961 1070 1024 habentes
1090 962 1128 1024 de
1153 967 1378 1039 supranaturali
1396 971 1431 1028 ln

379 1063 536 1137 spiratione
556 1059 723 1118 hominibus
743 1059 821 1118 meta
841 1061 873 1119 ln
892 1059 1000 1120 divinis
1020 1060 1199 1138 scripturis,
1225 1062 1345 1122 confessi
1361 1073 1431 1143 sunt,

379 1166 409 1219 et
427 1161 581 1219 contestati
600 1158 690 1218 libros
709 1156 851 1218 diuinitus
871 1160 1038 1235 inspiratos,
1053 1159 1119 1219 illos
1137 1176 1220 1237 esse,
1241 1163 1311 1237 qul,
1334 1166 1434 1224 aeonia

378 1273 398 1316 a
418 1259 576 1332 sapientia,
596 1262 626 1316 et
645 1256 796 1316 voluntate
813 1257 960 1334 humana,
981 1256 1133 1334 Prophetis
1152 1257 1335 1334 ethpostolis
1348 1260 1434 1320 dirim
1504 1255 1505 1320 t

378 1365 426 1418 tus
448 1357 568 1416 revelati
590 1354 692 1431 iuere3
713 1356 836 1431 ideoque
857 1355 971 1414 nullum
990 1371 1142 1432 errorem,
1168 1355 1281 1416 nullam
1299 1357 1434 1420 obhuoru

379 1463 500 1531 notam,
520 1453 635 1514 nullum
655 1453 841 1531 sphalmata
861 1453 919 1512 illis
939 1470 1002 1514 esse
1015 1454 1209 1532 inquirenda,
1228 1472 1303 1532 qnae
1321 1455 1435 1516 fadtlim

379 1554 446 1614 allis
463 1556 495 1612 in
517 1552 600 1612 libris
617 1551 790 1628 quibusvis,
811 1551 862 1612 ubl
882 1558 999 1612 tantum
1018 1553 1148 1614 hnmana
1167 1560 1276 1614 natura
1294 1555 1382 1632 duee,
1397 1573 1435 1616 oa·

377 1659 510 1712 marunt.
531 1650 734 1728 Augustinus,
755 1657 790 1710 ut
811 1667 865 1710 suo
884 1651 949 1710 loco
962 1653 1084 1728 notavi,
1104 1658 1207 1714 annua
1226 1653 1375 1729 quemdam
1387 1669 1434 1712 na·

377 1749 483 1810 nliosta
501 1749 557 1808 hoc
577 1747 734 1806 mmmmm
745 1750 839 1823 ponit,
861 1763 972 1824 suaque
991 1746 1125 1808 doctrina
1144 1749 1293 1825 illustrat,
1313 1755 1372 1810 taur
1383 1767 1436 1810 eun

378 1849 441 1924 agit
452 1847 489 1906 de
502 1843 618 1920 scriptis
634 1844 861 1920 praedecessoris
882 1847 929 1904 sul
954 1844 1111 1923 Cypriani,
1129 1850 1213 1923 cujus
1227 1848 1335 1922 scripta
1345 1849 1436 1908 edam

379 1951 502 2020 sancta,
523 1944 609 2004 valde
632 1942 772 2002 inferiora
795 1959 857 2002 esse
881 1945 922 2002 ait
941 1941 1157 2020 Seriptrnarum
1177 1946 1359 2020 auctoritati,
1380 1961 1438 2020 quae

378 2046 411 2104 in
430 2042 548 2102 Conone
567 2058 652 2102 sacro
672 2041 874 2102 censebantur.
895 2043 975 2102 Inter
990 2043 1123 2102 mmdem
1138 2042 1338 2120 augustinum
1349 2049 1376 2102 et
1388 2043 1438 2102 liie·

379 2157 537 2218 ronymum
558 2139 596 2200 ad
616 2142 744 2200 invicem
763 2139 835 2200 haee
855 2139 1049 2216 discrepantia
1066 2147 1165 2216 aperte
1176 2140 1365 2218 dignoscitur.
1378 2139 1438 2199 uia
1505 2167 1506 2172 ¹

378 2243 457 2298 enim
479 2241 506 2298 el
525 2237 708 2316 Augustinus
719 2238 771 2315 (alt
797 2239 886 2316 «Ego
900 2238 993 2298 fateor
1014 2238 1148 2298 charitati
1161 2246 1231 2298 tuae
1245 2238 1316 2298 solis
1328 2240 1367 2298 eis
1379 2237 1437 2297 sni·

377 2343 531 2414 porrorum
556 2335 668 2412 libris,
696 2338 748 2412 qui
771 2340 835 2412 jam
856 2335 995 2396 Canoniel
1024 2335 1238 2412 appellantur,
1267 2334 1355 2395 didici
1377 2335 1438 2394 hunc

377 2437 513 2495 timorem
526 2435 724 2511 honoremque
739 2434 867 2512 deterre,
884 2439 918 2494 ut
931 2434 1045 2494 nndrrm
1058 2451 1159 2494 eorum
1174 2440 1325 2494 auctorem
1337 2433 1438 2494 sumn

377 2532 417 2593 do
429 2535 540 2612 aliquid
550 2549 679 2610 errasse,
691 2533 857 2592 firmissirm
867 2532 995 2592 credam.
1008 2530 1053 2592 Ac
1063 2535 1089 2592 si
1100 2532 1212 2608 aliquid
1220 2533 1253 2592 in
1260 2535 1304 2592 els
1315 2532 1439 2592 offendero

378 2633 503 2710 litteris,
524 2633 604 2710 quod
624 2633 741 2692 videtur
762 2634 942 2692 conuarlum
962 2632 1099 2708 ueritatr'3
1120 2631 1193 2690 nihil
1214 2631 1299 2692 allud
1316 2613 1439 2710 quarum

382 2731 554 2791 mendosum
576 2747 639 2792 esse
657 2730 804 2806 oodieem,
832 2729 879 2788 vel
901 2731 1087 2806 interpretem
1108 2721 1172 2788 non'
1190 2736 1358 2789 assecutum
1375 2745 1438 2804 esse,
1506 2751 1507 2754 ¹

379 2827 458 2904 quod
471 2828 581 2886 dietum
596 2833 658 2904 est,
678 2827 725 2886 vel
739 2843 785 2884 me
798 2828 919 2884 minime
932 2827 1110 2886 intellexisse
1123 2843 1184 2886 non
1197 2827 1359 2906 arnbigam.
1378 2827 1441 2886 llius

265 2949 268 2954 ·
377 2931 475 2984 antem
488 2927 530 2984 ltu
543 2926 624 3002 lego,
639 2932 673 2984 ut
685 2925 868 3002 quantalibet
880 2926 1035 2984 sanctitate
1047 2925 1236 3002 doctrinaque
1249 2924 1439 3002 praepolleant

289 3085 293 3094 ,
376 3039 437 3084 non
458 3023 523 3084 ideo
544 3039 648 3083 verum
671 3030 794 3100 putem,
816 3025 886 3100 quia
906 3024 962 3098 ipsi
983 3025 1026 3082 ita
1047 3039 1181 3099 sensere3
1202 3023 1256 3082 sed
1278 3025 1347 3100 quia
1365 3022 1441 3098 mihi,

378 3138 430 3196 per
454 3121 519 3180 illos
542 3127 674 3180 auctores
698 3119 879 3196 Canonium,
901 3119 948 3178 vel
967 3119 1110 3196 probabili
1130 3123 1255 3196 ratione,
1268 3121 1441 3197 qnodauuo

375 3234 436 3278 non
451 3218 622 3293 abhorreat,
638 3217 810 3294 persuadere
825 3222 1017 3292 potuerunt.»
1034 3218 1109 3276 Item
1122 3218 1202 3276 istud
1215 3218 1331 3276 donum
1342 3230 1440 3293 prorsus

377 3317 498 3376 eoeleste
511 3333 611 3375 omnes
625 3317 739 3392 antiqui
751 3315 884 3374 docmres
898 3316 1050 3374 unammes
1064 3321 1218 3374 senserunt
1230 3318 1310 3374 inter
1322 3313 1440 3372 hebraeos

377 3415 536 3488 perstitisse
555 3420 616 3474 toto
633 3420 763 3488 tempore
780 3418 849 3472 ante
867 3411 976 3472 Christi
991 3412 1168 3489 adventum,
1189 3429 1225 3472 uc
1242 3411 1441 3488 perdurasseiu

374 3511 588 3588 dispensatione
606 3511 793 3587 evangelica,
808 3526 966 3586 omnesque
982 3509 1137 3586 apostolos
1153 3512 1264 3586 pariter
1277 3510 1438 3582 obtinuisse,

376 3625 411 3667 ae
431 3610 550 3668 tandem
573 3611 604 3668 in
626 3609 743 3668 illorum
766 3614 859 3668 morte
887 3608 1037 3668 deiecisse.
1068 3607 1123 3668 Cui
1150 3609 1192 3666 rei
1221 3607 1314 3667 iidem
1342 3611 1439 3682 aposte-

376 3705 425 3764 lici
447 3714 543 3782 patres
562 3708 764 3766 testimonium
793 3706 1023 3782 perhibuerunt,
1052 3710 1119 3782 jure
1146 3708 1255 3782 scripta
1288 3705 1387 3765 diuina
1411 3701 1440 3761 eb

376 3803 445 3862 aliis
465 3812 668 3880 secernentes,
690 3805 777 3866 sicuti
795 3821 833 3864 ex
852 3804 1008 3864 traditione
1026 3804 1112 3864 nobis
1132 3804 1281 3881 proditum
1301 3809 1356 3864 est
1426 3854 1433 3862 .

415 3901 457 3960 Eo
484 3903 583 3978 itaque
610 3903 778 3962 discrimine
801 3905 895 3978 posito
919 3905 995 3962 inter
1018 3901 1199 3980 Scriptumm
1223 3901 1441 3974 humanam,et

375 4000 519 4075 divinam,
542 4002 662 4076 quinam
675 4001 757 4060 loeus
781 3999 924 4076 aptandus
949 4002 1004 4060 erit
1027 4002 1141 4075 scriptis
1163 3995 1440 4060 Dentato-Canonids

374 4099 481 4158 veteris
497 4097 695 4158 Testamenti?
709 4098 752 4176 st,
770 4103 804 4158 ut
821 4100 980 4158 adversarii
990 4100 1158 4176 opinanun,
1174 4115 1210 4158 ea
1222 4114 1284 4158 non
1298 4103 1367 4158 sont
1377 4109 1438 4154 nun·

401 4307 435 4369 (ι)
445 4311 518 4360 sum.
530 4323 551 4358 a.
566 4311 652 4358 xxiv.
667 4309 872 4373 12‚·-(2)Tom.
885 4310 1182 4374 trapessacum.
