<?xml version="1.0" encoding="UTF-8"?>
<!DOCTYPE html PUBLIC "-//W3C//DTD XHTML 1.0 Transitional//EN"
    "http://www.w3.org/TR/xhtml1/DTD/xhtml1-transitional.dtd">
<html xmlns="http://www.w3.org/1999/xhtml" xml:lang="en" lang="en">
 <head>
  <title>
</title>
<meta http-equiv="Content-Type" content="text/html;charset=utf-8" />
  <meta name='ocr-system' content='tesseract 3.04.00' />
  <meta name='ocr-capabilities' content='ocr_page ocr_carea ocr_par ocr_line ocrx_word'/>
</head>
<body>
  <div class='ocr_page' id='page_1' title='image "./sessioquartacon00vincgoog_0170.png"; bbox 0 0 2964 5174; ppageno 0'>
   <div class='ocr_carea' id='block_1_1' title="bbox 481 329 660 380">
    <p class='ocr_par' dir='ltr' id='par_1_1' title="bbox 481 329 660 380">
     <span class='ocr_line' id='line_1_1' title="bbox 481 329 660 380; baseline -0.011 1"><span class='ocrx_word' id='word_1_1' title='bbox 481 329 660 380; x_wconf 78' lang='lat'>—115-</span> 
     </span>
    </p>
   </div>
   <div class='ocr_carea' id='block_1_2' title="bbox 58 438 1120 3077">
    <p class='ocr_par' dir='ltr' id='par_1_2' title="bbox 58 438 1120 3077">
     <span class='ocr_line' id='line_1_2' title="bbox 69 438 1112 520; baseline -0.004 -17"><span class='ocrx_word' id='word_1_2' title='bbox 69 449 116 504; x_wconf 85' lang='lat' dir='ltr'><strong>vias</strong></span> <span class='ocrx_word' id='word_1_3' title='bbox 132 441 259 520; x_wconf 67' lang='lat' dir='ltr'><strong>quedam</strong></span> <span class='ocrx_word' id='word_1_4' title='bbox 283 445 369 500; x_wconf 89' lang='lat' dir='ltr'><strong>antea</strong></span> <span class='ocrx_word' id='word_1_5' title='bbox 394 438 511 516; x_wconf 89' lang='lat' dir='ltr'><strong>linguae</strong></span> <span class='ocrx_word' id='word_1_6' title='bbox 536 439 712 498; x_wconf 75' lang='lat' dir='ltr'><strong>obscuritate</strong></span> <span class='ocrx_word' id='word_1_7' title='bbox 739 439 874 515; x_wconf 88' lang='lat' dir='ltr'><strong>clausas,</strong></span> <span class='ocrx_word' id='word_1_8' title='bbox 899 445 928 498; x_wconf 89' lang='lat' dir='ltr'><strong>et</strong></span> <span class='ocrx_word' id='word_1_9' title='bbox 948 439 1112 510; x_wconf 78' lang='lat' dir='ltr'><strong>obstructas</strong></span> 
     </span>
     <span class='ocr_line' id='line_1_3' title="bbox 67 539 1110 615; baseline -0.004 -15"><span class='ocrx_word' id='word_1_10' title='bbox 67 543 175 600; x_wconf 72' lang='lat' dir='ltr'><strong>omnies</strong></span> <span class='ocrx_word' id='word_1_11' title='bbox 192 545 270 615; x_wconf 86' lang='lat' dir='ltr'><strong>parte</strong></span> <span class='ocrx_word' id='word_1_12' title='bbox 282 539 397 596; x_wconf 88' lang='lat' dir='ltr'><strong>curavit</strong></span> <span class='ocrx_word' id='word_1_13' title='bbox 408 539 645 612; x_wconf 73' lang='lat' dir='ltr'>interpretatione</span> <span class='ocrx_word' id='word_1_14' title='bbox 658 539 796 612; x_wconf 90' lang='lat' dir='ltr'><strong>reserari,</strong></span> <span class='ocrx_word' id='word_1_15' title='bbox 817 542 852 595; x_wconf 93' lang='lat' dir='ltr'><strong>ut</strong></span> <span class='ocrx_word' id='word_1_16' title='bbox 869 552 969 596; x_wconf 90' lang='lat' dir='ltr'><strong>omnes</strong></span> <span class='ocrx_word' id='word_1_17' title='bbox 988 553 1026 596; x_wconf 86' lang='lat' dir='ltr'><strong>cx</strong></span> <span class='ocrx_word' id='word_1_18' title='bbox 1040 554 1110 614; x_wconf 91' lang='lat' dir='ltr'><strong>gen-</strong></span> 
     </span>
     <span class='ocr_line' id='line_1_4' title="bbox 68 633 1116 715; baseline -0.004 -19"><span class='ocrx_word' id='word_1_19' title='bbox 68 639 125 698; x_wconf 89' lang='lat' dir='ltr'><strong>tibus</strong></span> <span class='ocrx_word' id='word_1_20' title='bbox 140 639 258 713; x_wconf 88' lang='lat' dir='ltr'><strong>undique</strong></span> <span class='ocrx_word' id='word_1_21' title='bbox 273 636 468 715; x_wconf 82' lang='lat' dir='ltr'><strong>confluentes,</strong></span> <span class='ocrx_word' id='word_1_22' title='bbox 494 641 523 694; x_wconf 88' lang='lat' dir='ltr'><strong>et</strong></span> <span class='ocrx_word' id='word_1_23' title='bbox 542 635 635 692; x_wconf 91' lang='lat' dir='ltr'><strong>multa</strong></span> <span class='ocrx_word' id='word_1_24' title='bbox 654 650 722 693; x_wconf 91' lang='lat' dir='ltr'><strong>curn</strong></span> <span class='ocrx_word' id='word_1_25' title='bbox 744 633 883 692; x_wconf 78' lang='lat' dir='ltr'><strong>facilitate</strong></span> <span class='ocrx_word' id='word_1_26' title='bbox 905 651 956 710; x_wconf 92' lang='lat' dir='ltr'><strong>per</strong></span> <span class='ocrx_word' id='word_1_27' title='bbox 978 633 1032 694; x_wconf 89' lang='lat' dir='ltr'><strong>has</strong></span> <span class='ocrx_word' id='word_1_28' title='bbox 1051 637 1116 694; x_wconf 90' lang='lat' dir='ltr'><strong>vias</strong></span> 
     </span>
     <span class='ocr_line' id='line_1_5' title="bbox 67 730 1115 813; baseline -0.003 -16"><span class='ocrx_word' id='word_1_29' title='bbox 67 738 218 813; x_wconf 83' lang='lat' dir='ltr'><strong>incedentes,</strong></span> <span class='ocrx_word' id='word_1_30' title='bbox 235 741 351 812; x_wconf 89' lang='lat' dir='ltr'><strong>possent</strong></span> <span class='ocrx_word' id='word_1_31' title='bbox 369 734 407 792; x_wconf 89' lang='lat' dir='ltr'><strong>ad</strong></span> <span class='ocrx_word' id='word_1_32' title='bbox 426 750 525 810; x_wconf 90' lang='lat' dir='ltr'><strong>regern</strong></span> <span class='ocrx_word' id='word_1_33' title='bbox 543 736 639 809; x_wconf 92' lang='lat' dir='ltr'><strong>ipsum</strong></span> <span class='ocrx_word' id='word_1_34' title='bbox 660 730 870 808; x_wconf 77' lang='lat' dir='ltr'><strong>Prophetarum</strong></span> <span class='ocrx_word' id='word_1_35' title='bbox 890 736 1006 810; x_wconf 87' lang='lat' dir='ltr'><strong>venire,</strong></span> <span class='ocrx_word' id='word_1_36' title='bbox 1027 740 1115 810; x_wconf 80' lang='lat' dir='ltr'><strong>atquc</strong></span> 
     </span>
     <span class='ocr_line' id='line_1_6' title="bbox 67 830 1116 912; baseline -0.004 -18"><span class='ocrx_word' id='word_1_37' title='bbox 67 835 225 912; x_wconf 81' lang='lat' dir='ltr'><strong>Unigenitum</strong></span> <span class='ocrx_word' id='word_1_38' title='bbox 243 835 296 894; x_wconf 89' lang='lat' dir='ltr'><strong>Dei</strong></span> <span class='ocrx_word' id='word_1_39' title='bbox 309 835 417 894; x_wconf 86' lang='lat' dir='ltr'><strong>Filium</strong></span> <span class='ocrx_word' id='word_1_40' title='bbox 429 832 569 908; x_wconf 75' lang='lat' dir='ltr'><strong>adorare,</strong></span> <span class='ocrx_word' id='word_1_41' title='bbox 585 837 614 890; x_wconf 90' lang='lat' dir='ltr'><strong>et</strong></span> <span class='ocrx_word' id='word_1_42' title='bbox 631 833 673 890; x_wconf 92' lang='lat' dir='ltr'><strong>sie</strong></span> <span class='ocrx_word' id='word_1_43' title='bbox 691 837 723 889; x_wconf 93' lang='lat' dir='ltr'><strong>ut</strong></span> <span class='ocrx_word' id='word_1_44' title='bbox 734 830 899 906; x_wconf 80' lang='lat' dir='ltr'><strong>Scripturas</strong></span> <span class='ocrx_word' id='word_1_45' title='bbox 916 837 1116 892; x_wconf 86' lang='lat' dir='ltr'><strong>converteren-</strong></span> 
     </span>
     <span class='ocr_line' id='line_1_7' title="bbox 65 928 1116 1010; baseline -0.003 -19"><span class='ocrx_word' id='word_1_46' title='bbox 65 937 99 990; x_wconf 87' lang='lat' dir='ltr'><strong>tur</strong></span> <span class='ocrx_word' id='word_1_47' title='bbox 115 934 199 1010; x_wconf 91' lang='lat' dir='ltr'><strong>gratia</strong></span> <span class='ocrx_word' id='word_1_48' title='bbox 216 932 322 990; x_wconf 85' lang='lat' dir='ltr'><strong>Divina</strong></span> <span class='ocrx_word' id='word_1_49' title='bbox 340 931 483 1006; x_wconf 90' lang='lat' dir='ltr'><strong>providit,</strong></span> <span class='ocrx_word' id='word_1_50' title='bbox 504 945 611 1005; x_wconf 86' lang='lat' dir='ltr'><strong>easque</strong></span> <span class='ocrx_word' id='word_1_51' title='bbox 628 945 688 987; x_wconf 93' lang='lat' dir='ltr'><strong>non</strong></span> <span class='ocrx_word' id='word_1_52' title='bbox 709 928 796 987; x_wconf 91' lang='lat' dir='ltr'><strong>modo</strong></span> <span class='ocrx_word' id='word_1_53' title='bbox 816 932 964 988; x_wconf 90' lang='lat' dir='ltr'><strong>conversis</strong></span> <span class='ocrx_word' id='word_1_54' title='bbox 986 947 1023 990; x_wconf 82' lang='lat' dir='ltr'><strong>ex</strong></span> <span class='ocrx_word' id='word_1_55' title='bbox 1048 946 1116 1007; x_wconf 90' lang='lat' dir='ltr'><strong>gen·</strong></span> 
     </span>
     <span class='ocr_line' id='line_1_8' title="bbox 65 1027 1115 1108; baseline -0.002 -20"><span class='ocrx_word' id='word_1_56' title='bbox 65 1029 139 1106; x_wconf 87' lang='lat' dir='ltr'><strong>tibus,</strong></span> <span class='ocrx_word' id='word_1_57' title='bbox 155 1031 203 1090; x_wconf 88' lang='lat' dir='ltr'><strong>sed</strong></span> <span class='ocrx_word' id='word_1_58' title='bbox 218 1034 306 1090; x_wconf 90' lang='lat' dir='ltr'><strong>etiam</strong></span> <span class='ocrx_word' id='word_1_59' title='bbox 319 1030 435 1108; x_wconf 88' lang='lat' dir='ltr'><strong>judaeis</strong></span> <span class='ocrx_word' id='word_1_60' title='bbox 454 1030 540 1088; x_wconf 90' lang='lat' dir='ltr'><strong>utiles</strong></span> <span class='ocrx_word' id='word_1_61' title='bbox 558 1027 702 1104; x_wconf 84' lang='lat' dir='ltr'><strong>reddidit,</strong></span> <span class='ocrx_word' id='word_1_62' title='bbox 723 1029 775 1104; x_wconf 91' lang='lat' dir='ltr'><strong>qui</strong></span> <span class='ocrx_word' id='word_1_63' title='bbox 787 1028 894 1103; x_wconf 90' lang='lat' dir='ltr'><strong>ubique</strong></span> <span class='ocrx_word' id='word_1_64' title='bbox 907 1033 1051 1088; x_wconf 87' lang='lat' dir='ltr'><strong>terrarum</strong></span> <span class='ocrx_word' id='word_1_65' title='bbox 1071 1028 1115 1086; x_wconf 92' lang='lat' dir='ltr'><strong>di-</strong></span> 
     </span>
     <span class='ocr_line' id='line_1_9' title="bbox 64 1125 1116 1205; baseline -0.001 -20"><span class='ocrx_word' id='word_1_66' title='bbox 64 1131 133 1202; x_wconf 88' lang='lat' dir='ltr'><strong>spersi</strong></span> <span class='ocrx_word' id='word_1_67' title='bbox 150 1128 274 1205; x_wconf 85' lang='lat' dir='ltr'><strong>lucrant,</strong></span> <span class='ocrx_word' id='word_1_68' title='bbox 296 1145 350 1188; x_wconf 91' lang='lat' dir='ltr'><strong>nec</strong></span> <span class='ocrx_word' id='word_1_69' title='bbox 373 1128 498 1205; x_wconf 88' lang='lat' dir='ltr'><strong>amplius</strong></span> <span class='ocrx_word' id='word_1_70' title='bbox 514 1127 681 1186; x_wconf 88' lang='lat' dir='ltr'><strong>hebraicam</strong></span> <span class='ocrx_word' id='word_1_71' title='bbox 698 1126 831 1202; x_wconf 88' lang='lat' dir='ltr'><strong>ilnguam</strong></span> <span class='ocrx_word' id='word_1_72' title='bbox 849 1125 996 1186; x_wconf 88' lang='lat' dir='ltr'><strong>tenebant.</strong></span> <span class='ocrx_word' id='word_1_73' title='bbox 1012 1151 1024 1176; x_wconf 74' lang='lat' dir='ltr'><strong>r</strong></span> <span class='ocrx_word' id='word_1_74' title='bbox 1051 1126 1116 1184; x_wconf 79' lang='lat' dir='ltr'><strong>llio</strong></span> 
     </span>
     <span class='ocr_line' id='line_1_10' title="bbox 65 1219 1116 1304; baseline -0.001 -20"><span class='ocrx_word' id='word_1_75' title='bbox 65 1229 243 1301; x_wconf 83' lang='lat' dir='ltr'><strong>quentisshnus</strong></span> <span class='ocrx_word' id='word_1_76' title='bbox 258 1227 359 1286; x_wconf 90' lang='lat' dir='ltr'><strong>docter</strong></span> <span class='ocrx_word' id='word_1_77' title='bbox 372 1243 510 1304; x_wconf 89' lang='lat' dir='ltr'><strong>syrorum</strong></span> <span class='ocrx_word' id='word_1_78' title='bbox 522 1227 654 1303; x_wconf 90' lang='lat' dir='ltr'><strong>linguam</strong></span> <span class='ocrx_word' id='word_1_79' title='bbox 671 1219 745 1284; x_wconf 86' lang='lat' dir='ltr'><strong>benc</strong></span> <span class='ocrx_word' id='word_1_80' title='bbox 759 1230 900 1300; x_wconf 91' lang='lat' dir='ltr'><strong>noverat,</strong></span> <span class='ocrx_word' id='word_1_81' title='bbox 915 1227 1003 1284; x_wconf 90' lang='lat' dir='ltr'><strong>etiam</strong></span> <span class='ocrx_word' id='word_1_82' title='bbox 1017 1226 1048 1282; x_wconf 91' lang='lat' dir='ltr'><strong>in</strong></span> <span class='ocrx_word' id='word_1_83' title='bbox 1061 1225 1116 1301; x_wconf 91' lang='lat' dir='ltr'><strong>Sy-</strong></span> 
     </span>
     <span class='ocr_line' id='line_1_11' title="bbox 64 1320 1117 1402; baseline -0.002 -20"><span class='ocrx_word' id='word_1_84' title='bbox 64 1327 95 1382; x_wconf 86' lang='lat' dir='ltr'><strong>rie</strong></span> <span class='ocrx_word' id='word_1_85' title='bbox 112 1325 244 1401; x_wconf 84' lang='lat' dir='ltr'><strong>orientali,</strong></span> <span class='ocrx_word' id='word_1_86' title='bbox 266 1341 394 1402; x_wconf 89' lang='lat' dir='ltr'><strong>quanam</strong></span> <span class='ocrx_word' id='word_1_87' title='bbox 408 1326 510 1402; x_wconf 87' lang='lat' dir='ltr'><strong>lingua</strong></span> <span class='ocrx_word' id='word_1_88' title='bbox 532 1324 622 1400; x_wconf 90' lang='lat' dir='ltr'><strong>vulgo</strong></span> <span class='ocrx_word' id='word_1_89' title='bbox 643 1323 807 1399; x_wconf 90' lang='lat' dir='ltr'><strong>legerentur</strong></span> <span class='ocrx_word' id='word_1_90' title='bbox 824 1320 1008 1398; x_wconf 83' lang='lat' dir='ltr'><strong>Scripturas,</strong></span> <span class='ocrx_word' id='word_1_91' title='bbox 1031 1338 1117 1382; x_wconf 91' lang='lat' dir='ltr'><strong>nosse</strong></span> 
     </span>
     <span class='ocr_line' id='line_1_12' title="bbox 63 1419 1116 1500; baseline -0.003 -18"><span class='ocrx_word' id='word_1_92' title='bbox 63 1428 161 1496; x_wconf 80' lang='lat' dir='ltr'><strong>perat.</strong></span> <span class='ocrx_word' id='word_1_93' title='bbox 182 1423 351 1484; x_wconf 90' lang='lat' dir='ltr'><strong>Theodorus</strong></span> <span class='ocrx_word' id='word_1_94' title='bbox 375 1424 497 1500; x_wconf 92' lang='lat' dir='ltr'><strong>quidam</strong></span> <span class='ocrx_word' id='word_1_95' title='bbox 518 1429 605 1482; x_wconf 88' lang='lat' dir='ltr'><strong>vetus</strong></span> <span class='ocrx_word' id='word_1_96' title='bbox 629 1423 753 1496; x_wconf 89' lang='lat' dir='ltr'><strong>scriptor</strong></span> <span class='ocrx_word' id='word_1_97' title='bbox 773 1419 964 1478; x_wconf 91' lang='lat' dir='ltr'><strong>antiochenus</strong></span> <span class='ocrx_word' id='word_1_98' title='bbox 984 1423 1015 1478; x_wconf 94' lang='lat' dir='ltr'><strong>in</strong></span> <span class='ocrx_word' id='word_1_99' title='bbox 1038 1437 1116 1479; x_wconf 92' lang='lat' dir='ltr'><strong>com·</strong></span> 
     </span>
     <span class='ocr_line' id='line_1_13' title="bbox 63 1517 1118 1599; baseline -0.001 -20"><span class='ocrx_word' id='word_1_100' title='bbox 63 1524 204 1599; x_wconf 78' lang='lat' dir='ltr'><strong>nunriis,</strong></span> <span class='ocrx_word' id='word_1_101' title='bbox 220 1540 296 1599; x_wconf 87' lang='lat' dir='ltr'><strong>quae</strong></span> <span class='ocrx_word' id='word_1_102' title='bbox 314 1525 344 1581; x_wconf 95' lang='lat' dir='ltr'><strong>in</strong></span> <span class='ocrx_word' id='word_1_103' title='bbox 364 1524 474 1582; x_wconf 83' lang='lat' dir='ltr'><strong>catenis</strong></span> <span class='ocrx_word' id='word_1_104' title='bbox 489 1523 601 1599; x_wconf 86' lang='lat' dir='ltr'><strong>graccis</strong></span> <span class='ocrx_word' id='word_1_105' title='bbox 614 1521 800 1579; x_wconf 92' lang='lat' dir='ltr'><strong>continentur</strong></span> <span class='ocrx_word' id='word_1_106' title='bbox 813 1517 890 1576; x_wconf 90' lang='lat' dir='ltr'><strong>idem</strong></span> <span class='ocrx_word' id='word_1_107' title='bbox 903 1517 1035 1577; x_wconf 83' lang='lat' dir='ltr'><strong>tradidit:</strong></span> <span class='ocrx_word' id='word_1_108' title='bbox 1054 1543 1067 1570; x_wconf 77' lang='grc' dir='ltr'><strong>«ι</strong></span> <span class='ocrx_word' id='word_1_109' title='bbox 1081 1520 1118 1578; x_wconf 86' lang='lat' dir='ltr'><strong>Et</strong></span> 
     </span>
     <span class='ocr_line' id='line_1_14' title="bbox 63 1616 1117 1697; baseline 0 -21"><span class='ocrx_word' id='word_1_110' title='bbox 63 1618 232 1694; x_wconf 86' lang='lat' dir='ltr'><strong>nbilpostolis</strong></span> <span class='ocrx_word' id='word_1_111' title='bbox 245 1623 420 1697; x_wconf 80' lang='lat' dir='ltr'><strong>accipientes</strong></span> <span class='ocrx_word' id='word_1_112' title='bbox 436 1619 513 1679; x_wconf 87' lang='lat' dir='ltr'><strong>hanc</strong></span> <span class='ocrx_word' id='word_1_113' title='bbox 534 1627 571 1676; x_wconf 80' lang='lat'><strong>70</strong></span> <span class='ocrx_word' id='word_1_114' title='bbox 583 1617 722 1678; x_wconf 86' lang='lat' dir='ltr'><strong>Virorum</strong></span> <span class='ocrx_word' id='word_1_115' title='bbox 735 1617 958 1675; x_wconf 87' lang='lat' dir='ltr'><strong>translationem</strong></span> <span class='ocrx_word' id='word_1_116' title='bbox 975 1616 1117 1676; x_wconf 90' lang='lat' dir='ltr'><strong>habemus</strong></span> 
     </span>
     <span class='ocr_line' id='line_1_15' title="bbox 61 1715 1117 1796; baseline 0.004 -24"><span class='ocrx_word' id='word_1_117' title='bbox 61 1731 154 1794; x_wconf 89' lang='lat' dir='ltr'><strong>omnes,</strong></span> <span class='ocrx_word' id='word_1_118' title='bbox 174 1722 223 1795; x_wconf 87' lang='lat' dir='ltr'><strong>qui</strong></span> <span class='ocrx_word' id='word_1_119' title='bbox 245 1735 284 1780; x_wconf 87' lang='lat' dir='ltr'><strong>ex</strong></span> <span class='ocrx_word' id='word_1_120' title='bbox 308 1719 443 1796; x_wconf 87' lang='lat' dir='ltr'><strong>gentibus</strong></span> <span class='ocrx_word' id='word_1_121' title='bbox 464 1717 655 1792; x_wconf 84' lang='lat' dir='ltr'><strong>credidimus,</strong></span> <span class='ocrx_word' id='word_1_122' title='bbox 677 1721 707 1774; x_wconf 91' lang='lat' dir='ltr'><strong>et</strong></span> <span class='ocrx_word' id='word_1_123' title='bbox 723 1718 755 1773; x_wconf 92' lang='lat' dir='ltr'><strong>in</strong></span> <span class='ocrx_word' id='word_1_124' title='bbox 780 1715 908 1774; x_wconf 89' lang='lat' dir='ltr'><strong>ecclesiis</strong></span> <span class='ocrx_word' id='word_1_125' title='bbox 926 1715 1066 1791; x_wconf 87' lang='lat' dir='ltr'><strong>legimus,</strong></span> <span class='ocrx_word' id='word_1_126' title='bbox 1087 1721 1117 1776; x_wconf 90' lang='lat' dir='ltr'><strong>et</strong></span> 
     </span>
     <span class='ocr_line' id='line_1_16' title="bbox 61 1811 1116 1894; baseline 0 -22"><span class='ocrx_word' id='word_1_127' title='bbox 61 1811 120 1871; x_wconf 88' lang='lat' dir='ltr'><strong>lomi</strong></span> <span class='ocrx_word' id='word_1_128' title='bbox 134 1816 302 1878; x_wconf 89' lang='lat' dir='ltr'><strong>evolvimus.</strong></span> <span class='ocrx_word' id='word_1_129' title='bbox 317 1843 330 1868; x_wconf 73' lang='lat' dir='ltr'><strong>r</strong></span> <span class='ocrx_word' id='word_1_130' title='bbox 342 1817 523 1894; x_wconf 82' lang='lat' dir='ltr'><strong>Ephraemus</strong></span> <span class='ocrx_word' id='word_1_131' title='bbox 532 1816 610 1875; x_wconf 88' lang='lat' dir='ltr'><strong>idern</strong></span> <span class='ocrx_word' id='word_1_132' title='bbox 617 1817 709 1890; x_wconf 87' lang='lat' dir='ltr'><strong>pluris</strong></span> <span class='ocrx_word' id='word_1_133' title='bbox 720 1815 922 1890; x_wconf 84' lang='lat' dir='ltr'><strong>aegyptiacam</strong></span> <span class='ocrx_word' id='word_1_134' title='bbox 935 1815 1116 1889; x_wconf 86' lang='lat' dir='ltr'><strong>versionem,</strong></span> 
     </span>
     <span class='ocr_line' id='line_1_17' title="bbox 61 1911 1117 1992; baseline -0.001 -21"><span class='ocrx_word' id='word_1_135' title='bbox 61 1927 128 1986; x_wconf 76' lang='lat' dir='ltr'><strong>maur</strong></span> <span class='ocrx_word' id='word_1_136' title='bbox 145 1916 304 1991; x_wconf 90' lang='lat' dir='ltr'><strong>simplicem</strong></span> <span class='ocrx_word' id='word_1_137' title='bbox 327 1915 412 1992; x_wconf 84' lang='lat' dir='ltr'><strong>iecit,</strong></span> <span class='ocrx_word' id='word_1_138' title='bbox 434 1922 521 1991; x_wconf 81' lang='lat' dir='ltr'><strong>atque</strong></span> <span class='ocrx_word' id='word_1_139' title='bbox 546 1916 577 1973; x_wconf 92' lang='lat' dir='ltr'><strong>in</strong></span> <span class='ocrx_word' id='word_1_140' title='bbox 596 1913 706 1972; x_wconf 91' lang='lat' dir='ltr'><strong>eisdem</strong></span> <span class='ocrx_word' id='word_1_141' title='bbox 727 1911 845 1970; x_wconf 90' lang='lat' dir='ltr'><strong>Phseito</strong></span> <span class='ocrx_word' id='word_1_142' title='bbox 870 1911 908 1986; x_wconf 85' lang='lat' dir='ltr'><strong>(i)</strong></span> <span class='ocrx_word' id='word_1_143' title='bbox 931 1911 1048 1970; x_wconf 85' lang='lat' dir='ltr'><strong>scholiis</strong></span> <span class='ocrx_word' id='word_1_144' title='bbox 1067 1927 1117 1988; x_wconf 92' lang='lat' dir='ltr'><strong>sy·</strong></span> 
     </span>
     <span class='ocr_line' id='line_1_18' title="bbox 61 2011 1118 2092; baseline 0 -24"><span class='ocrx_word' id='word_1_145' title='bbox 61 2013 120 2072; x_wconf 87' lang='lat' dir='ltr'><strong>riaca</strong></span> <span class='ocrx_word' id='word_1_146' title='bbox 132 2016 290 2092; x_wconf 90' lang='lat' dir='ltr'><strong>vocabula,</strong></span> <span class='ocrx_word' id='word_1_147' title='bbox 306 2032 341 2075; x_wconf 90' lang='lat' dir='ltr'><strong>ae</strong></span> <span class='ocrx_word' id='word_1_148' title='bbox 353 2017 512 2076; x_wconf 86' lang='lat' dir='ltr'><strong>sententias</strong></span> <span class='ocrx_word' id='word_1_149' title='bbox 530 2031 568 2074; x_wconf 86' lang='lat' dir='ltr'><strong>ex</strong></span> <span class='ocrx_word' id='word_1_150' title='bbox 583 2012 781 2072; x_wconf 82' lang='lat' dir='ltr'><strong>alexandrinis</strong></span> <span class='ocrx_word' id='word_1_151' title='bbox 799 2011 1005 2085; x_wconf 87' lang='lat' dir='ltr'><strong>interpretibus</strong></span> <span class='ocrx_word' id='word_1_152' title='bbox 1025 2011 1118 2086; x_wconf 86' lang='lat' dir='ltr'><strong>expli·</strong></span> 
     </span>
     <span class='ocr_line' id='line_1_19' title="bbox 60 2108 1118 2188; baseline 0 -23"><span class='ocrx_word' id='word_1_153' title='bbox 60 2113 134 2188; x_wconf 75' lang='lat' dir='ltr'><strong>cavit,</strong></span> <span class='ocrx_word' id='word_1_154' title='bbox 147 2113 234 2174; x_wconf 88' lang='lat' dir='ltr'><strong>immo</strong></span> <span class='ocrx_word' id='word_1_155' title='bbox 249 2113 465 2174; x_wconf 88' lang='lat' dir='ltr'><strong>Bar-hebraeus</strong></span> <span class='ocrx_word' id='word_1_156' title='bbox 479 2113 515 2172; x_wconf 89' lang='lat' dir='ltr'><strong>de</strong></span> <span class='ocrx_word' id='word_1_157' title='bbox 529 2111 718 2188; x_wconf 83' lang='lat' dir='ltr'><strong>Septuaginta</strong></span> <span class='ocrx_word' id='word_1_158' title='bbox 734 2111 970 2183; x_wconf 85' lang='lat' dir='ltr'><strong>interpretatione</strong></span> <span class='ocrx_word' id='word_1_159' title='bbox 987 2108 1118 2166; x_wconf 90' lang='lat' dir='ltr'><strong>elocutus</strong></span> 
     </span>
     <span class='ocr_line' id='line_1_20' title="bbox 61 2203 1119 2287; baseline -0.004 -21"><span class='ocrx_word' id='word_1_160' title='bbox 61 2205 118 2268; x_wconf 87' lang='lat' dir='ltr'><strong>lanc</strong></span> <span class='ocrx_word' id='word_1_161' title='bbox 132 2214 281 2271; x_wconf 87' lang='lat' dir='ltr'><strong>veritatem</strong></span> <span class='ocrx_word' id='word_1_162' title='bbox 299 2212 413 2272; x_wconf 81' lang='lat' dir='ltr'><strong>extollit</strong></span> <span class='ocrx_word' id='word_1_163' title='bbox 431 2212 582 2287; x_wconf 87' lang='lat' dir='ltr'><strong>inquiens:</strong></span> <span class='ocrx_word' id='word_1_164' title='bbox 603 2233 616 2259; x_wconf 86' lang='lat'>«</span> <span class='ocrx_word' id='word_1_165' title='bbox 628 2207 686 2268; x_wconf 88' lang='lat' dir='ltr'><strong>Sed</strong></span> <span class='ocrx_word' id='word_1_166' title='bbox 704 2213 734 2266; x_wconf 92' lang='lat' dir='ltr'><strong>et</strong></span> <span class='ocrx_word' id='word_1_167' title='bbox 756 2222 892 2284; x_wconf 84' lang='lat' dir='ltr'><strong>syrorum</strong></span> <span class='ocrx_word' id='word_1_168' title='bbox 912 2207 956 2265; x_wconf 93' lang='lat' dir='ltr'><strong>sol</strong></span> <span class='ocrx_word' id='word_1_169' title='bbox 973 2203 1119 2281; x_wconf 87' lang='lat' dir='ltr'><strong>Ephraem</strong></span> 
     </span>
     <span class='ocr_line' id='line_1_21' title="bbox 60 2305 1118 2386; baseline -0.005 -22"><span class='ocrx_word' id='word_1_170' title='bbox 60 2313 136 2367; x_wconf 86' lang='lat' dir='ltr'><strong>noster</strong></span> <span class='ocrx_word' id='word_1_171' title='bbox 153 2327 316 2370; x_wconf 85' lang='lat' dir='ltr'><strong>sennonem</strong></span> <span class='ocrx_word' id='word_1_172' title='bbox 335 2312 498 2386; x_wconf 89' lang='lat' dir='ltr'><strong>composuit</strong></span> <span class='ocrx_word' id='word_1_173' title='bbox 518 2311 552 2367; x_wconf 91' lang='lat' dir='ltr'><strong>in</strong></span> <span class='ocrx_word' id='word_1_174' title='bbox 568 2307 659 2368; x_wconf 93' lang='lat' dir='ltr'><strong>iilud:</strong></span> <span class='ocrx_word' id='word_1_175' title='bbox 672 2337 684 2350; x_wconf 90' lang='lat'>·</span> <span class='ocrx_word' id='word_1_176' title='bbox 698 2305 861 2368; x_wconf 84' lang='lat' dir='ltr'><strong>Extolletur</strong></span> <span class='ocrx_word' id='word_1_177' title='bbox 874 2307 998 2380; x_wconf 85' lang='lat' dir='ltr'><strong>impius,</strong></span> <span class='ocrx_word' id='word_1_178' title='bbox 1012 2309 1118 2362; x_wconf 92' lang='lat' dir='ltr'><strong>utnon</strong></span> 
     </span>
     <span class='ocr_line' id='line_1_22' title="bbox 60 2400 1119 2485; baseline -0.005 -21"><span class='ocrx_word' id='word_1_179' title='bbox 60 2403 135 2484; x_wconf 80' lang='lat' dir='ltr'><strong>videat</strong></span> <span class='ocrx_word' id='word_1_180' title='bbox 154 2409 275 2485; x_wconf 87' lang='lat' dir='ltr'><strong>gloriam</strong></span> <span class='ocrx_word' id='word_1_181' title='bbox 295 2409 429 2468; x_wconf 90' lang='lat' dir='ltr'><strong>Domini:</strong></span> <span class='ocrx_word' id='word_1_182' title='bbox 444 2409 542 2470; x_wconf 86' lang='lat' dir='ltr'><strong>-dixit</strong></span> <span class='ocrx_word' id='word_1_183' title='bbox 560 2408 703 2484; x_wconf 90' lang='lat' dir='ltr'><strong>gloriosus</strong></span> <span class='ocrx_word' id='word_1_184' title='bbox 723 2407 835 2480; x_wconf 71' lang='lat' dir='ltr'><strong>Isaiae,</strong></span> <span class='ocrx_word' id='word_1_185' title='bbox 853 2410 882 2462; x_wconf 92' lang='lat' dir='ltr'><strong>et</strong></span> <span class='ocrx_word' id='word_1_186' title='bbox 901 2402 984 2462; x_wconf 91' lang='lat' dir='ltr'><strong>nulla</strong></span> <span class='ocrx_word' id='word_1_187' title='bbox 1004 2400 1119 2460; x_wconf 79' lang='lat' dir='ltr'><strong>aiiabm</strong></span> 
     </span>
     <span class='ocr_line' id='line_1_23' title="bbox 60 2499 1119 2582; baseline -0.006 -21"><span class='ocrx_word' id='word_1_188' title='bbox 60 2509 174 2566; x_wconf 78' lang='lat' dir='ltr'><strong>nemone</strong></span> <span class='ocrx_word' id='word_1_189' title='bbox 185 2509 216 2567; x_wconf 94' lang='lat' dir='ltr'><strong>in</strong></span> <span class='ocrx_word' id='word_1_190' title='bbox 235 2509 372 2568; x_wconf 87' lang='lat' dir='ltr'><strong>versione</strong></span> <span class='ocrx_word' id='word_1_191' title='bbox 388 2506 518 2582; x_wconf 90' lang='lat' dir='ltr'><strong>Shnpiici</strong></span> <span class='ocrx_word' id='word_1_192' title='bbox 534 2512 578 2564; x_wconf 91' lang='lat' dir='ltr'><strong>est</strong></span> <span class='ocrx_word' id='word_1_193' title='bbox 593 2505 630 2563; x_wconf 90' lang='lat' dir='ltr'><strong>de</strong></span> <span class='ocrx_word' id='word_1_194' title='bbox 645 2503 702 2563; x_wconf 89' lang='lat' dir='ltr'><strong>hae</strong></span> <span class='ocrx_word' id='word_1_195' title='bbox 715 2521 763 2579; x_wconf 91' lang='lat' dir='ltr'><strong>re,</strong></span> <span class='ocrx_word' id='word_1_196' title='bbox 781 2503 895 2578; x_wconf 90' lang='lat' dir='ltr'><strong>sedpro</strong></span> <span class='ocrx_word' id='word_1_197' title='bbox 909 2517 961 2559; x_wconf 86' lang='lat' dir='ltr'><strong>ao:</strong></span> <span class='ocrx_word' id='word_1_198' title='bbox 974 2499 1119 2558; x_wconf 90' lang='lat' dir='ltr'><strong>·Domlne</strong></span> 
     </span>
     <span class='ocr_line' id='line_1_24' title="bbox 60 2597 1118 2672; baseline -0.007 -10"><span class='ocrx_word' id='word_1_199' title='bbox 60 2601 270 2666; x_wconf 86' lang='lat' dir='ltr'><strong>hclcvationem</strong></span> <span class='ocrx_word' id='word_1_200' title='bbox 287 2621 430 2666; x_wconf 89' lang='lat' dir='ltr'><strong>manuum</strong></span> <span class='ocrx_word' id='word_1_201' title='bbox 446 2610 565 2663; x_wconf 89' lang='lat' dir='ltr'><strong>tuarum</strong></span> <span class='ocrx_word' id='word_1_202' title='bbox 584 2619 644 2662; x_wconf 94' lang='lat' dir='ltr'><strong>non</strong></span> <span class='ocrx_word' id='word_1_203' title='bbox 658 2602 812 2662; x_wconf 90' lang='lat' dir='ltr'><strong>videant.»</strong></span> <span class='ocrx_word' id='word_1_204' title='bbox 829 2597 1029 2659; x_wconf 82' lang='lat' dir='ltr'><strong>Theodoretus</strong></span> <span class='ocrx_word' id='word_1_205' title='bbox 1046 2611 1118 2672; x_wconf 89' lang='lat' dir='ltr'><strong>quo·</strong></span> 
     </span>
     <span class='ocr_line' id='line_1_25' title="bbox 59 2693 1118 2782; baseline -0.007 -23"><span class='ocrx_word' id='word_1_206' title='bbox 59 2715 100 2773; x_wconf 86' lang='lat' dir='ltr'><strong>que</strong></span> <span class='ocrx_word' id='word_1_207' title='bbox 110 2702 173 2782; x_wconf 85' lang='lat' dir='ltr'><strong>Cyri</strong></span> <span class='ocrx_word' id='word_1_208' title='bbox 191 2708 357 2782; x_wconf 89' lang='lat' dir='ltr'><strong>episcopus,</strong></span> <span class='ocrx_word' id='word_1_209' title='bbox 372 2703 452 2782; x_wconf 90' lang='lat' dir='ltr'><strong>quod</strong></span> <span class='ocrx_word' id='word_1_210' title='bbox 468 2709 513 2764; x_wconf 83' lang='lat' dir='ltr'><strong>est</strong></span> <span class='ocrx_word' id='word_1_211' title='bbox 532 2703 671 2779; x_wconf 91' lang='lat' dir='ltr'><strong>oppidum</strong></span> <span class='ocrx_word' id='word_1_212' title='bbox 688 2701 791 2779; x_wconf 87' lang='lat' dir='ltr'><strong>Syriae</strong></span> <span class='ocrx_word' id='word_1_213' title='bbox 804 2701 836 2758; x_wconf 94' lang='lat' dir='ltr'><strong>in</strong></span> <span class='ocrx_word' id='word_1_214' title='bbox 848 2697 1001 2775; x_wconf 91' lang='lat' dir='ltr'><strong>provincia</strong></span> <span class='ocrx_word' id='word_1_215' title='bbox 1013 2693 1118 2754; x_wconf 83' lang='lat' dir='ltr'><strong>Eufra-</strong></span> 
     </span>
     <span class='ocr_line' id='line_1_26' title="bbox 59 2797 1119 2881; baseline -0.009 -20"><span class='ocrx_word' id='word_1_216' title='bbox 59 2801 113 2860; x_wconf 79' lang='lat' dir='ltr'><strong>taia</strong></span> <span class='ocrx_word' id='word_1_217' title='bbox 131 2820 228 2880; x_wconf 83' lang='lat' dir='ltr'><strong>graaoe</strong></span> <span class='ocrx_word' id='word_1_218' title='bbox 244 2806 381 2881; x_wconf 87' lang='lat' dir='ltr'><strong>scripsit,</strong></span> <span class='ocrx_word' id='word_1_219' title='bbox 397 2810 428 2863; x_wconf 91' lang='lat' dir='ltr'><strong>et</strong></span> <span class='ocrx_word' id='word_1_220' title='bbox 447 2804 657 2862; x_wconf 88' lang='lat' dir='ltr'><strong>commentaria</strong></span> <span class='ocrx_word' id='word_1_221' title='bbox 673 2803 704 2858; x_wconf 94' lang='lat' dir='ltr'><strong>in</strong></span> <span class='ocrx_word' id='word_1_222' title='bbox 721 2799 824 2858; x_wconf 90' lang='lat' dir='ltr'><strong>Bibliis</strong></span> <span class='ocrx_word' id='word_1_223' title='bbox 842 2797 987 2871; x_wconf 89' lang='lat' dir='ltr'><strong>compegit</strong></span> <span class='ocrx_word' id='word_1_224' title='bbox 1005 2799 1119 2853; x_wconf 79' lang='lat' dir='ltr'><strong>terbum</strong></span> 
     </span>
     <span class='ocr_line' id='line_1_27' title="bbox 58 2893 1120 2978; baseline -0.008 -19"><span class='ocrx_word' id='word_1_225' title='bbox 58 2895 255 2962; x_wconf 69' lang='lat' dir='ltr'><strong>nundinum</strong></span> <span class='ocrx_word' id='word_1_226' title='bbox 279 2907 411 2978; x_wconf 82' lang='lat' dir='ltr'><strong>secmus,</strong></span> <span class='ocrx_word' id='word_1_227' title='bbox 430 2904 567 2978; x_wconf 88' lang='lat' dir='ltr'><strong>quamvis</strong></span> <span class='ocrx_word' id='word_1_228' title='bbox 591 2899 630 2958; x_wconf 90' lang='lat' dir='ltr'><strong>ob</strong></span> <span class='ocrx_word' id='word_1_229' title='bbox 653 2899 754 2958; x_wconf 82' lang='lat' dir='ltr'><strong>ocrrlos</strong></span> <span class='ocrx_word' id='word_1_230' title='bbox 774 2895 887 2956; x_wconf 88' lang='lat' dir='ltr'><strong>codices</strong></span> <span class='ocrx_word' id='word_1_231' title='bbox 918 2893 1070 2952; x_wconf 87' lang='lat' dir='ltr'><strong>hebraicos</strong></span> <span class='ocrx_word' id='word_1_232' title='bbox 1090 2896 1120 2950; x_wconf 88' lang='lat' dir='ltr'><strong>et</strong></span> 
     </span>
     <span class='ocr_line' id='line_1_28' title="bbox 58 2993 1118 3077; baseline -0.008 -23"><span class='ocrx_word' id='word_1_233' title='bbox 58 2999 163 3070; x_wconf 85' lang='lat' dir='ltr'><strong>syriacus</strong></span> <span class='ocrx_word' id='word_1_234' title='bbox 179 3001 321 3076; x_wconf 90' lang='lat' dir='ltr'><strong>haberet,</strong></span> <span class='ocrx_word' id='word_1_235' title='bbox 339 3016 413 3077; x_wconf 79' lang='lat' dir='ltr'><strong>qtros</strong></span> <span class='ocrx_word' id='word_1_236' title='bbox 431 3015 544 3075; x_wconf 90' lang='lat' dir='ltr'><strong>semper</strong></span> <span class='ocrx_word' id='word_1_237' title='bbox 561 2999 617 3057; x_wconf 89' lang='lat' dir='ltr'><strong>sibi</strong></span> <span class='ocrx_word' id='word_1_238' title='bbox 636 2995 823 3058; x_wconf 88' lang='lat' dir='ltr'><strong>cohaerentes</strong></span> <span class='ocrx_word' id='word_1_239' title='bbox 842 2993 984 3067; x_wconf 73' lang='lat' dir='ltr'><strong>percipit,</strong></span> <span class='ocrx_word' id='word_1_240' title='bbox 999 3004 1059 3048; x_wconf 91' lang='lat' dir='ltr'><strong>non</strong></span> <span class='ocrx_word' id='word_1_241' title='bbox 1072 3003 1118 3046; x_wconf 90' lang='lat' dir='ltr'><strong>se-</strong></span> 
     </span>
    </p>
   </div>
   <div class='ocr_carea' id='block_1_3' title="bbox 57 3087 1228 3274">
    <p class='ocr_par' dir='ltr' id='par_1_3' title="bbox 57 3087 1228 3274">
     <span class='ocr_line' id='line_1_29' title="bbox 58 3087 1228 3177; baseline -0.015 -22"><span class='ocrx_word' id='word_1_242' title='bbox 58 3093 126 3154; x_wconf 81' lang='lat' dir='ltr'><strong>duis</strong></span> <span class='ocrx_word' id='word_1_243' title='bbox 139 3097 202 3159; x_wconf 86' lang='lat' dir='ltr'><strong>allis</strong></span> <span class='ocrx_word' id='word_1_244' title='bbox 222 3101 402 3177; x_wconf 88' lang='lat' dir='ltr'><strong>graecanlcls</strong></span> <span class='ocrx_word' id='word_1_245' title='bbox 424 3097 626 3172; x_wconf 90' lang='lat' dir='ltr'><strong>versionibus,</strong></span> <span class='ocrx_word' id='word_1_246' title='bbox 644 3111 718 3172; x_wconf 91' lang='lat' dir='ltr'><strong>quas</strong></span> <span class='ocrx_word' id='word_1_247' title='bbox 740 3091 778 3151; x_wconf 92' lang='lat' dir='ltr'><strong>ad</strong></span> <span class='ocrx_word' id='word_1_248' title='bbox 792 3088 1039 3164; x_wconf 82' lang='lat' dir='ltr'><strong>interpretationis</strong></span> <span class='ocrx_word' id='word_1_249' title='bbox 1061 3087 1118 3144; x_wconf 92' lang='lat' dir='ltr'><strong>uti·</strong></span> <span class='ocrx_word' id='word_1_250' title='bbox 1225 3129 1228 3136; x_wconf 88' lang='lat'>.</span> 
     </span>
     <span class='ocr_line' id='line_1_30' title="bbox 57 3184 1216 3274; baseline -0.008 -28"><span class='ocrx_word' id='word_1_251' title='bbox 57 3189 146 3254; x_wconf 87' lang='lat' dir='ltr'><strong>litatem</strong></span> <span class='ocrx_word' id='word_1_252' title='bbox 159 3199 293 3258; x_wconf 87' lang='lat' dir='ltr'><strong>contulit.</strong></span> <span class='ocrx_word' id='word_1_253' title='bbox 309 3197 507 3274; x_wconf 88' lang='lat' dir='ltr'><strong>Hieronymus</strong></span> <span class='ocrx_word' id='word_1_254' title='bbox 522 3196 599 3255; x_wconf 90' lang='lat' dir='ltr'><strong>idem</strong></span> <span class='ocrx_word' id='word_1_255' title='bbox 617 3192 823 3252; x_wconf 89' lang='lat' dir='ltr'><strong>chaldaeorum</strong></span> <span class='ocrx_word' id='word_1_256' title='bbox 839 3189 941 3264; x_wconf 90' lang='lat' dir='ltr'><strong>lingua</strong></span> <span class='ocrx_word' id='word_1_257' title='bbox 958 3199 1017 3242; x_wconf 94' lang='lat' dir='ltr'><strong>non</strong></span> <span class='ocrx_word' id='word_1_258' title='bbox 1035 3184 1118 3259; x_wconf 86' lang='lat' dir='ltr'><strong>lgna·</strong></span> <span class='ocrx_word' id='word_1_259' title='bbox 1208 3249 1216 3264; x_wconf 47' lang='lat'><strong>·</strong></span> 
     </span>
    </p>
   </div>
   <div class='ocr_carea' id='block_1_4' title="bbox 56 3281 1120 3764">
    <p class='ocr_par' dir='ltr' id='par_1_4' title="bbox 56 3281 1120 3764">
     <span class='ocr_line' id='line_1_31' title="bbox 57 3281 1118 3373; baseline -0.029 -5"><span class='ocrx_word' id='word_1_260' title='bbox 57 3303 94 3347; x_wconf 60' lang='grc' dir='ltr'><em>Μ</em></span> <span class='ocrx_word' id='word_1_261' title='bbox 110 3290 293 3373; x_wconf 82' lang='lat' dir='ltr'><strong>Septuaginta</strong></span> <span class='ocrx_word' id='word_1_262' title='bbox 311 3298 501 3371; x_wconf 81' lang='lat' dir='ltr'><strong>interpretum</strong></span> <span class='ocrx_word' id='word_1_263' title='bbox 521 3295 693 3354; x_wconf 87' lang='lat' dir='ltr'><strong>varietatem</strong></span> <span class='ocrx_word' id='word_1_264' title='bbox 713 3305 839 3365; x_wconf 89' lang='lat' dir='ltr'><strong>arguens</strong></span> <span class='ocrx_word' id='word_1_265' title='bbox 855 3286 904 3362; x_wconf 90' lang='lat' dir='ltr'><strong>(in</strong></span> <span class='ocrx_word' id='word_1_266' title='bbox 921 3281 1118 3357; x_wconf 88' lang='lat' dir='ltr'><strong>Paralipome-</strong></span> 
     </span>
     <span class='ocr_line' id='line_1_32' title="bbox 57 3377 1120 3472; baseline -0.008 -29"><span class='ocrx_word' id='word_1_267' title='bbox 57 3401 102 3447; x_wconf 90' lang='lat' dir='ltr'><strong>non</strong></span> <span class='ocrx_word' id='word_1_268' title='bbox 116 3393 309 3472; x_wconf 83' lang='lat' dir='ltr'><strong>praefatione)</strong></span> <span class='ocrx_word' id='word_1_269' title='bbox 332 3410 407 3470; x_wconf 86' lang='lat' dir='ltr'><strong>quae</strong></span> <span class='ocrx_word' id='word_1_270' title='bbox 427 3396 459 3452; x_wconf 91' lang='lat' dir='ltr'><strong>in</strong></span> <span class='ocrx_word' id='word_1_271' title='bbox 482 3393 610 3452; x_wconf 86' lang='lat' dir='ltr'><strong>ecclesiis</strong></span> <span class='ocrx_word' id='word_1_272' title='bbox 637 3387 826 3449; x_wconf 91' lang='lat' dir='ltr'><strong>orientalibus</strong></span> <span class='ocrx_word' id='word_1_273' title='bbox 854 3387 956 3443; x_wconf 88' lang='lat' dir='ltr'><strong>exorta</strong></span> <span class='ocrx_word' id='word_1_274' title='bbox 982 3385 1062 3454; x_wconf 87' lang='lat' dir='ltr'><strong>erat,</strong></span> <span class='ocrx_word' id='word_1_275' title='bbox 1083 3377 1120 3436; x_wconf 94' lang='lat' dir='ltr'><strong>de</strong></span> 
     </span>
     <span class='ocr_line' id='line_1_33' title="bbox 57 3474 1117 3568; baseline -0.025 -10"><span class='ocrx_word' id='word_1_276' title='bbox 57 3498 170 3558; x_wconf 75' lang='lat' dir='ltr'><strong>syrorum</strong></span> <span class='ocrx_word' id='word_1_277' title='bbox 186 3495 323 3552; x_wconf 90' lang='lat' dir='ltr'><strong>versione</strong></span> <span class='ocrx_word' id='word_1_278' title='bbox 335 3491 477 3567; x_wconf 90' lang='lat' dir='ltr'><strong>Simplici,</strong></span> <span class='ocrx_word' id='word_1_279' title='bbox 491 3494 611 3568; x_wconf 89' lang='lat' dir='ltr'><strong>ejusque</strong></span> <span class='ocrx_word' id='word_1_280' title='bbox 624 3505 681 3548; x_wconf 92' lang='lat' dir='ltr'><strong>usu</strong></span> <span class='ocrx_word' id='word_1_281' title='bbox 693 3503 730 3545; x_wconf 91' lang='lat' dir='ltr'><strong>ne</strong></span> <span class='ocrx_word' id='word_1_282' title='bbox 744 3484 867 3544; x_wconf 90' lang='lat' dir='ltr'><strong>verbum</strong></span> <span class='ocrx_word' id='word_1_283' title='bbox 880 3479 1009 3556; x_wconf 84' lang='lat' dir='ltr'><strong>quidem:</strong></span> <span class='ocrx_word' id='word_1_284' title='bbox 1030 3474 1117 3533; x_wconf 76' lang='lat' dir='ltr'><strong>«Ale-</strong></span> 
     </span>
     <span class='ocr_line' id='line_1_34' title="bbox 56 3573 1117 3669; baseline -0.008 -30"><span class='ocrx_word' id='word_1_285' title='bbox 56 3585 176 3666; x_wconf 79' lang='lat' dir='ltr'><strong>xandria,</strong></span> <span class='ocrx_word' id='word_1_286' title='bbox 190 3593 302 3669; x_wconf 89' lang='lat' dir='ltr'><strong>inquit,</strong></span> <span class='ocrx_word' id='word_1_287' title='bbox 324 3597 354 3650; x_wconf 90' lang='lat' dir='ltr'><strong>et</strong></span> <span class='ocrx_word' id='word_1_288' title='bbox 365 3590 516 3668; x_wconf 84' lang='lat' dir='ltr'><strong>Aegyptus</strong></span> <span class='ocrx_word' id='word_1_289' title='bbox 531 3592 562 3647; x_wconf 93' lang='lat' dir='ltr'><strong>in</strong></span> <span class='ocrx_word' id='word_1_290' title='bbox 571 3588 761 3665; x_wconf 84' lang='lat' dir='ltr'><strong>Septuaginta</strong></span> <span class='ocrx_word' id='word_1_291' title='bbox 778 3585 839 3642; x_wconf 91' lang='lat' dir='ltr'><strong>suis</strong></span> <span class='ocrx_word' id='word_1_292' title='bbox 858 3577 1039 3657; x_wconf 87' lang='lat' dir='ltr'><strong>Hesychinm</strong></span> <span class='ocrx_word' id='word_1_293' title='bbox 1054 3573 1117 3633; x_wconf 90' lang='lat' dir='ltr'><strong>lau·</strong></span> 
     </span>
     <span class='ocr_line' id='line_1_35' title="bbox 57 3677 1119 3764; baseline -0.008 -28"><span class='ocrx_word' id='word_1_294' title='bbox 57 3677 258 3748; x_wconf 82' lang='lat' dir='ltr'><strong>detunctorum.</strong></span> <span class='ocrx_word' id='word_1_295' title='bbox 282 3689 546 3764; x_wconf 87' lang='lat' dir='ltr'><strong>Constantinopolis</strong></span> <span class='ocrx_word' id='word_1_296' title='bbox 570 3699 663 3764; x_wconf 88' lang='lat' dir='ltr'><strong>usque</strong></span> <span class='ocrx_word' id='word_1_297' title='bbox 684 3683 870 3745; x_wconf 89' lang='lat' dir='ltr'><strong>Antiochiam</strong></span> <span class='ocrx_word' id='word_1_298' title='bbox 892 3677 1015 3737; x_wconf 91' lang='lat' dir='ltr'><strong>Luclani</strong></span> <span class='ocrx_word' id='word_1_299' title='bbox 1041 3688 1119 3732; x_wconf 93' lang='lat' dir='ltr'><strong>mar-</strong></span> 
     </span>
    </p>
   </div>
   <div class='ocr_carea' id='block_1_5' title="bbox 55 3773 1121 4064">
    <p class='ocr_par' dir='ltr' id='par_1_5' title="bbox 55 3773 1121 4064">
     <span class='ocr_line' id='line_1_36' title="bbox 55 3773 1120 3864; baseline -0.024 -10"><span class='ocrx_word' id='word_1_300' title='bbox 55 3783 114 3854; x_wconf 57' lang='lat' dir='ltr'><strong>ili&#39;ss</strong></span> <span class='ocrx_word' id='word_1_301' title='bbox 130 3789 305 3864; x_wconf 81' lang='lat' dir='ltr'><strong>exemplaria</strong></span> <span class='ocrx_word' id='word_1_302' title='bbox 323 3786 437 3864; x_wconf 90' lang='lat' dir='ltr'><strong>probat.</strong></span> <span class='ocrx_word' id='word_1_303' title='bbox 460 3786 574 3846; x_wconf 88' lang='lat' dir='ltr'><strong>Mediae</strong></span> <span class='ocrx_word' id='word_1_304' title='bbox 591 3790 666 3844; x_wconf 91' lang='lat' dir='ltr'><strong>inter</strong></span> <span class='ocrx_word' id='word_1_305' title='bbox 683 3784 738 3842; x_wconf 86' lang='lat' dir='ltr'><strong>bas</strong></span> <span class='ocrx_word' id='word_1_306' title='bbox 759 3781 927 3858; x_wconf 90' lang='lat' dir='ltr'><strong>provinciae</strong></span> <span class='ocrx_word' id='word_1_307' title='bbox 942 3773 1120 3852; x_wconf 88' lang='lat' dir='ltr'><strong>palaestinos</strong></span> 
     </span>
     <span class='ocr_line' id='line_1_37' title="bbox 56 3867 1120 3964; baseline -0.011 -25"><span class='ocrx_word' id='word_1_308' title='bbox 56 3880 152 3942; x_wconf 79' lang='lat' dir='ltr'><strong>ones</strong></span> <span class='ocrx_word' id='word_1_309' title='bbox 166 3885 287 3964; x_wconf 88' lang='lat' dir='ltr'><strong>legunt,</strong></span> <span class='ocrx_word' id='word_1_310' title='bbox 308 3903 382 3963; x_wconf 86' lang='lat' dir='ltr'><strong>quos</strong></span> <span class='ocrx_word' id='word_1_311' title='bbox 402 3886 441 3945; x_wconf 92' lang='lat' dir='ltr'><strong>ab</strong></span> <span class='ocrx_word' id='word_1_312' title='bbox 460 3888 573 3963; x_wconf 86' lang='lat' dir='ltr'><strong>origine</strong></span> <span class='ocrx_word' id='word_1_313' title='bbox 593 3884 755 3943; x_wconf 88' lang='lat' dir='ltr'><strong>elaboratos</strong></span> <span class='ocrx_word' id='word_1_314' title='bbox 772 3878 914 3938; x_wconf 87' lang='lat' dir='ltr'><strong>Eusebius</strong></span> <span class='ocrx_word' id='word_1_315' title='bbox 934 3880 964 3934; x_wconf 90' lang='lat' dir='ltr'><strong>et</strong></span> <span class='ocrx_word' id='word_1_316' title='bbox 982 3867 1120 3944; x_wconf 90' lang='lat' dir='ltr'><strong>Pamphi-</strong></span> 
     </span>
     <span class='ocr_line' id='line_1_38' title="bbox 56 3970 1121 4064; baseline -0.006 -34"><span class='ocrx_word' id='word_1_317' title='bbox 56 3971 92 4034; x_wconf 90' lang='lat' dir='ltr'><strong>lus</strong></span> <span class='ocrx_word' id='word_1_318' title='bbox 114 3981 322 4064; x_wconf 70' lang='lat' dir='ltr'><strong>vulgaverunt,</strong></span> <span class='ocrx_word' id='word_1_319' title='bbox 348 3991 484 4060; x_wconf 86' lang='lat' dir='ltr'><strong>totusque</strong></span> <span class='ocrx_word' id='word_1_320' title='bbox 509 3984 588 4042; x_wconf 90' lang='lat' dir='ltr'><strong>orbis</strong></span> <span class='ocrx_word' id='word_1_321' title='bbox 617 3981 673 4039; x_wconf 90' lang='lat' dir='ltr'><strong>hac</strong></span> <span class='ocrx_word' id='word_1_322' title='bbox 690 3983 766 4037; x_wconf 88' lang='lat' dir='ltr'><strong>inter</strong></span> <span class='ocrx_word' id='word_1_323' title='bbox 790 3993 822 4035; x_wconf 92' lang='lat' dir='ltr'><strong>se</strong></span> <span class='ocrx_word' id='word_1_324' title='bbox 847 3972 961 4033; x_wconf 83' lang='lat' dir='ltr'><strong>trifaria</strong></span> <span class='ocrx_word' id='word_1_325' title='bbox 982 3970 1121 4028; x_wconf 88' lang='lat' dir='ltr'><strong>varietate</strong></span> 
     </span>
    </p>
   </div>
   <div class='ocr_carea' id='block_1_6' title="bbox 78 4302 581 4366">
    <p class='ocr_par' dir='ltr' id='par_1_6' title="bbox 78 4302 581 4366">
     <span class='ocr_line' id='line_1_39' title="bbox 78 4302 581 4366; baseline 0 -6"><span class='ocrx_word' id='word_1_326' title='bbox 78 4302 108 4366; x_wconf 81' lang='lat'><strong>(¹)</strong></span> <span class='ocrx_word' id='word_1_327' title='bbox 120 4309 214 4362; x_wconf 88' lang='lat' dir='ltr'><strong>Bibliot.</strong></span> <span class='ocrx_word' id='word_1_328' title='bbox 230 4313 321 4364; x_wconf 85' lang='lat' dir='ltr'><strong>orient.</strong></span> <span class='ocrx_word' id='word_1_329' title='bbox 340 4315 400 4364; x_wconf 82' lang='lat' dir='ltr'><strong>tom</strong></span> <span class='ocrx_word' id='word_1_330' title='bbox 415 4315 445 4364; x_wconf 93' lang='lat' dir='ltr'><strong>ll.</strong></span> <span class='ocrx_word' id='word_1_331' title='bbox 457 4317 581 4364; x_wconf 75' lang='lat' dir='ltr'><strong>Assrmm,</strong></span> 
     </span>
    </p>
   </div>
   <div class='ocr_carea' id='block_1_7' title="bbox 0 0 1486 5174">
    <p class='ocr_par' dir='ltr' id='par_1_7' title="bbox 0 0 1486 5174">
     <span class='ocr_line' id='line_1_40' title="bbox 0 0 1486 5174; baseline 0 2"><span class='ocrx_word' id='word_1_332' title='bbox 0 0 1486 5174; x_wconf 95' lang='lat' dir='ltr'><strong> </strong></span> 
     </span>
    </p>
   </div>
  </div>
 </body>
</html>
