3094 5176
814 406 854 420 —-
877 379 932 434 111
954 405 994 418 -

360 505 468 571 eosque
481 504 560 552 nunc
573 489 706 567 precibus
720 489 895 568 merstem
909 509 963 568 pro
975 495 1099 552 momnis
1112 497 1156 552 uti
1171 490 1265 554 solere
1282 511 1339 554 uon
1353 500 1440 572 ignea

364 609 435 651 ron
459 591 602 650 Postellus
622 590 697 650 llhro
711 607 779 650 aar.
802 591 839 650 de
858 590 1021 654 Concordia
1041 591 1128 652 Orbis
1142 609 1207 669 cap.
1220 609 1265 652 rx.
1292 593 1386 654 auur
1395 601 1441 671 ju·

156 671 159 678 ¹
276 707 278 711 ·
363 689 454 750 (11111
475 705 529 766 pro
548 689 708 766 defuneto,
729 695 794 748 orat
813 695 843 749 et
861 689 988 748 comedit
1006 705 1075 748 oum
1092 690 1269 766 pauperihus
1284 693 1442 754 masalma·

365 803 433 848 nus.
449 814 461 840 »ι
479 788 515 847 In
528 789 633 864 majori
648 787 944 848 francofordiensium
958 787 1134 864 judaeorum
1148 803 1318 866 synagoga,
1337 791 1370 847 ln
1382 791 1446 864 ipso

365 888 500 962 ingressu
524 885 563 943 ad
582 886 696 944 laerarn
706 928 716 960 ,
739 885 801 944 iere
820 901 935 962 semper
955 885 1061 947 erdem
1080 884 1198 963 lumen,
1220 893 1272 945 aut
1292 889 1381 946 etlam
1401 885 1445 945 lu·

315 999 318 1006 ’
364 985 446 1044 mine
465 981 550 1060 plura
570 983 693 1059 uidem,
715 985 785 1060 quia
804 985 831 1044 si
850 985 1015 1061 cujuspiam
1028 1001 1133 1061 parens
1147 985 1312 1059 moriatur,
1334 991 1447 1058 praeter

363 1096 483 1157 preces,
510 1079 565 1140 hos
583 1081 673 1140 etiarn
697 1095 796 1141 cereos
819 1097 897 1140 anno
914 1083 1029 1160 intagm
1053 1081 1196 1141 accendit.
1226 1079 1302 1141 Sunt
1324 1089 1354 1141 et
1373 1081 1447 1140 oliae

365 1195 419 1256 pro
440 1180 564 1238 mortuis
584 1194 754 1240 communes
774 1195 897 1256 preces,
918 1181 963 1240 uti
983 1193 1021 1239 ex
1039 1196 1140 1240 eornm
1162 1179 1244 1240 libris
1264 1179 1367 1240 videre
1385 1185 1447 1256 ast,

366 1277 473 1353 quibus
490 1277 530 1338 ad
548 1275 694 1338 orandum
714 1276 843 1354 quotide
863 1285 985 1338 naman
1005 1277 1133 1338 hebraei.
1301 1324 1302 1328 ,

323 1395 325 1398 ·
408 1373 623 1452 Argumentum
647 1390 735 1453 porro
756 1392 816 1436 non
843 1377 1060 1454 spernendum,
1089 1383 1118 1436 et
1139 1376 1269 1453 prolecto
1293 1392 1366 1452 prae
1385 1375 1449 1434 aliis

366 1473 517 1549 hucusque
536 1473 649 1534 collatis
669 1475 790 1550 majoris
809 1477 975 1550 momenti,
1001 1477 1080 1534 circa
1098 1465 1287 1534 traditionem
1313 1473 1448 1534 hebraeo·

365 1587 432 1632 rum
452 1573 575 1632 mortuis
594 1573 788 1650 pareutaudi,
808 1575 908 1656 eisque
927 1573 1090 1650 opitulandi
1104 1573 1239 1650 precihus
1254 1573 1377 1650 aliisque
1388 1575 1445 1650 piis

365 1670 520 1746 operibus,
541 1672 653 1731 eruitur
671 1687 709 1730 ex
721 1671 869 1732 haeretico
883 1670 992 1749 herio,
1014 1673 1064 1749 qui
1082 1678 1185 1731 oonua
1201 1671 1351 1731 Ecclesiae
1366 1670 1445 1730 Chri·

367 1771 480 1830 1111111
494 1769 802 1847 consuetudinem-pro
815 1775 939 1832 mortuis
954 1771 1059 1832 orandi
1072 1771 1221 1847 sentens,
1242 1773 1361 1848 arguit,
1383 1770 1451 1830 licet

369 1867 534 1942 immerito,
556 1866 731 1928 christianos
750 1885 817 1928 eam
836 1870 1075 1930 consuetudinem
1095 1869 1133 1929 ah
1144 1869 1279 1930 hebraeis
1291 1871 1451 1946 accepisse,

367 1966 453 2040 quasi
472 1966 552 2024 ritae
570 1964 687 2026 ianuae
706 1971 822 2044 status,
843 1967 972 2028 1111111
987 1967 1455 2028 tidesnonunaeteademasset

368 2061 448 2140 apud
468 2063 609 2124 hebraeos
628 2071 697 2124 ante
716 2064 825 2128 Christi
844 2067 1025 2143 adventum,
1046 2082 1081 2126 ao
1097 2073 1198 2142 postea
1214 2065 1296 2143 apud
1318 2065 1454 2125 christia·

368 2177 434 2220 uos.
457 2161 521 2222 Hoc
540 2165 740 2224 marconium
754 2162 835 2224 herii
852 2165 944 2224 tradit
966 2164 1148 2243 Epiphanius
1159 2165 1280 2224 Haereat
1295 2181 1381 2224 nvn.
1397 2167 1456 2223 sire

370 2275 492 2322 aarum.
515 2259 553 2320 N.
575 2269 604 2320 t.
627 2268 657 2320 et
675 2277 712 2322 ex
732 2267 795 2338 ejus
809 2280 860 2322 ore
874 2263 948 2324 dicit
965 2263 1111 2324 Sanctus:
1137 2263 1260 2340 «Pergit
1277 2262 1392 2322 deinde
1405 2261 1456 2322 Aa·

342 2395 346 2402 -
368 2359 448 2418 rius:
465 2359 529 2418 ·lit
546 2375 608 2436 qua
628 2362 763 2436 ratione,
784 2364 901 2438 lnquit,
923 2362 1076 2440 appellatis
1095 2365 1216 2422 uomina
1242 2363 1455 2421 mortuorum?
1534 2391 1535 2411 r

369 2455 671 2535 (trecenarium,
698 2460 746 2520 vel
773 2459 1021 2536 dispensationem
1044 2461 1115 2522 iacit
1136 2463 1167 2520 in
1190 2473 1338 2538 pauperes
1358 2503 1367 2536 ,
1390 2459 1457 2536 quid
1534 2475 1535 2488 ¹

368 2555 498 2631 proderit
520 2559 661 2618 mortuo?
689 2559 775 2632 Quod
794 2561 820 2618 si
839 2562 1029 2635 superstitum
1053 2575 1152 2636 preces
1175 2561 1239 2635 lis,
1266 2561 1323 2635 qui
1343 2575 1386 2618 ex
1407 2559 1457 2618 har

363 2655 431 2714 rita
456 2655 649 2733 decesserint,
671 2657 809 2734 opitulari
828 2665 972 2735 possunt,
993 2673 1080 2719 nemo
1099 2658 1233 2733 demeeps
1254 2660 1304 2734 pie
1320 2665 1397 2733 agat
1409 2657 1456 2716 ali·

368 2751 465 2828 quid,
491 2770 586 2830 neque
612 2756 682 2816 honi
706 2757 868 2833 quidquam
891 2757 1005 2834 iaciat3
1033 2757 1086 2818 sed
1105 2759 1216 2816 amieos
1235 2755 1294 2816 sihi
1317 2756 1452 2834 aliquos,

368 2865 553 2928 quacumque
566 2855 678 2914 ratione
695 2854 785 2931 velit,
807 2855 969 2933 adjungat3
990 2858 1057 2916 sive
1072 2858 1264 2932 pecuniarum
1279 2855 1449 2932 largitione,

367 2950 432 3008 sive
452 2950 606 3027 precibus,
632 2951 689 3011 hoo
708 2952 746 3012 ah
765 2953 825 3012 illis
845 2953 901 3014 sub
921 2955 1000 3016 vitae
1016 2953 1105 3014 linem
1119 2956 1274 3029 impetret,
1298 2959 1337 3012 ut
1351 2969 1405 3028 pro
1424 2967 1451 3010 se

369 3047 463 3108 Deum
481 3056 624 3127 errorent,
648 3057 682 3112 ut
702 3068 795 3128 nequa
815 3052 876 3112 illie
896 3051 1016 3128 aliquod
1036 3053 1214 3112 incommodi
1226 3055 1386 3128 patiatur,
1407 3067 1455 3110 nec

368 3148 543 3212 imrnaniuor
562 3165 582 3210 a
601 3165 633 3208 se
652 3149 818 3212 facinorum
838 3165 948 3226 poenae
972 3157 1150 3227 repetentur.
1178 3149 1236 3210 Sed
1260 3167 1364 3226 neque
1383 3153 1455 3226 jeje·

368 3249 472 3324 aium,
493 3249 584 3326 (11111,
605 3256 748 3310 statutum
767 3257 822 3310 est.
845 3251 925 3310 liaeo
944 3255 1023 3312 enim
1038 3253 1214 3330 judaeorum
1227 3254 1354 3328 propria
1367 3257 1454 3324 sunt,

368 3352 399 3406 et
415 3345 471 3408 aulr
487 3351 561 3424 jugo
578 3349 750 3425 seruitutis,
769 3353 918 3425 justorum
938 3353 1016 3410 enim
1038 3351 1086 3410 lex
1106 3363 1166 3409 uon
1186 3349 1284 3424 posita
1301 3354 1351 3408 est
1370 3354 1452 3406 ete.»

368 3444 415 3504 Ab
428 3445 476 3506 his
489 3447 587 3506 verbis
602 3447 736 3508 educitur
748 3449 898 3524 primum,
917 3448 1057 3508 hebraeos
1071 3447 1262 3508 antechristi
1277 3447 1456 3520 adventum,

363 3549 399 3602 ct
418 3544 473 3604 suh
486 3547 560 3622 jugo
573 3547 742 3622 servitutis,
759 3547 921 3606 instituisse
934 3561 987 3623 pro
1001 3547 1124 3606 mortuis
1138 3545 1280 3622 inferias,
1302 3547 1370 3602 sive
1384 3543 1457 3602 varii

368 3643 482 3716 generis
497 3647 579 3718 justa
604 3643 760 3720 funebria3
782 3645 930 3722 sectando,
952 3644 1003 3704 illa
1023 3645 1103 3704 herii
1123 3643 1214 3704 verbe
1233 3642 1358 3702 firmare
1376 3643 1457 3702 tasti-

369 3742 501 3798 monium
521 3757 537 3800 e
557 3741 709 3818 Scriptura
729 3741 976 3802 Machahaeorum
1002 3743 1164 3817 haustum,
1191 3740 1272 3818 quod
1295 3747 1327 3800 et
1349 3755 1457 3816 propu-

371 3853 519 3914 gnamus,
541 3837 577 3898 de
597 3839 730 3914 precihus
750 3857 805 3917 pro
824 3839 993 3916 deiuncds3
1014 3842 1118 3916 tertio,
1140 3839 1319 3900 christianos
1340 3837 1459 3896 edecus

367 3936 459 3996 111111
478 3936 518 3996 ab
538 3936 671 3998 hebraeis
685 3938 762 4000 haue
782 3955 866 4000 suam
884 3937 1144 4014 consuetudinem,
1166 3939 1252 3996 sicuti
1265 3944 1297 3996 et
1311 3953 1370 3996 nos
1390 3951 1458 3994 eum

367 4035 456 4094 Aerio
469 4034 607 4113 totamm,
616 4053 651 4096 ac
661 4036 786 4114 denique
799 4037 954 4114 Apostolos
967 4054 1002 4098 ea
1011 4037 1113 4098 eadem
1124 4035 1258 4096 fidelibus
1270 4035 1458 4112 praedicasse

367 4133 498 4193 (11111111
511 4140 665 4211 praerepta
685 4143 802 4211 sumpta
823 4136 862 4196 ab
884 4136 1037 4213 hebraeis,
1058 4141 1088 4196 et
1108 4138 1305 4194 instauratae
1326 4133 1455 4192 Christo.

368 4231 455 4292 Hisce
476 4235 608 4310 positis,
634 4234 707 4292 mihi
733 4235 849 4294 videtur
874 4235 1020 4296 immerito
1045 4233 1194 4310 reprobari
1214 4232 1254 4294 ab
1278 4231 1456 4291 adversariis

372 4329 618 4402 Mochabaeorunr
649 4332 723 4394 libor
749 4332 916 4411 secundus,
945 4339 1044 4411 utpote
1065 4333 1230 4394 doctrinam
1256 4329 1455 4406 praeseferens
