2964 5174
791 403 951 452 ..62-

330 511 432 572 Sirach
443 510 551 570 librum
566 510 604 588 (1)
621 511 745 586 profert:
763 509 879 586 «Etpcr
890 510 1064 587 Prophetam
1078 513 1186 572 clamat
1201 513 1323 588 Spiritus
1338 513 1412 572 San-

333 614 413 668 ctus:
430 641 443 653 ·
457 609 538 668 Sicut
560 625 636 685 aqua
651 609 797 684 extinguit
810 610 923 686 ignem,
938 613 981 669 sic
993 611 1178 688 eleemosyna
1190 612 1335 688 extinguit
1347 626 1413 686 pec-

333 713 442 766 catum.
455 733 467 757 »
485 707 614 766 Humilia
628 723 726 765 xxm.
747 723 763 766 e
780 707 937 782 Sapientia:
955 707 993 784 (2)
1013 708 1114 767 «Dicit
1133 707 1292 784 Scriptura:
1305 739 1318 751 ·
1330 708 1413 766 Invi·

330 805 379 864 dia
396 804 504 864 diaboli
530 821 610 864 mors
635 807 758 866 intravit
776 808 808 864 in
828 806 929 865 orbem
947 812 1101 866 terrarum.
1114 831 1127 856 a
1149 805 1277 866 Humilia
1299 823 1350 864 xa.
1374 805 1413 864 de

331 903 532 979 eleemosynis:
552 903 679 963 «Tobios
697 903 734 979 (3)
755 906 806 963 ait:
822 935 835 948 ·
850 903 992 964 Omnibus
1010 905 1208 982 diebusvitae
1230 910 1297 964 tuae
1313 904 1414 964 Domi·

329 1015 402 1060 nurn
421 999 496 1058 habe
514 1003 545 1058 in
562 1007 709 1077 mentam,
730 1007 760 1060 et
776 1001 837 1060 noll
850 1001 1001 1062 ambulare
1021 1004 1053 1060 in
1073 1004 1152 1060 viam
1170 1003 1350 1077 iniquitatis:
1373 1015 1412 1058 ex

330 1097 495 1158 substantia
506 1106 559 1158 tua
572 1098 620 1158 ilic
630 1100 856 1178 eleemosynam.
867 1125 880 1150 o
897 1099 1241 1176 Quamplurimasautem
1251 1099 1412 1158 sententias

330 1211 349 1253 a
368 1194 470 1254 Bibliis
485 1196 618 1256 muteris
636 1199 726 1258 sumit
738 1203 839 1258 auctor
859 1197 962 1276 divus,
976 1213 1050 1275 quas
1063 1196 1112 1256 hie
1124 1211 1293 1258 enumerare
1311 1212 1413 1272 soper-

330 1289 424 1351 lluum
439 1293 566 1354 videtur.
578 1319 591 1346 a

370 1388 398 1464 S.
420 1389 556 1452 XXXVI.
572 1393 723 1471 Remigius
736 1392 857 1452 tandem
869 1395 1020 1470 episcopus
1032 1392 1194 1452 rhemensis
1207 1393 1238 1451 in
1251 1391 1315 1452 diri
1327 1391 1416 1452 Pauli

331 1487 461 1562 epistolis
486 1490 524 1566 (4)
539 1492 749 1568 explanandis,
762 1490 926 1551 Salomonis
938 1491 1030 1551 verba
1043 1490 1080 1550 ab
1097 1490 1298 1550 Ecclesiastico
1314 1487 1352 1566 (ὁ)
1368 1506 1414 1548 re·

331 1587 404 1660 petit
431 1585 540 1648 dicens:
558 1588 666 1650 «Unde
683 1589 756 1649 dicit
778 1588 928 1649 Salomon:
944 1621 956 1635 ·
970 1589 1028 1649 Fili
1051 1591 1188 1650 mamare
1211 1591 1326 1648 animae
1343 1594 1415 1648 tuae

330 1681 448 1757 placens
460 1684 554 1745 Deo.»
571 1687 902 1764 incondemnatam,
919 1689 1013 1764 capite
1026 1689 1149 1764 septimo
1162 1685 1292 1762 ejusdem
1309 1686 1415 1762 episto

332 1777 397 1856 lae,
420 1781 504 1842 redit:
524 1783 759 1864 «Primogenitus
773 1801 859 1861 vero,
881 1786 1018 1862 quiante
1039 1801 1155 1844 omnem
1173 1789 1336 1843 creatruam
1353 1798 1414 1840 non

333 1875 447 1955 iacun,
465 1881 518 1940 scd
535 1885 650 1959 genitus
664 1890 724 1960 est,
738 1886 814 1944 sicut
826 1899 877 1960 per
893 1881 1078 1942 Salomonem
1096 1881 1134 1958 (6)
1152 1881 1233 1940 dicit:
1247 1880 1344 1957 ·Ego‚
1364 1877 1415 1938 So·

333 1976 453 2055 pienlia,
473 1995 510 2038 ex
530 1997 581 2040 ore
599 1982 734 2042 altissimi
753 1981 883 2058 prodivi,
899 1982 1092 2058 primogenito
1109 1985 1177 2038 ante
1196 1993 1313 2037 omnem
1330 1993 1411 2036 crea-

334 2079 442 2134 turam.
452 2101 465 2127 »
482 2077 645 2153 Sapientiae
663 2079 843 2156 Scriptorum
856 2079 1010 2156 compeHat
1023 2079 1054 2137 in
1067 2078 1145 2137 illius
1159 2076 1296 2153 epistolae
1320 2077 1414 2151 capite

334 2169 457 2232 decimo:
477 2174 557 2234 «Sed
576 2177 661 2236 crede
680 2177 764 2238 illum
777 2177 885 2254 ubique
895 2192 958 2236 esse
968 2181 1151 2252 praesentem
1161 2173 1321 2234 secundum
1337 2172 1413 2230 divi-

334 2271 474 2348 nitatem,
489 2275 565 2333 sicut
577 2275 613 2334 de
626 2291 660 2334 eo
675 2274 841 2352 diciuultlz
855 2306 868 2318 ·
882 2273 1029 2350 Sapientia
1047 2275 1191 2350 attingita
1201 2271 1260 2330 line
1269 2285 1363 2346 usque
1376 2269 1413 2328 ad

333 2365 422 2426 Hem
442 2370 574 2448 fortiter,
595 2379 625 2431 ct
644 2373 773 2448 disponit
791 2373 890 2432 omnia
908 2373 1071 2430 suaviter.»

374 2466 531 2545 Hucusque
547 2472 685 2545 temporis
698 2471 735 2530 dc
746 2470 874 2532 Ecclesia
893 2469 985 2529 latina
1004 2466 1175 2528 occidentali
1193 2468 1233 2526 sit
1249 2481 1362 2542 sermo;
1386 2470 1415 2524 et

334 2579 408 2638 quos
424 2566 511 2643 liujus
522 2567 668 2628 Ecclesiae
681 2571 835 2644 scriptores
849 2569 974 2644 reperire
983 2568 1077 2642 potui,
1092 2567 1142 2641 qul
1156 2564 1269 2625 adrem
1282 2569 1414 2622 nostram

334 2659 495 2741 iaciebant,
515 2657 675 2726 Bibllorum
694 2659 1064 2739 Decimo-(lenonioorum,
1078 2679 1116 2722 ex
1129 2662 1246 2721 illorum
1265 2660 1413 2737 operibus,

333 2757 516 2822 diumuoem
534 2763 723 2841 comprobare
744 2764 853 2824 studui.
874 2763 962 2823 Hunc
987 2767 1084 2820 autem
1107 2759 1252 2820 africanas
1281 2759 1415 2836 regiones

334 2857 519 2938 advolantes,
534 2877 703 2924 maurorum
715 2863 752 2922 de
765 2863 866 2923 eadem
882 2877 914 2922 re
927 2861 1090 2920 docuinam
1103 2859 1203 2919 sedulo
1218 2860 1411 2936 inquiramus.

361 3049 395 3114 (1)
406 3053 472 3102 nor.
482 3066 504 3103 a.
516 3056 560 3103 nr.
575 3062 612 3106 aa.
627 3081 657 3092 -
668 3055 702 3120 (r)
714 3058 770 3120 sap.
782 3069 805 3107 c.
818 3058 850 3106 11.
866 3059 903 3108 14.
914 3083 946 3095 -
956 3057 991 3122 (a)
1001 3056 1061 3108 raa.
1072 3069 1095 3106 a.
1107 3057 1149 3104 rv.
1162 3057 1185 3104 7.
1196 3078 1227 3090 -
1238 3050 1273 3116 o)
1283 3049 1330 3100 xo.
1342 3051 1412 3100 aaa.

335 3132 666 3198 c.i.-(5)Eoe1,c,xxx.
679 3141 717 3187 24.
729 3163 760 3174 -·
770 3137 804 3202 (6)
815 3137 881 3189 licei.
892 3150 915 3188 c.
924 3140 1011 3190 xxiv.
1024 3144 1046 3188 5.
1060 3136 1093 3200 (7)
1110 3138 1165 3198 Sap.
1177 3147 1199 3184 o.
1208 3134 1274 3183 vill.
1289 3139 1309 3181 1.

775 3610 971 3732 dm
