3070 5180
808 379 968 429 ...ης

347 491 469 548 uonicas
490 486 653 564 Scripturas
672 501 732 545 non
745 487 862 563 recipit,
880 489 923 546 sic
934 493 964 546 et
983 485 1055 547 haec
1066 488 1125 547 duo
1141 456 1300 548 vulturina
1324 483 1444 563 (Eccle-

346 586 495 644 siasticum
513 591 543 644 et
558 583 750 662 Sapientiam)
773 584 853 661 legat
871 584 909 643 ad
928 583 1158 644 aedificationem
1174 585 1293 662 plebis,
1321 601 1388 643 non
1407 584 1445 643 ad

258 697 261 704 ’
347 685 545 742 auctoritatem
558 681 817 741 molesiasticorum
837 682 1008 758 dogmatum
1028 683 1273 742 confirmandam.
1295 706 1310 732 »
1330 681 1446 740 Eadem

346 782 411 856 uia,
435 786 464 840 et
484 782 548 855 pari
569 781 682 840 ratione
700 785 771 838 sunt
783 779 855 838 haec
875 779 958 839 nobis
978 780 1159 855 explicando.
1181 780 1262 840 Dum
1283 783 1355 856 ipsc
1368 783 1445 856 opti·

346 895 393 938 mc
412 884 534 938 novarat
554 881 723 937 universam
743 875 851 936 Christi
869 877 1029 937 Ecclesiam
1046 881 1117 938 istas
1137 877 1311 956 Scripturas
1330 877 1444 954 legere,

347 993 382 1036 ac
401 977 508 1051 pariter
523 974 697 1050 judaeorum
715 974 878 1034 doctrinam
893 981 996 1034 contra
1012 976 1117 1035 horum
1139 977 1333 1036 divinitatem
1356 975 1446 1034 firmo

346 1087 531 1148 permanere,
549 1075 724 1132 securiorem
743 1077 855 1148 partem
871 1071 974 1150 elegit,
992 1089 1030 1130 ne
1044 1079 1108 1132 tum
1128 1073 1331 1133 hebraeorum
1356 1085 1447 1150 synn-

348 1187 454 1249 gogam
479 1172 626 1248 laederet,
657 1187 725 1232 cum
751 1173 906 1248 nequidem
928 1173 1078 1232 christiani
1096 1175 1221 1234 instituti
1241 1173 1446 1233 traditionem

346 1275 511 1345 respucret3
533 1285 567 1328 eo
583 1271 698 1346 magis,
717 1269 796 1345 quod
809 1269 981 1348 Hieronymi
999 1277 1092 1330 aetate
1112 1271 1311 1332 hebraeorum
1331 1270 1443 1330 doctri·

348 1383 404 1442 na,
428 1366 604 1442 multitudo,
632 1369 762 1442 potentia
786 1365 943 1425 admodum
966 1370 1115 1444 vigerent,
1137 1385 1171 1428 ac
1194 1369 1273 1428 luter
1296 1373 1445 1443 utrosque

349 1465 524 1524 christianos
535 1465 662 1540 scilicet,
674 1479 709 1523 ac
719 1463 842 1540 judaeos
853 1464 901 1522 vel
920 1463 1103 1540 judaizantes
1120 1468 1328 1525 contentiones
1352 1481 1444 1541 quam

350 1563 511 1640 plurimum
523 1563 752 1635 invalescerent,
765 1563 852 1622 sicuti
864 1562 948 1621 nohis
968 1562 1039 1620 alibi
1053 1562 1208 1622 dicendum
1227 1566 1296 1623 erit.
1315 1562 1444 1637 Quando

349 1676 419 1738 crgo
441 1677 522 1720 sacer
536 1662 658 1735 scriptor
672 1661 729 1718 ait:
752 1683 765 1710 a
782 1657 839 1718 Sed
860 1675 910 1718 eos
923 1662 999 1719 inter
1016 1659 1177 1720 canonicas
1192 1661 1368 1738 Scripturas
1384 1675 1442 1718 non

349 1760 493 1833 recipit.»
516 1758 568 1816 Ex·
586 1756 772 1834 sequentibus
793 1757 891 1816 verbis
914 1759 1097 1834 interpretari
1121 1757 1279 1836 dammas,
1311 1773 1440 1834 nempe:

353 1880 365 1906 a
383 1853 432 1914 Sic
448 1861 478 1914 et
492 1855 564 1914 haec
579 1855 638 1914 duo
653 1855 805 1913 volumina
820 1855 899 1931 legat
912 1854 1043 1914 Ecclesia
1064 1854 1111 1914 ad·
1120 1855 1361 1915 aedificationem
1378 1855 1438 1930 plc-

348 1952 415 2028 bis,
438 1969 497 2010 nou
512 1960 609 2012 autem
626 1953 664 2012 ad
681 1955 882 2012 auctoritatem
903 1953 1163 2012 ecclesiasticorum
1175 1953 1357 2030 dogmatum
1371 1967 1440 2010 con-

352 2050 537 2110 firmandam.
557 2075 570 2102 r
593 2051 684 2124 Quasi
702 2050 811 2110 diceret
832 2064 892 2109 non
920 2057 1022 2110 euntm
1040 2049 1196 2126 hebraeos,
1217 2066 1317 2135 neque
1340 2047 1439 2108 haere

350 2150 422 2206 ticos
440 2165 456 2206 e
473 2148 573 2207 schola
586 2148 759 2225 judoeorum
776 2147 992 2224 venenantur
1014 2147 1172 2223 scripturis
1184 2145 1311 2206 utantur
1341 2147 1433 2206 eccle·

349 2247 459 2304 siasiici
478 2245 627 2321 doctores,
641 2248 781 2321 quoniam
797 2245 875 2320 apud
886 2243 1042 2304 'istas'lihri
1054 2247 1103 2304 isti
1117 2260 1178 2304 non
1194 2249 1263 2304 suut
1279 2243 1434 2319 canonici,

352 2359 412 2402 nou
438 2346 628 2402 aestimantur
657 2343 766 2420 divini,
785 2345 1112 2418 eorumqueoucioritas
1126 2357 1187 2402 non
1207 2343 1385 2418 praevolet3
1410 2347 1438 2398 et

350 2438 478 2498 Ecclesia
492 2445 594 2497 contra
608 2442 679 2498 istos
693 2456 849 2517 congressa
860 2457 960 2500 eorum
974 2442 1145 2499 auctoritate
1157 2455 1218 2498 non
1229 2441 1339 2500 utitur.
1351 2437 1435 2496 Hanc

351 2537 448 2596 autem
461 2539 638 2596 esse-mentis
651 2541 770 2614 ejusque
782 2540 926 2614 opinionis
939 2538 1173 2613 explanationem
1191 2543 1279 2614 urget
1291 2533 1436 2613 quidquid

351 2635 387 2692 de
406 2633 480 2692 libro
498 2633 601 2692 iudith
613 2635 704 2694 dixit:
731 2660 744 2686 a
759 2635 849 2712 Cujus
863 2637 1019 2696 auctoritas
1040 2636 1078 2695 ad
1095 2635 1259 2694 roboranda
1273 2634 1347 2710 illa,
1364 2647 1435 2708 quac

351 2733 382 2789 in
402 2734 614 2790 contentionem
629 2734 762 2809 veniunt,
777 2736 874 2792 minus
887 2732 992 2792 idonea
1000 2733 1160 2809 judicator.
1175 2756 1188 2784 r
1204 2731 1324 2792 Euhoe
1337 2730 1434 2789 videa·

350 2843 432 2901 mus,
447 2835 589 2902 quantum
604 2828 705 2888 doctor
722 2831 820 2890 verbis
835 2831 933 2890 miuus
946 2829 1051 2889 idoare
1065 2833 1242 2893 sententiam
1255 2831 1433 2905 superiorem

349 2928 539 3002 temperavit,
565 2926 612 2984 vel
637 2929 733 3002 potius
759 2928 925 3003 explicavit.
958 2927 1116 3005 Dionysius
1147 2927 1377 2987 charthuslanns
1403 2927 1433 2982 in

350 3023 470 3098 prologo
491 3023 529 3081 ad
546 3023 671 3082 Tobiam
694 3025 810 3084 videtur
837 3025 938 3084 eadem
957 3027 1069 3084 ratione
1079 3025 1212 3084 ‚doctoris
1232 3031 1363 3083 mentem
1390 3023 1432 3079 in·

350 3126 522 3194 terpretatus
539 3135 621 3196 esse,
644 3121 715 3182 dum
730 3123 861 3200 ejusdem
881 3122 972 3182 verba
990 3124 1032 3181 sic
1049 3123 1140 3198 legit:
1164 3145 1177 3172 ι
1201 3122 1295 3198 Legat
1316 3117 1433 3197 quidem

334 3216 478 3277 2Ecclesia
500 3218 539 3278 ad
561 3217 761 3280 informandos
782 3235 898 3296 mores,
930 3236 992 3279 non
1012 3220 1050 3279 ad
1074 3219 1326 3278 confirmationem
1348 3223 1448 3290 atque

350 3315 549 3388 probationem
564 3332 684 3392 eorum,
700 3334 776 3393 quae
793 3319 916 3376 veniunt
929 3318 961 3375 in
974 3320 1206 3392 contentionem
1222 3315 1298 3375 idest
1312 3313 1429 3374 creden·

351 3412 475 3489 dorum,
498 3415 534 3472 dc
553 3415 659 3490 quibus
674 3417 749 3474 iuter
765 3415 948 3490 Catholicae,
967 3420 997 3473 et
1013 3414 1177 3473 incredulos
1196 3419 1278 3474 extat
1301 3413 1428 3488 disputa·

351 3511 439 3568 tionis
458 3514 625 3588 contentio,
647 3512 699 3571 sed
714 3512 753 3571 ad
774 3529 889 3571 morum
906 3511 1151 3570 informationem.
1171 3535 1184 3563 a

392 3606 446 3666 His
465 3609 577 3686 legibus
596 3617 764 3685 praeterea,
782 3611 871 3668 etiam
888 3607 1066 3667 vocabulum
1083 3605 1284 3684 apocryphum
1301 3621 1340 3666 ex
1354 3602 1429 3663 illius

351 3721 402 3762 ore
421 3721 514 3782 neque
531 3707 647 3766 aliunde
664 3715 708 3767 est
722 3705 991 3782 interpretandum
1019 3721 1090 3764 nam
1109 3708 1222 3782 quoties
1243 3707 1307 3780 ipsa
1325 3703 1429 3776 scripta

351 3803 635 3866 Deuterodnnonica
660 3804 827 3882 apocrypha
850 3804 1022 3880 appellavit,
1046 3804 1119 3863 alias
1139 3806 1247 3878 pariter
1267 3801 1347 3870 illius
1367 3811 1427 3858 seii·

354 3918 420 3961 sum
441 3901 552 3960 tribuit.
575 3902 618 3962 De
637 3902 718 3962 libris
737 3902 991 3962 enim'Salomonis
1003 3903 1147 3978 Brutianis,
1158 3917 1232 3978 quos
1252 3905 1339 3959 anim
1357 3899 1428 3962 initi

353 4001 534 4078 apocryphos
553 4003 585 4059 in
605 4002 768 4078 scripturae
787 4003 904 4062 Cauona
924 4004 1107 4078 numeravit,
1134 4003 1165 4058 in
1196 3998 1374 4075 praelatione
1394 3993 1427 4051 de

353 4099 417 4157 istis
440 4099 522 4159 libris
546 4143 555 4176 ‚
577 4115 652 4177 quae
668 4099 791 4159 hahetur
820 4103 852 4158 in
882 4106 1027 4176 postremo
1050 4099 1129 4158 illius
1163 4113 1284 4173 operum
1307 4092 1424 4156 volumi-

354 4213 416 4272 ne,
437 4198 570 4272 scripsit:
599 4223 611 4247 «
628 4197 788 4256 Canonicas
812 4196 974 4272 Scripturas
1005 4196 1158 4255 emendare
1184 4194 1349 4254 desiderans
1366 4232 1375 4265 ,
1395 4192 1420 4244 ci

355 4294 484 4356 studium
504 4311 602 4363 meum
622 4295 726 4370 certis,
752 4311 841 4375 quam
860 4294 955 4356 dubiis
982 4294 1216 4356 commendare.»
1234 4290 1356 4366 Quando
1379 4299 1424 4348 au·
