2964 5174
811 423 970 472 ...70-

351 533 392 590 eit
411 533 521 590 lavatm
537 532 617 607 ejus?
628 555 641 580 »ι
658 529 702 588 lle
714 529 853 607 Cypriani
866 530 1000 589 doctrina
1017 545 1071 605 pro
1087 529 1188 590 Ribliis
1204 531 1430 592 Dantem-Cano-

352 632 427 688 niais
440 630 512 688 haec
528 631 599 688 satis
612 631 682 688 sint.
698 627 788 686 Plura
801 630 940 703 cupienti,
954 628 1033 686 illius
1045 628 1135 686 libros
1148 629 1226 705 legat
1240 635 1271 687 et
1283 630 1429 705 intelligat.

391 727 419 803 S.
442 729 494 788 Vl.
517 726 634 786 Lucifer
648 729 799 802 episeopus
813 727 1002 802 calaritanus,
1018 728 1096 784 eirea
1109 728 1217 785 saeculi
1238 730 1338 802 quarti
1358 727 1433 786 dmi·

352 825 452 902 dium,
471 824 539 884 fidei
556 825 717 884 catholicae
736 825 798 884 zelo
821 830 976 900 aestuans,
992 827 1124 883 arianam
1137 825 1283 884 haeresim
1304 826 1432 902 profliga-

352 923 413 982 bat.
430 923 502 982 Cum
519 921 718 1006 Pancratio'et
737 923 868 998 Hilario,
883 925 971 998 juxta
983 923 1207 999 Hieronymum,
1222 924 1376 982 Romanae
1387 925 1433 982 Eo

353 1022 458 1080 alariae
477 1020 590 1078 oleriois
611 1020 649 1078 ad
666 1019 869 1078 Constantium
887 1023 1090 1095 imperatorem
1111 1021 1225 1098 legatus
1244 1023 1354 1080 missus
1374 1021 1433 1080 init.

352 1119 435 1178 Illius
453 1117 536 1195 libri,
554 1119 593 1194 (1)
608 1121 660 1194 qui
678 1118 829 1194 bucusque
848 1121 1048 1194 innotescunt,
1070 1118 1226 1194 Scripturis
1245 1119 1382 1177 Deuteris
1397 1123 1434 1178 te·

353 1219 524 1276 stimonium
540 1216 697 1291 praebent,
717 1233 843 1292 quaram
865 1216 963 1276 verbis
981 1233 1052 1275 usus
1080 1223 1141 1292 ert,
1160 1217 1198 1276 ad
1215 1217 1288 1276 fidei
1305 1217 1436 1294 dogmata

353 1313 528 1374 roboranda.
544 1313 602 1372 Pro
620 1319 721 1372 saneto
736 1313 899 1372 Athanasio
916 1315 954 1372 ad
967 1313 1172 1374 Constantium
1187 1317 1393 1390 imperatorem
1405 1315 1434 1373 li·

353 1412 407 1470 bro
419 1414 515 1486 primo
529 1411 651 1470 scribit:
670 1436 683 1460 α
695 1409 726 1469 st
739 1427 800 1469 non
813 1410 928 1487 legisti,
943 1427 1085 1486 eognosee
1097 1413 1169 1487 qnid
1180 1429 1234 1471 nos
1246 1413 1346 1471 faeere
1354 1412 1434 1472 birris

354 1511 503 1584 norman,
522 1511 574 1584 qui
588 1511 620 1566 in
641 1515 749 1567 sortem
773 1508 913 1584 delegeris
933 1525 995 1566 esse
1010 1509 1147 1584 illorum,
1165 1525 1293 1585 (proram
1314 1509 1435 1570 facinora

355 1607 493 1668 describit
510 1623 561 1665 ore
573 1606 736 1666 Salomonis
747 1605 870 1681 Spiritus
883 1605 1007 1666 Sanetus
1021 1607 1132 1665 dicens:
1144 1608 1269 1684 -Neque
1282 1610 1434 1668 menedon

356 1712 546 1782 speraverunt
558 1707 708 1780 justitiae,
728 1721 782 1763 neo
797 1705 1005 1780 judicaverunt
1023 1705 1164 1764 honorem
1186 1709 1356 1765 animamm
1376 1724 1433 1766 san-

356 1809 488 1877 ctarum,
509 1805 649 1878 quoniam
667 1802 746 1861 Deus
762 1804 874 1861 oreavit
889 1803 1037 1860 bominem
1049 1803 1353 1880 inexterminabilem,
1367 1811 1394 1862 et
1403 1805 1434 1862 ad

356 1903 514 1976 imaginem
529 1915 600 1960 snae
613 1900 812 1958 similitudinis
824 1900 893 1958 iecit
903 1901 998 1975 illum3
1008 1901 1121 1959 invidia
1133 1908 1230 1960 autem
1243 1901 1355 1960 diaboli
1366 1919 1433 1962 mors

356 2000 491 2057 introivit
507 2000 539 2056 in
553 1997 654 2056 orbem
666 2003 821 2056 terrarum.
841 1999 998 2056 Imitantur
1018 2004 1116 2056 autem
1129 1999 1232 2074 illum,
1249 2001 1304 2074 qui
1320 2005 1386 2057 sunt
1403 2016 1433 2058 er

355 2102 439 2172 parte
457 2095 547 2154 illius.
560 2120 573 2146 ν
589 2095 614 2153 Ε
635 2093 710 2153 libro
732 2094 896 2170 Sapientiae
915 2093 953 2171 (2)
969 2095 1042 2153 haec
1058 2081 1150 2154 veria
1164 2102 1244 2154 sunt.
1266 2095 1359 2154 Panlo
1377 2101 1432 2170 post

355 2211 393 2254 ex
408 2193 510 2254 eodem
524 2194 600 2252 libro
619 2196 732 2270 inquit:
756 2219 769 2244 a
784 2194 937 2253 Desideras
954 2193 1114 2252 interlidere
1129 2193 1328 2252 Athanasium
1344 2196 1431 2251 existi·

356 2309 441 2352 mans
459 2292 538 2369 quod
554 2296 599 2369 ei,
618 2296 645 2351 si
663 2311 731 2352 eum
748 2295 1043 2368 mactaveris,possis
1060 2299 1210 2351 aeternnm
1223 2292 1296 2350 dare
1313 2292 1429 2366 indum,

355 2393 496 2467 ignorans
512 2394 669 2466 seriptum:
687 2391 724 2467 (a)
736 2391 960 2450 -Condemnans
967 2393 1064 2466 justus
1081 2396 1214 2448 mortuus
1225 2393 1314 2448 vivos
1326 2391 1429 2463 impios,

357 2499 387 2551 et
394 2495 536 2567 juventas
548 2491 669 2549 aelerins
682 2495 895 2564 consummata,
909 2489 1132 2566 longaevitatem
1146 2490 1248 2563 injusti
1260 2487 1426 2546 videbunt...

357 2596 387 2648 et
406 2595 493 2648 erunt
511 2593 578 2664 post
596 2588 670 2646 haee
684 2587 849 2646 decidentes
865 2589 928 2645 sine
944 2586 1070 2661 honore,
1083 2588 1157 2644 etin
1175 2586 1352 2644 oonturnelia
1365 2599 1430 2642 mor·

356 2689 612 2762 thinperpetuo.»
627 2684 739 2743 Pariter
750 2685 885 2743 inierim:
902 2709 915 2733 «ι
926 2683 1100 2758 custoditio,
1118 2683 1214 2758 inquit
1231 2681 1386 2758 Propheta,
1398 2681 1428 2756 (l)

359 2785 445 2861 legis,
455 2785 638 2843 confirmatio
652 2784 877 2858 incorruptionis
890 2788 944 2840 est.
958 2806 971 2830 u
990 2781 1032 2840 De
1045 2781 1163 2858 regibm
1171 2784 1340 2856 apostaticis
1348 2779 1431 2838 Eerle

358 2884 468 2940 siastiei
487 2882 578 2940 verba
590 2884 765 2957 pronunciat
779 2881 902 2940 doeens:
917 2880 954 2955 (5)
974 2905 987 2930 «
997 2879 1166 2955 Sed‘aspioe
1181 2883 1335 2956 seriptum,
1345 2879 1429 2937 Doud-

357 2997 431 3038 num
443 2983 601 3054 patientem
617 2995 697 3056 asse,
708 2985 742 3038 ut
754 2981 942 3054 poenitearis:
959 2977 1024 3036 ·Ne
1040 2978 1162 3053 dixeris,
1175 2981 1313 3054 paoeavi,
1329 2983 1357 3035 et
1370 2973 1430 3051 quid

360 3078 466 3140 recidit
481 3079 553 3136 mihi
569 3081 668 3153 triste,
687 3085 732 3136 est
752 3079 832 3136 enirn
850 3077 1019 3136 Altissimas
1036 3078 1150 3151 patiens
1167 3076 1336 3136 redditor.»

398 3176 488 3235 Libro
507 3177 544 3235 de
560 3192 620 3235 non
634 3175 780 3250 paroendo
800 3167 1033 3250 delinquentibus
1055 3176 1087 3230 in
1107 3173 1220 3250 Deum,
1249 3173 1358 3232 Tobiae
1369 3169 1431 3229 Scri·

357 3283 462 3351 ptume
481 3281 594 3351 partem
616 3275 697 3351 legit,
715 3275 868 3350 inquiens:
887 3297 900 3322 a
913 3271 960 3332 Sia
976 3270 1084 3329 Tobias
1104 3272 1248 3347 gloriosus
1269 3271 1427 3346 praecipuus

358 3376 507 3432 invenitur
522 3373 618 3431 factm
631 3372 708 3447 apud
727 3371 900 3445 Dominum,
914 3370 984 3428 dum
998 3385 1058 3426 non
1072 3369 1244 3444 aomperditi
1259 3371 1307 3427 sui
1320 3367 1391 3442 regis
1401 3365 1429 3420 ti·

292 3509 296 3516 ·
359 3477 420 3528 met
432 3471 572 3544 edictum,
586 3469 638 3527 sed
651 3470 746 3527 solnm
759 3475 855 3527 totum
868 3473 1016 3542 potentem
1027 3465 1132 3524 Deum
1147 3467 1227 3524 llaec
1244 3468 1287 3546 ita
1300 3481 1370 3538 esse,
1383 3460 1429 3535 ipsi

348 3567 446 3624 ¹¹erade
456 3565 566 3626 Tobiae
574 3567 681 3624 direnti
691 3566 742 3640 ;(6)
755 3598 768 3610 -
782 3565 841 3624 Ubi
849 3567 930 3623 venit
941 3563 1138 3623 Sennacherib
1152 3581 1205 3622 rex
1223 3564 1260 3622 de
1275 3561 1381 3621 Judaea
1394 3557 1430 3614 fu·

361 3665 444 3740 giens
466 3671 583 3740 pmpter
598 3664 796 3722 defensionem
816 3679 905 3738 qnam
924 3663 994 3720 feeit
1010 3679 1047 3719 ex
1066 3663 1125 3720 illis
1149 3661 1308 3736 Dominus,
1328 3659 1428 3734 propter

359 3761 556 3835 blasphemias
569 3762 660 3836 illius,
674 3761 781 3836 quibus
793 3761 1025 3836 blasphemavit,
1038 3765 1068 3816 et
1081 3759 1188 3817 oceidit
1200 3761 1231 3816 in
1242 3760 1288 3816 ira
1301 3771 1352 3815 sua
1365 3749 1427 3810 mul·

360 3863 407 3916 tos
422 3873 460 3915 ex
475 3847 545 3916 filiis
562 3859 670 3933 lsrael3
689 3875 744 3935 ego
756 3865 852 3916 anmrn
870 3873 992 3932 corpora
1005 3857 1123 3916 illoram
1137 3856 1306 3916 involabam
1321 3859 1349 3912 et
1360 3863 1426 3923 sepe

360 3955 487 4029 liebam;
508 3962 537 4014 et
549 3958 748 4018 renuntiatum
765 3961 809 4014 est
829 3957 909 4032 regi,
926 3957 1065 4031 qnoniam
1084 3955 1208 4031 sepelio,
1232 3961 1261 4013 et
1285 3945 1426 4030 quaerebat

360 4059 394 4112 at
415 4053 557 4112 oecideret
570 4071 618 4112 me
630 4060 686 4112 etc.
697 4077 712 4104 ι
729 4055 765 4112 ln
778 4054 879 4112 eodem
892 4054 967 4112 libro
980 4053 1083 4112 iudith
1101 4059 1184 4128 gesta
1198 4058 1300 4111 narrat
1310 4049 1346 4109 ad
1358 4057 1425 4104 eum·

387 4265 423 4328 (ι)
438 4265 526 4316 nuno.
538 4268 605 4316 aar.
615 4269 732 4316 aaran.
749 4265 823 4328 -lu
833 4267 956 4329 sapen.
968 4269 1007 4315 rr.
1018 4291 1049 4302 -
1059 4264 1234 4327 (stapam.
1248 4271 1284 4314 ra
1295 4257 1421 4321 ..lusan

355 4348 403 4396 vl.
417 4355 454 4398 19.
466 4373 496 4386 -
506 4347 541 4409 (5)
556 4347 622 4396 Eocl.
632 4349 687 4395 all.
700 4351 723 4396 i.
735 4373 766 4383 -
775 4346 878 4408 (olTob.
891 4349 936 4395 al.
945 4347 1016 4408 juxa
1025 4345 1190 4408 Septuaginta.
