3070 5180
127 479 176 538 111.
200 477 359 538 Praeterea
383 475 650 536 animadvertamus
670 479 800 552 oportet,
819 475 977 538 Ecclesiam
1002 477 1116 538 nullum
1136 479 1169 540 ii·

94 577 133 636 dei
154 575 314 636 articulum
339 573 396 636 hoc
416 588 470 632 suo
491 573 606 634 decreto
625 575 803 650 innovasse,
819 575 895 634 deut
916 574 1036 651 quidam
1053 579 1174 640 innuere

94 673 217 734 videntm
236 691 247 748 3
268 688 306 730 ex
324 687 401 748 quo,
421 672 463 730 eis
480 671 592 747 praeire
617 669 685 730 volo
702 670 877 748 quibusdam
896 672 1078 750 rationibus,
1099 689 1174 751 quaa

92 772 123 832 ob
136 771 236 830 oculos
252 786 355 830 eorum
369 785 502 845 posuero.
522 767 652 828 Ecclesia
662 767 811 830 Catholica
828 785 847 828 a
865 785 919 828 sua
936 770 1047 848 origine
1060 789 1172 849 semper

93 869 210 946 mandis
226 867 374 944 iirrnaqne
393 866 467 944 fuit,
489 866 652 942 credendo,
672 865 835 926 confitendo
849 867 901 926 illa
912 867 980 928 iidei
999 869 1175 946 dogmataa

92 967 231 1026 Salvatore
243 971 346 1024 nostro
357 965 490 1040 sancita,
504 969 534 1022 et
545 963 582 1023 ab
593 963 764 1039 apostolicis
784 966 856 1024 viris
872 965 980 1042 ubique
990 968 1172 1043 praedicata,

91 1077 167 1140 quara
190 1063 434 1122 constantissbna
446 1060 644 1122 uniformitate
652 1060 753 1136 verbo,
767 1063 938 1139 aescnptis,
955 1062 1104 1140 Episcopis
1126 1081 1173 1124 eo·

91 1159 531 1235 rumsuoeessoribusmandata,
546 1163 575 1218 et
590 1157 752 1235 usquehuc
768 1160 844 1219 inter
860 1159 960 1220 iideles
977 1167 1093 1222 servata
1109 1161 1173 1224 iue-

91 1263 148 1316 rnnt
157 1256 244 1334 meo,
255 1263 292 1316 ut
308 1273 363 1316 nos
375 1255 500 1332 simplici
512 1255 703 1332 confessione,
717 1271 793 1332 quae
803 1256 932 1331 quotidie
949 1256 1081 1333 Symboli
1092 1258 1170 1334 Apo·

90 1354 169 1412 stolici
178 1353 403 1430 recitationeilt,
412 1354 498 1429 plane
506 1353 603 1414 debito
610 1347 835 1428 salisiaciamus,
847 1353 1065 1430 qnodCbristus
1073 1354 1170 1431 lesus,

91 1469 118 1512 ac
133 1451 265 1514 Ecclesia
286 1455 348 1530 ejus
368 1468 476 1528 sponsa
492 1469 530 1511 cr
553 1451 638 1512 nobis
654 1451 792 1527 postulat.
815 1451 852 1510 In
868 1450 923 1510 hoc
941 1451 1081 1529 Symbolo
1097 1455 1171 1514 inte·

91 1566 133 1626 gra
148 1550 216 1612 iidei
234 1551 376 1628 dogmata
395 1551 482 1610 simul
499 1549 619 1610 collecta
636 1555 757 1626 rataque
770 1549 921 1610 habemm
942 1547 1051 1610 Eadem
1071 1556 1169 1612 auum

89 1647 204 1710 lieclesla
217 1647 330 1710 barum
344 1652 501 1712 veritatum
511 1655 609 1710 eustos
619 1647 713 1708 ildelts
725 1691 734 1725 ,
748 1664 843 1724 neque
855 1647 1022 1708 earumdem
1034 1652 1169 1727 auctrix,

90 1753 239 1822 opportuno
257 1752 407 1825 tempore,
426 1754 456 1808 et
472 1747 591 1824 wando
610 1763 683 1824 opus
700 1753 781 1823 erat,
796 1752 899 1808 conus
910 1747 987 1823 illos,
998 1749 1049 1824 qui
1062 1749 1171 1812 eisdem

91 1843 273 1923 obsistebant,
293 1847 436 1923 quaedam
455 1849 547 1923 ipsius
564 1846 696 1925 symboli
715 1847 854 1923 dogmata
870 1847 1044 1924 explicavit,
1070 1853 1104 1908 ut
1122 1865 1170 1910 sa·

90 1957 158 2000 uum
168 1942 357 2021 depositum,
371 1944 450 2021 quod
460 1946 488 2004 ei
501 1946 688 2006 commissum
707 1943 823 2020 furerat,
842 1944 952 2021 absque
970 1945 1031 2004 ulla
1045 1947 1168 2006 innova·

90 2040 154 2098 tone
172 2039 325 2102 illibatum
344 2047 482 2102 moveret.
505 2041 563 2117 Sic,
581 2042 699 2117 quarmo
715 2041 804 2101 Arius
823 2043 930 2118 impius
950 2047 1052 2100 conba
1067 2040 1168 2119 Augu·

90 2147 152 2202 rum
167 2144 364 2218 Trinitatem,
385 2147 415 2202 et
430 2143 462 2202 in
481 2141 549 2200 Filii
567 2141 751 2200 divinitatem
770 2156 881 2200 errores
901 2157 969 2200 suos
979 2140 1167 2218 effundebat,

91 2243 162 2314 abac
177 2243 210 2302 in
226 2242 385 2318 plerasque
400 2238 526 2300 Orientis
549 2240 681 2316 regiones
703 2237 837 2314 serpebat
853 2237 925 2297 baec
944 2237 1082 2314 baeresim
1097 2243 1168 2300 tunc

90 2339 171 2397 evenit
184 2344 219 2402 ιιι
233 2338 370 2408 Ecclesia
377 2337 523 2414 judicium
540 2351 626 2396 suum
641 2335 678 2396 de
695 2337 785 2394 trium
797 2334 990 2396 Personarmn
1002 2335 1167 2414 divinitate,

91 2433 188 2494 etFilii
206 2434 512 2496 consubstantialitate
540 2435 769 2510 pronunciaret,
790 2439 820 2494 et
840 2439 941 2509 postea
968 2438 1071 2493 eontra
1093 2433 1167 2494 alios

90 2533 208 2594 usuram
219 2533 388 2594 humanam
400 2531 508 2592 Christi
528 2531 664 2607 probaret
686 2529 882 2606 aedivinam,
901 2535 930 2590 et
946 2531 990 2590 sic
1002 2529 1070 2593 iidel
1083 2545 1163 2608 sym·

91 2623 190 2706 bolum
208 2635 244 2692 ut
262 2633 309 2690 ita
327 2629 443 2707 dicam,
464 2628 621 2705 evolvens,
634 2628 713 2705 quod
732 2627 789 2688 sibi
807 2625 949 2688 creditum
966 2626 1080 2703 fueram
1102 2626 1167 2688 tall·

91 2739 135 2798 ιιι
147 2728 230 2788 modo
247 2727 387 2788 fidelibus
402 2743 438 2788 ea
450 2743 632 2803 proponens,
651 2741 726 2802 quae
741 2741 844 2786 revera
860 2741 973 2800 semper
992 2725 1164 2800 crediderat,

91 2819 131 2880 red
139 2824 354 2900 quodammodo
366 2823 481 2884 dicendi
495 2822 629 2884 formulis
637 2824 670 2882 in
680 2823 732 2882 illa
741 2821 810 2884 tidei
817 2822 995 2899 professione
1005 2821 1159 2884 aeonium

91 2915 154 2980 llaec
171 2937 216 2984 res
235 2923 349 2999 pariter
367 2923 399 2980 ln
419 2935 490 2982 casu
506 2925 608 2982 nostro
624 2918 740 2980 accidit.
760 2919 896 2996 Synodus
913 2919 1084 2980 Tridentino
1102 2918 1165 2980 nru-

90 3011 254 3080 lnmnorum
264 3019 337 3080 fidei
349 3019 505 3080 articulum
518 3019 620 3078 statrdt
630 3019 662 3076 in
675 3015 830 3092 Scriptruis
843 3015 987 3092 Dentatis,
996 3023 1031 3076 nt
1044 3015 1164 3094 divinis,

90 3117 285 3192 proponendis,
310 3122 341 3176 et
362 3115 480 3193 quando
499 3117 560 3176 suis
581 3112 836 3174 constitutionibus
854 3113 911 3172 sibi
929 3129 1047 3174 neeesse
1065 3115 1164 3174 visum

93 3207 152 3285 luit,
170 3217 328 3274 uerbamm
354 3229 389 3274 ac
407 3214 591 3274 divinitatem
619 3214 750 3288 ipsorum
776 3210 918 3272 librorum
935 3216 1038 3270 eontra
1061 3209 1164 3270 licior-

90 3309 228 3372 nationern
251 3309 378 3388 probare
398 3317 429 3370 et
454 3309 632 3386 decernere,
659 3314 776 3370 mutum
799 3308 856 3368 boc
881 3306 995 3368 decreto
1027 3306 1164 3382 explana·

91 3403 181 3466 ioum
202 3408 364 3486 qnamdam
390 3407 502 3470 addidit
527 3407 690 3486 dogmatis,
709 3405 788 3484 qnod
816 3405 1031 3481 Scripturarum
1056 3402 1164 3466 divini·

92 3503 165 3562 tauro
188 3505 362 3583 respiciebat
387 3521 447 3566 una
470 3521 539 3566 cum
564 3505 649 3581 illis,
669 3519 795 3581 quarum
818 3517 959 3582 supernae
982 3501 1165 3577 inspirationi

93 3596 254 3663 obsistebant
279 3603 435 3678 merwel,
462 3618 497 3664 eo
515 3602 594 3664 iacto
613 3601 742 3662 indicare
768 3600 869 3662 volens
886 3642 898 3677 ,
918 3614 1032 3675 semper
1053 3603 1087 3658 ιιι
1108 3597 1162 3658 ca·

92 3699 194 3760 mulces
216 3699 607 3776 abEcclesIalleiacoeptas
625 3699 736 3776 inisse,
755 3704 785 3758 et
801 3695 1163 3758 becrationedecoelesti

94 3790 197 3858 imnum
216 3799 395 3860 revelatione
413 3797 495 3858 nullo
513 3798 600 3858 modo
612 3795 806 3858 dubitandum
822 3811 895 3856 esse.
914 3793 1068 3854 Praeterea
1083 3795 1163 3870 qule-

92 3892 145 3962 llss
169 3893 222 3956 sibl
248 3896 334 3956 incile
351 3895 470 3972 suadet,
492 3894 643 3974 synodum
662 3893 718 3954 boc
743 3896 776 3954 in
799 3895 915 3970 negotio
946 3893 1065 3952 omuino
1093 3890 1162 3952 fidei

94 3993 204 4060 tyrim
228 4010 290 4054 non
307 3995 495 4069 bnmutasse,
519 3991 572 4054 sed
598 3991 693 4052 solum
717 3989 813 4050 claves
830 3989 1015 4066 adhibuisse,
1038 3987 1077 4048 ad
1103 3987 1162 4048 luci

94 4079 157 4146 iures
168 4091 358 4166 mandas,
377 4097 412 4152 ut
427 4092 527 4152 oculos
543 4090 677 4165 1110111111,
690 4091 742 4166 pul
759 4089 791 4146 in
810 4103 942 4148 errorum
953 4087 1088 4148 tenebras
1101 4101 1161 4146 am·

95 4173 233 4264 bulaboni,
247 4189 436 4250 illuminaret.
461 4187 577 4266 Optime
592 4187 630 4246 de
646 4185 703 4248 bac
723 4202 755 4248 re
779 4185 932 4264 theologus
950 4189 1100 4262 praestans
1117 4182 1160 4242 lo·

95 4278 186 4350 lutor.
196 4284 224 4344 sl
245 4288 380 4348 veritates
398 4285 543 4364 Apostolis
556 4286 710 4362 revelatae,
726 4290 755 4348 et
765 4283 804 4346 ab
823 4285 894 4404 ipsis
904 4282 1047 4344 Ecclesiae
1067 4277 1159 4341 uadi·
