3070 5180
792 415 832 426 ···
852 399 980 441 XXXVIII
1001 414 1041 424 ····

381 503 567 609 majorem
586 496 811 576 conferunt.
836 495 908 573 His
931 495 1118 574 omuibus
1141 493 1349 574 subsidiis
1368 521 1468 572 com-

379 634 552 742 paratis,
583 647 620 708 et
646 628 812 736 singulis
845 629 1006 706 servatis
1037 629 1232 735 legibus,
1270 653 1386 735 quae
1419 625 1468 706 ad

380 770 459 847 hoo
486 765 660 858 faciunt,
689 779 788 840 tune
816 762 1030 869 quisquam
1050 762 1291 870 nuncupari
1316 761 1470 868 poterit

377 928 469 979 vere
493 899 652 1004 linguae
669 895 902 993 hebraicae,
934 913 974 974 et
1000 923 1161 1002 graecae
1179 896 1353 1004 peritus
1373 955 1383 992 ,
1406 897 1468 974 vel

380 1035 514 1128 satius,
538 1033 731 1138 inquam,
755 1047 986 1127 auctorum,
1012 1032 1112 1136 qui,
1141 1029 1291 1110 divino
1308 1029 1468 1139 Spiritu

380 1165 565 1262 afflante,
610 1165 855 1270 scripserunt
886 1163 928 1239 in
956 1161 1101 1241 eisdem
1131 1163 1288 1271 linguis
1313 1193 1324 1261 ;
1369 1180 1411 1241 et
1437 1166 1475 1261 si,

377 1302 456 1378 hoc
480 1297 781 1406 perfecerimus,
795 1298 910 1403 juxta
928 1297 1035 1403 leges
1053 1358 1062 1393 ,
1083 1323 1184 1402 quas
1206 1295 1340 1376 divus
1359 1297 1467 1376 idem

382 1432 631 1538 Augustinus
662 1429 800 1508 docuit
835 1428 885 1508 de
909 1431 1136 1537 linguarum
1159 1430 1302 1509 studio
1344 1459 1394 1510 ac
1421 1432 1466 1509 il-

377 1564 505 1643 larum
546 1564 903 1669 interpretatione,
941 1561 1262 1670 progrediemur.
1313 1563 1466 1643 Scribit

379 1698 485 1774 enim
509 1697 614 1775 libro
637 1694 815 1775 secundo
842 1695 892 1774 de
920 1694 1103 1775 doctrina
1121 1699 1351 1777 christiana
1371 1727 1458 1805 cap.

376 1829 485 1907 XXI.
517 1827 567 1907 de
594 1831 714 1934 signis
737 1830 973 1942 incognitis,
990 1829 1199 1951 qqomodo'
1222 1833 1311 1912 sint
1332 1833 1461 1939 expli·

380 1960 527 2040 canda:
547 1995 565 2035 r
580 1962 761 2069 Namque
773 1981 843 2042 aut
863 1964 1044 2069 ignotum
1062 1963 1231 2042 verbum
1249 1964 1356 2042 facit
1376 1965 1462 2042 hae·

376 2123 464 2174 rere
488 2095 701 2192 lectorem,
735 2113 804 2174 aut
827 2097 963 2202 ignota
989 2098 1163 2195 locutio;
1198 2099 1312 2204 quae
1341 2099 1376 2175 si
1410 2125 1458 2175 cx

376 2230 515 2308 alienis
537 2230 684 2337 linguis
708 2231 901 2328 veniunt,
928 2249 997 2309 aut
1024 2229 1254 2337 quaerenda
1283 2230 1455 2310 suntab

376 2390 510 2441 earum
534 2363 761 2469 linguarum
790 2362 1050 2459 hominibuS,
1076 2381 1146 2452 aut
1180 2363 1350 2442 eaedem
1381 2363 1456 2440 lin-

375 2523 499 2602 guae,
533 2495 571 2602 'si
596 2495 723 2572 otium
756 2513 814 2574 est
840 2513 880 2573 et
913 2495 1145 2601 ingenium,
1178 2494 1449 2594 ediscendae,

375 2645 444 2706 aut
455 2629 633 2735 plurium
648 2630 911 2735 interpretum
932 2627 1176 2707 consulenda
1192 2630 1358 2709 collatio
1378 2645 1447 2706 est.

375 2760 415 2840 Si
437 2779 568 2840 autem
590 2763 713 2870 ipsius
734 2749 892 2869 linguae
920 2781 1102 2859 nostrae,
1133 2762 1266 2870 aliqua
1295 2761 1447 2856 verba,

376 2895 679 3002 locutionesque
709 2895 963 3001 ignoramur,
996 2894 1154 3004 legendi
1188 2891 1452 2974 consuetudi-

376 3057 456 3126 ne,
487 3026 759 3139 audiendique
788 3028 1057 3107 innotescunt.
1089 3028 1207 3108 Nulla
1238 3056 1336 3107 sane
1357 3042 1449 3106 sunt

279 3142 282 3146 ¹
375 3163 497 3268 magis
528 3159 754 3240 mandanda
786 3163 1023 3260 memoriae,
1054 3190 1175 3269 quam
1208 3163 1274 3240 illa
1300 3159 1446 3240 verbo-

372 3324 488 3393 rum,
516 3296 847 3403 locutionumque
869 3322 1037 3402 genera,
1068 3324 1173 3404 quae
1194 3296 1442 3403 ignoramus,

370 3445 415 3506 ut
443 3456 534 3505 cum
559 3428 620 3506 vel
640 3429 807 3533 peritior
831 3429 1073 3525 occurrerit,
1104 3427 1154 3507 de
1181 3457 1266 3536 quo
1298 3424 1441 3536 quaeri

372 3561 551 3667 possint,
584 3560 645 3686 yel
671 3562 759 3640 talis
786 3562 928 3660 lectio,
967 3589 1070 3668 quae
1104 3562 1165 3640 vel
1202 3589 1252 3640 ex
1282 3585 1443 3670 praece-

372 3691 600 3790 dentibus,
645 3694 706 3772 vel
742 3695 1116 3803 consequentibus,
1157 3696 1219 3773 vel
1260 3695 1444 3800 utrisque

373 3824 579 3928 ostendat,
610 3855 732 3934 quam
752 3830 833 3906 vim
853 3828 1024 3924 haheat,
1053 3826 1202 3936 quidve
1220 3828 1436 3935 significet,

373 3956 486 4064 quod
519 3959 776 4065 ignoramus,
811 3960 946 4058 facile,
980 3958 1192 4068 adjuvante
1226 3959 1435 4050 memoria,

374 4091 572 4199 possimus
596 4090 822 4190 advertere,
853 4111 892 4172 et
912 4091 1084 4173 discere.
1108 4127 1127 4166 »

424 4221 464 4301 Si
489 4252 585 4303 vero
609 4242 772 4324 contra,
805 4255 830 4304 ο
848 4226 1039 4332 juvenes,
1068 4226 1111 4304 in
1134 4226 1292 4333 linguae
1320 4246 1437 4306 cmor-
