3086 5182
365 452 411 510 ira
431 456 475 508 est
494 448 697 522 Susiane,in
716 463 775 523 qua
797 454 880 506 vetars
900 451 980 524 regia
999 463 1149 523 persarum
1176 448 1277 523 Susa,
1298 455 1445 526 etipsaa

365 549 453 606 llario
481 548 625 621 Histaspis
649 545 712 604 lilio
731 545 857 604 condita
887 571 900 594 ι
916 547 953 604 iit
976 549 1006 603 in
1029 547 1152 606 historia
1173 563 1257 606 saera
1268 547 1375 606 Esther
1388 549 1445 622 ,ibi

365 647 480 722 degisse
500 661 553 704 rex
575 643 720 702 llssuerus
742 645 859 720 legitur.
881 644 1044 719 Persepolis
1066 652 1129 703 erat
1153 653 1242 721 eaput
1266 649 1352 721 regni
1372 647 1448 704 Darii

365 746 480 819 ultirm,
501 761 587 820 quem
604 747 675 802 vicit
688 743 852 802 Alexander
866 744 1003 820 Magnus.
1024 744 1088 802 Hoc
1105 745 1176 803 dicit
1190 747 1316 818 Quintus
1332 745 1449 804 Curtius
1533 743 1534 772 ¹

366 841 441 901 libro
456 859 500 901 rv.
517 843 554 900 Et
569 841 644 900 libro
657 859 688 898 v.
704 843 746 898 ait
759 841 869 900 diutim
882 844 913 898 in
926 841 998 899 urbe
1012 840 1200 917 Babyloniae,
1219 859 1309 917 quam
1326 857 1450 916 usquam

365 941 528 1000 constitisse
550 955 658 1016 regem.
681 939 717 996 Et
735 955 806 1012 prae
825 939 960 996 omnibns
976 939 1033 996 bac
1052 941 1083 996 in
1105 955 1138 996 re
1156 939 1243 997 nobis
1264 939 1448 1014 suffragatur

366 1038 442 1097 Dion
462 1044 536 1096 orat.
544 1055 590 1096 vr.
609 1037 651 1096 ue
668 1037 852 1112 Tyrannide,
873 1039 924 1112 qui
935 1036 1080 1094 disserens
1092 1037 1130 1094 de
1142 1037 1270 1114 Diogene
1282 1037 1449 1112 Sinopensi,

368 1139 419 1212 qui
446 1135 534 1196 modo
561 1135 720 1208 Corinthi,
747 1149 826 1192 nunc
852 1133 975 1192 Athenis
999 1134 1144 1209 vivebat,
1169 1137 1211 1192 ait
1230 1135 1314 1193 illurn
1340 1137 1450 1194 imitari

369 1238 447 1311 regis
466 1250 617 1310 persarum
637 1233 757 1292 vivendi
777 1235 938 1309 rationem,
959 1235 1065 1308 qnippe
1084 1235 1187 1292 atille
1205 1234 1311 1310 hyeme
1331 1235 1450 1310 quiden

366 1330 538 1408 Babylone,
559 1338 590 1390 et
610 1331 716 1406 Susis,
742 1329 888 1388 interdum
915 1336 1013 1389 autern
1039 1331 1174 1407 Bactris,
1201 1335 1234 1389 in
1257 1334 1452 1390 serenissimis

367 1432 456 1490 totius
475 1429 563 1489 Asiae
582 1431 676 1505 locis,
698 1436 807 1488 aestate
827 1435 924 1487 autern
937 1429 1092 1488 Ecbatanis
1111 1431 1224 1489 Mediae
1238 1433 1393 1504 provincia
1410 1434 1453 1488 vi-

367 1536 467 1604 veret,
483 1529 535 1588 nbi
555 1543 667 1602 semper
687 1543 738 1586 aer
757 1526 962 1602 frigidissimas
982 1534 1045 1603 est,
1066 1529 1228 1604 similisque
1240 1535 1337 1588 aestas
1350 1529 1453 1604 hyemi

369 1633 448 1688 circe
463 1627 653 1702 Babylonem.
676 1626 721 1683 Ex
742 1626 789 1684 his
802 1624 937 1684 omnibus
958 1627 1042 1702 argui
1061 1633 1171 1701 potest,
1192 1626 1408 1700 imperantibus
1423 1629 1453 1683 in

368 1727 492 1804 Assyria
511 1726 623 1800 persis,
644 1730 721 1782 stare
742 1724 811 1780 Nini
831 1723 954 1798 arbem,
976 1723 1073 1799 ibique
1092 1727 1181 1782 etiam
1195 1723 1355 1799 aliquando
1369 1739 1455 1798 reges

368 1825 537 1880 immoratos
557 1836 642 1896 esse,
664 1821 786 1894 ideoque
806 1820 1017 1896 conjiciendum
1039 1836 1098 1878 non
1115 1823 1279 1896 immerito,
1300 1821 1388 1878 illum
1405 1838 1452 1879 as-

369 1922 516 1996 syriorum
531 1935 650 1994 regern,
671 1919 721 1994 qui
739 1916 848 1978 bellum
867 1919 899 1976 in
913 1917 1108 1978 Palaestinam
1126 1919 1244 1994 intulit,
1265 1919 1369 1979 urbem
1385 1919 1455 1977 Nini

370 2017 528 2076 habitasse.

408 2113 437 2187 S.
459 2113 526 2172 Vll.
549 2111 698 2188 Ejusmodi
718 2112 856 2188 seopulis,
878 2113 975 2188 rpooad
995 2115 1165 2189 potuimus,
1188 2115 1353 2189 superatis,
1374 2129 1457 2170 nunc

369 2211 488 2271 liberius
505 2211 683 2288 pergendum
703 2210 805 2270 estad
825 2219 935 2270 ceteras
953 2211 1041 2289 hujus
1061 2212 1201 2272 historiae
1219 2218 1319 2288 partes
1343 2228 1454 2286 espen-

371 2309 482 2368 dendas
501 2328 511 2384 3
532 2317 562 2368 et
580 2311 707 2383 primum
724 2324 760 2367 ex
775 2325 834 2384 qua
853 2327 964 2385 causa,
981 2311 1033 2370 'vel
1053 2317 1132 2370 metu
1152 2311 1193 2368 ibi
1217 2313 1371 2384 innuitur,
1395 2327 1456 2368 sese

370 2408 510 2466 muniisse
529 2406 663 2466 Ariaxad
683 2423 769 2482 super
788 2407 964 2484 Ecbatanis,
986 2415 1016 2467 et
1032 2425 1084 2468 aar
1104 2408 1374 2468 Nabuchodonosor
1396 2408 1455 2466 bel-

369 2505 431 2563 lum
453 2507 571 2564 instruit
593 2513 697 2564 contra
722 2505 866 2564 eumdem.
891 2506 997 2566 Sedulo
1019 2507 1202 2565 advertentes
1227 2510 1259 2564 in
1282 2506 1341 2565 hoc
1361 2508 1456 2580 primo

370 2605 464 2678 eapite
483 2612 513 2663 et
525 2607 651 2664 secundo
672 2606 833 2680 descripta,
856 2604 941 2664 facile
959 2606 1028 2664 inde
1041 2607 1188 2680 eruimus,
1210 2605 1271 2663 lere
1284 2606 1455 2664 nniversam

370 2702 559 2762 deiectionem
583 2703 756 2778 populorum
777 2720 796 2762 a
815 2719 883 2779 rege
901 2703 1199 2778 Nabuchodonosoro,
1220 2719 1296 2778 quae
1313 2720 1337 2761 a
1360 2703 1453 2762 medis

371 2803 511 2875 incipiens
523 2801 674 2876 paullatim
695 2804 726 2858 in
740 2808 850 2860 ceteras
865 2801 952 2860 Asiae
968 2804 1099 2878 regiones
1113 2804 1256 2876 pervenit,
1277 2801 1407 2860 describi
1419 2801 1454 2858 ab

370 2899 518 2958 historico.
541 2899 636 2974 Hujus
656 2915 726 2958 vero
746 2900 915 2958 deiectionis
935 2917 1024 2958 causa
1043 2908 1144 2976 postea
1167 2901 1385 2975 explanabitur.
1410 2901 1452 2958 ln·

370 3003 461 3071 terea,
482 3013 548 3054 cum
569 3003 750 3072 compertum
769 2999 808 3054 sit
826 3013 977 3072 persarum
997 3013 1119 3073 regnum
1140 3014 1159 3054 a
1179 2997 1301 3055 ilumine
1322 2997 1398 3056 Indo
1417 2996 1452 3054 ad

370 3095 591 3171 Hellespontum
610 3111 728 3170 usque,
754 3103 784 3154 et
803 3097 841 3154 ab
861 3097 921 3156 alta
940 3096 1080 3154 Armenia
1099 3095 1138 3154 ad
1157 3095 1343 3170 Aethiopiam
1364 3111 1453 3170 usque

371 3195 461 3254 iuisoe
474 3195 646 3270 dilatatum,
668 3202 770 3254 narrat
782 3195 900 3254 divinus
913 3197 1056 3270 scriptor,
1078 3194 1223 3269 quomodo
1236 3200 1339 3269 gates
1353 3194 1452 3252 illisio

369 3294 520 3368 regionum
539 3293 647 3353 linibus
667 3299 834 3366 contentae,
856 3301 1025 3368 respuerant
1041 3297 1117 3370 regis
1136 3292 1319 3366 mandatum,
1342 3299 1372 3350 et
1391 3307 1449 3350 non

370 3398 567 3450 couvenerant
586 3392 693 3450 milites
705 3408 805 3450 earum
825 3391 1110 3452 Nabuchodonosoro
1130 3390 1451 3450 matremfamilias

376 3490 480 3551 dorum
501 3505 610 3565 regem,
631 3492 683 3564 qui
707 3489 745 3548 ab
765 3506 799 3548 eo
819 3489 974 3548 ducuerat.
995 3489 1075 3547 Haec
1094 3491 1194 3548 omnia
1208 3488 1395 3561 clarescunt,
1415 3489 1450 3544 si·

371 3586 487 3662 quidem
508 3587 632 3662 legimus
658 3589 690 3644 in
709 3589 821 3664 graecis
841 3585 989 3646 codidbus
1015 3588 1169 3661 maxime,
1192 3584 1328 3644 eamdem
1354 3582 1450 3642 Nabu-

373 3685 618 3762 chodonosorum,
639 3694 672 3745 ut
685 3690 776 3746 sensit
790 3686 923 3746 Ariaaad
938 3702 1035 3760 regern
1048 3685 1223 3758 deodvisse,
1249 3698 1377 3757 eumque
1403 3697 1452 3756 pu·

370 3799 460 3859 gnam
479 3785 597 3858 parasse
616 3792 718 3844 eontra
737 3801 789 3860 se,
818 3787 931 3844 misisse
950 3785 1073 3842 nuncios
1096 3783 1135 3840 ad
1156 3797 1257 3840 omues
1280 3780 1446 3854 provincias

372 3883 486 3957 imperii
505 3885 578 3959 sui,
600 3887 699 3959 eisque
718 3883 897 3958 mandasse,
918 3889 952 3942 ut
978 3885 1167 3940 eonvenirent
1186 3881 1224 3939 ad
1250 3877 1448 3954 praeliandum

372 3989 476 4040 eontra
496 3981 646 4057 Mfaxad,
667 3999 792 4058 quarum
805 3983 917 4040 incolae
930 3997 1030 4040 omnes
1043 3997 1103 4040 uno
1115 3995 1175 4052 ore,
1192 3983 1280 4054 jussu
1294 3979 1372 4052 regis
1384 3991 1447 4034 eon-

372 4084 493 4156 tempto,
509 4096 567 4138 non
585 4086 784 4138 convenerunt
802 4095 869 4138 eum
889 4095 924 4138 eo
940 4081 972 4138 in
986 4079 1107 4153 bellum,
1119 4079 1259 4152 qnoniam
1275 4091 1337 4134 non
1351 4076 1447 4132 timue

372 4183 441 4242 runt
453 4195 541 4253 enan,
564 4179 615 4236 sed
627 4185 692 4236 erat
710 4193 809 4236 coram
821 4180 864 4236 eis
883 4179 968 4253 quasi
988 4179 1035 4235 vir
1048 4175 1200 4252 aequalis,
1221 4175 1446 4245 remisernutquc

370 4279 493 4336 nuncios
512 4292 622 4336 vaaros
640 4279 671 4336 in
686 4276 856 4336 dedecores
874 4275 948 4334 faeie
967 4291 1077 4336 eorum.
1101 4272 1178 4348 Quid
1195 4285 1266 4349 ergo
1283 4271 1379 4334 innuit
1391 4267 1442 4326 hoc
