3094 5184
563 407 728 459 ..13-

107 535 136 578 se
160 517 421 594 angustiaverunt,
447 520 477 574 et
497 513 677 576 ahstulenmt
693 513 807 574 labores
829 527 940 574 eorum.
964 512 1102 575 videntes
1114 522 1176 578 tur·

105 615 253 674 habuntur
264 615 368 672 timore
381 611 523 688 terribili,
546 613 767 672 etmirabuntur
778 614 810 672 in
822 612 996 672 subitatione
1015 615 1177 690 imperatae

104 712 226 787 salutis,
246 710 373 770 dicenoes
387 711 465 770 intra
488 726 540 786 se,
564 713 771 787 poenitentiam
791 717 935 788 agentes,
952 717 982 771 et
1000 727 1070 786 praa
1084 727 1177 789 angu-

105 809 292 885 stiaspiritus
317 813 548 885 gementesetc.»
572 808 651 868 llaec
661 808 697 868 de
708 808 829 868 Philone
849 811 985 886 aegyptio
994 811 1078 868 satis.

155 905 185 982 s.
206 905 259 966 IV.
293 904 377 965 liano
404 911 528 966 aetatm
554 909 760 984 praetergressi
791 906 945 966 incidimus
973 908 1004 966 ln
1017 911 1178 966 ·vetmturu

104 1002 298 1064 hebraeorum
322 1001 430 1062 librum
450 1002 561 1080 Mauo,
585 1003 622 1064 de
644 1004 915 1080 quosupradlxl,
941 1002 996 1062 suh
1010 1002 1118 1064 saeculi
1134 1019 1178 1062 sc·

104 1102 195 1162 cundi
213 1101 301 1160 ilnem
315 1141 324 1176 ,
347 1105 381 1159 ut
393 1100 483 1176 vulgo
502 1099 646 1177 habetru,
665 1101 832 1160 conflatum.
862 1101 926 1160 lloo
938 1115 1024 1176 porro
1037 1103 1178 1176 scriptum

104 1201 251 1258 mosaicae
269 1197 458 1274 legislationis
471 1199 721 1273 interpretationes
740 1200 837 1258 varias
857 1215 873 1257 e
894 1197 1040 1258 veteribus
1064 1197 1180 1258 scholae

103 1295 260 1356 hebraicae
281 1295 428 1370 magistris
450 1295 585 1354 collectos
609 1297 696 1371 capit.
723 1294 834 1354 Ibidem
852 1295 994 1354 nonnullo
1010 1296 1178 1356 inseruuttu

107 1391 1178 1470 exldaohabneorumhistoria.lnTractatu·Deprincipioanni·cap.111.

108 1497 143 1553 ut
152 1489 232 1567 apud
238 1485 447 1549 Surenhusium
460 1489 512 1572 (1),
523 1489 579 1550 hoc
589 1490 727 1551 effertur:
745 1516 758 1542 a
767 1489 1088 1552 Sexmensihusnuncti
1100 1506 1180 1568 egre-

105 1588 289 1663 diebmtur3
322 1602 421 1646 mense
437 1586 530 1648 Nisan
548 1595 663 1664 propter
683 1589 813 1664 Pascha,
844 1593 873 1647 et
894 1604 993 1646 mense
1011 1588 1110 1648 llislev
1128 1604 1181 1665 pro

105 1688 183 1748 testo
204 1687 320 1752 ithiiii
342 1685 482 1750 Gdoauco
501 1689 522 1745 i.
542 1702 568 1745 e.
587 1685 775 1746 dedicationis
791 1685 891 1761 templi
909 1710 941 1761 n,
960 1684 1037 1764 quod
1050 1693 1181 1762 tempore

109 1785 232 1848 hiemali
255 1803 273 1848 a
293 1785 477 1848 Mechabacis
499 1787 665 1845 instituam
678 1783 758 1860 fuit,
781 1782 1052 1860 (utexEuangelio
1068 1799 1182 1861 quoque

110 1887 223 1946 emitur
239 1884 278 1962 ),
311 1885 427 1962 quando
455 1885 718 1962 praestantissimus
747 1880 838 1942 iudas
869 1880 1098 1958 Hasmonaeus,
1128 1897 1180 1944 seu

107 1981 305 2044 Machahaeus
327 1985 397 2043 vicit
415 1983 502 2042 duces
516 1981 672 2056 Antiochi,
695 1980 855 2056 profligatis
872 1980 1013 2039 ndlitihus
1030 2021 1039 2055 ,
1059 1985 1089 2038 et
1105 1979 1178 2042 urbe

109 2086 300 2156 recuperata,
326 2080 467 2155 templum
491 2094 605 2156 quoque
627 2079 814 2154 repurgavit,
843 2076 953 2134 idolum
982 2078 1129 2153 excussit,
1153 2081 1182 2136 et

110 2195 195 2242 aram
214 2194 282 2239 cnm
299 2179 406 2255 templo
426 2194 527 2239 rursus
545 2176 701 2236 dedicarit.
724 2175 767 2234 De
786 2175 893 2234 eisdem
905 2173 1091 2234 Machahaets
1099 2174 1180 2235 aliud

107 2279 306 2336 testimonium
319 2281 420 2353 patens
439 2293 475 2335 ex
493 2274 595 2346 eadem
606 2273 706 2333 Mero
724 2272 829 2348 legitur
842 2273 1008 2330 inuocato
1022 2269 1180 2330 ·Dernen·

108 2375 187 2434 suris
206 2389 271 2452 cap.
284 2371 336 2434 VI.
347 2389 378 2432 n.
390 2381 420 2432 t.
433 2372 470 2449 (a)
487 2373 654 2450 dequatuor
670 2368 857 2430 conclavibus
872 2368 992 2444 templi,
1014 2369 1077 2428 uit:
1102 2391 1115 2419 α
1131 2367 1178 2430 Ad

110 2449 249 2531 occasum
268 2470 430 2530 brumalem
445 2471 500 2529 erit
517 2468 654 2528 conclave
674 2481 816 2545 agnorum
835 2465 1009 2543 oblationls;
1031 2465 1070 2528 ad
1082 2470 1181 2528 ortum

113 2567 278 2628 brumalem
301 2567 438 2628 conclave
465 2565 580 2626 Panum
598 2567 801 2643 propositionis
825 2573 876 2635 nn
892 2573 1022 2636 ntrrpp
1039 2573 1184 2633 mmm

115 2673 165 2769 pii
183 2648 275 2736 '250
291 2675 463 2761 Uihptitti
477 2672 605 2736 urrurr
626 2671 712 2737 'inti
736 2679 792 2737 nrt
816 2677 990 2739 tartham
1020 2678 1079 2738 u:
1105 2677 1178 2736 itii

113 2745 162 2832 rb
177 2773 278 2835 trun
292 2775 380 2835 nur
396 2774 532 2834 turtur
549 2775 601 2834 ru
617 2774 768 2834 aarum
784 2773 921 2832 ntithi
934 2811 944 2846 ,
959 2770 981 2829 r.
996 2784 1023 2829 e.
1039 2767 1184 2830 monum

113 2869 258 2928 arsurum
284 2865 439 2944 (conclave)
463 2870 494 2928 in
516 2883 551 2928 eo
573 2868 751 2946 collegerunt
778 2867 834 2928 itu
858 2868 1101 2928 hasmonaeoruru
1115 2865 1186 2943 lapi·

115 2965 169 3024 des
194 2966 322 3043 altaris,
354 2965 433 3043 quod
449 2965 639 3042 profanarent
675 2981 757 3043 reges
791 2964 950 3042 Graeciae,
982 2965 1021 3026 ad
1050 2979 1187 3024 occasum

116 3063 251 3140 (denique
271 3066 415 3124 ambrum
433 3063 604 3140 conclave),
627 3079 644 3122 e
666 3077 724 3139 quo
741 3065 773 3122 ln
789 3062 926 3122 balneum
938 3061 1179 3123 descendebant.»

119 3186 134 3214 ι
155 3160 236 3220 llaec
253 3160 362 3238 verba,
384 3162 428 3221 ait
444 3159 656 3236 Surenhusius,
687 3161 804 3220 eninm
831 3159 996 3236 Scripturas
1016 3159 1081 3217 looo
1107 3156 1182 3218 reie-

117 3257 210 3318 renda
223 3264 331 3335 erunt,
351 3257 409 3318 nisi
425 3257 576 3318 seeuddis
596 3259 725 3335 marciae
742 3257 879 3334 regibus,
901 3257 954 3334 qui
971 3256 1010 3315 ab
1026 3253 1187 3318 Alexandri

120 3354 225 3432 hlagni
251 3355 332 3416 obitu
360 3371 483 3433 regnum
512 3371 598 3415 suum
621 3355 653 3412 ln
683 3353 769 3432 Syria
789 3352 997 3414 stabilierunt?
1027 3349 1118 3412 Sicuti
1138 3350 1188 3412 hic

118 3452 257 3530 loquendi
272 3452 376 3514 modus
390 3455 423 3512 in
440 3451 523 3512 libris
533 3451 776 3512 Machabaeornm
788 3456 921 3511 seruetur
930 3451 1040 3527 passim
1052 3491 1062 3526 ,
1085 3449 1187 3526 siquis

118 3550 223 3626 capitis
238 3551 325 3628 primi
341 3549 431 3610 uerba
449 3551 602 3627 inspiciet,
620 3554 650 3609 et
666 3552 793 3610 mamma
812 3550 867 3610 hos
885 3547 1044 3608 versiculos
1066 3553 1119 3606 do.
1133 3554 1184 3609 47.

117 3646 221 3708 iliano
237 3647 414 3710 illustrantes
430 3647 579 3724 conterat,
600 3663 674 3726 quoa
692 3664 728 3710 ea
746 3648 783 3708 de
800 3663 889 3708 eausa
909 3647 968 3707 huc
990 3643 1185 3707 transcriben-

118 3744 174 3804 dos
196 3744 287 3805 duxi:
316 3775 329 3790 ·
342 3745 379 3806 itt
402 3746 541 3824 nogium
561 3744 653 3806 ludas
670 3745 707 3804 da
724 3747 810 3805 alten
827 3744 1084 3821 holocaustorum,
1111 3741 1191 3819 quod

117 3842 307 3920 profanatum
329 3849 409 3918 erat,
430 3841 557 3921 quidde
576 3858 612 3903 eo
629 3842 754 3918 bearet,
780 3849 810 3902 et
833 3842 936 3902 incidit
955 3841 1014 3902 illia
1032 3840 1187 3902 consilium

119 3938 250 4015 bonurn,
270 3944 305 4000 nt
322 3939 481 4000 dmtrueret
500 3939 592 4016 illud,
613 3955 651 3998 ne
667 3939 742 4000 torte
760 3939 819 4000 illis
842 3945 917 4000 emet
933 3942 964 3999 in
986 3938 1185 4015 opprobrium,

120 4040 193 4114 quin
215 4039 486 4098 conbrninaverunt
505 4037 579 4097 illud
598 4043 717 4115 gentes,
747 4042 777 4097 et
802 4037 931 4098 demoliti
953 4041 1025 4098 sunt
1042 4033 1139 4111 iilud,
1159 4038 1190 4092 et

119 4139 313 4211 reposuerunt
327 4134 458 4214 lapides,
480 4134 556 4196 idest
573 4135 673 4194 alaris
693 4137 905 4209 contaminati,
926 4139 957 4193 et
974 4131 1133 4208 dsahucti,
1154 4131 1188 4190 in

163 4343 200 4407 (1)
217 4345 246 4396 ln
262 4347 341 4398 Mune
358 4345 419 4398 tom
437 4353 459 4398 2.
480 4359 505 4411 p.
527 4351 580 4398 ³15.
604 4369 634 4386 -
656 4345 692 4410 (2)
711 4345 844 4400 susanne
857 4345 951 4398 tonat¹
963 4357 988 4408 p.
1000 4349 1055 4404 itt.
1137 4387 1140 4394 .
