3094 5176
553 383 713 438 ...71-

85 507 126 552 ex
144 507 181 552 eo
199 489 276 554 libro
291 490 537 570 quemadmodum
550 508 568 552 e
579 495 684 556 onus
704 494 828 556 onustis
841 491 943 556 bisbis
961 507 1168 573 qnamumqus

85 589 320 654 institutionibus
343 592 405 652 suis
424 595 494 668 apta
508 590 640 668 ummo,
662 592 707 654 nii
727 591 856 654 seeundo
877 598 961 670 parte
979 608 1062 669 prop.
1081 609 1106 656 ι.
1130 594 1169 658 de

87 689 179 766 huius
195 691 314 766 seriptis
335 689 470 754 noun

126 785 197 846 Pari
215 788 329 851 radone
346 786 559 849 mownuends
580 786 673 849 altera
690 789 791 864 opinio
808 804 931 865 aarum,
952 791 1005 866 qui
1021 805 1083 851 non
1097 789 1166 852 Phi·

86 885 186 944 ionem
205 883 277 962 cajo
294 883 410 946 Caesari
423 884 575 962 aequom
588 887 750 961 subiiciunt
762 884 916 962 sapientae
927 893 1099 965 apamen,
1113 889 1168 950 sed

84 982 181 1046 adnm
205 981 359 1046 Philonem
388 984 543 1048 unhrain.
565 982 609 1044 ne
634 982 808 1060 hoeporro'
825 983 968 1062 Pnums;
997 987 1050 1062 qui
1069 989 1169 1048 ssobr

84 1080 293 1160 dieimr‚ante
313 1080 422 1142 Christi
436 1080 620 1158 ianuaque
638 1097 746 1146 armni
764 1085 861 1159 vimi,
886 1082 940 1148 sed
960 1081 1010 1146 iiie
1030 1083 1167 1149 obuiam

85 1179 222 1258 religion
243 1179 378 1242 addictus
397 1181 504 1258 iegitur
525 1182 558 1242 in
574 1179 694 1245 aaron.
708 1181 829 1260 losepbi
849 1182 945 1245 Flavii
960 1190 1066 1244 eontra
1078 1183 1168 1261 Apio·

85 1294 176 1359 nem,
195 1280 279 1356 isque
297 1280 373 1338 inter
398 1278 552 1339 histodeos
575 1279 714 1356 profanos
739 1287 911 1342 numeratio
933 1280 973 1344 ab
994 1281 1107 1345 eodem.
1136 1279 1169 1344 si

85 1377 130 1437 ita
149 1393 197 1437 res
215 1382 279 1454 est,
300 1377 387 1437 iaoiie
404 1379 537 1454 argubium
555 1393 624 1437 eum
645 1394 705 1438 non
722 1393 785 1438 esse
804 1376 872 1438 libri
887 1377 1051 1455 Sapientiae
1069 1385 1170 1440 ouon

85 1491 162 1534 reor.
193 1473 298 1536 Noster
320 1477 399 1534 enbn
424 1474 544 1535 divinus
564 1478 689 1553 scriptor
717 1493 804 1536 omne
825 1475 1029 1542 idololathfiae
1056 1493 1167 1555 genus,

85 1579 240 1650 nmquam
262 1588 325 1633 rem
347 1571 566 1634 stolidissimum
579 1573 717 1650 despuit,
734 1573 908 1652 judaeorum
921 1573 1035 1634 auitum
1046 1591 1170 1652 prorsus

84 1671 241 1750 gentilium
262 1673 460 1748 superstitioni
481 1672 628 1749 praefert,
651 1672 926 1762 israeliiostuntum
945 1673 999 1734 Dei
1020 1673 1162 1754 populum

85 1771 241 1845 nominat,
262 1775 292 1830 et
316 1769 450 1846 perhibet
466 1785 499 1830 se
509 1785 547 1830 ex
560 1769 677 1848 iudaeis
690 1777 787 1831 ortum
806 1787 889 1848 esse,
909 1771 1010 1832 dicens
1028 1787 1057 1833 c.
1079 1789 1164 1833 xrr.:

90 1893 105 1920 α
117 1869 156 1928 Ei
172 1873 305 1928 auctores
318 1873 454 1944 porean
465 1869 630 1956 auianum
648 1869 889 1929 inauxiliatarum
906 1869 1027 1945 perdere
1044 1869 1166 1933 voluisti

84 1981 140 2043 per
160 1980 265 2025 manus
285 1971 438 2042 parentum
460 1967 638 2026 nostrorum.
654 1990 668 2018 ι
691 1967 748 2030 Hie
760 1982 848 2043 porro
867 1966 953 2027 Philo
972 1969 1167 2030 videturesse

80 2065 122 2124 de
140 2081 200 2142 qno
217 2063 290 2124 dieii
308 2065 505 2144 Hieronymus
527 2065 560 2124 in
576 2063 702 2144 Prologo
723 2065 806 2126 libris
824 2065 1010 2144 suenonis,
1028 2069 1165 2143 quamvis

80 2163 226 2242 judaeum
242 2170 351 2242 'genere
367 2169 473 2224 voest:
501 2163 565 2224 «Et
586 2163 737 2241 nonnulii,
751 2167 814 2241 ait,
830 2167 1006 2241 scriptorum
1033 2170 1167 2225 veterum

86 2261 170 2322 buno
189 2275 252 2320 osse
267 2259 369 2337 judaei
390 2260 523 2320 Philonis
547 2259 736 2322 affirmant.»
759 2260 816 2322 Sed
842 2268 990 2323 notatores
1018 2261 1058 2340 (i)
1084 2260 1167 2323 Mau·

86 2361 147 2420 rini
164 2360 196 2418 ln
219 2375 309 2436 opera
333 2359 397 2420 divi
417 2360 590 2439 Hieronymi
617 2360 656 2420 ad
683 2363 805 2421 citatum
826 2360 955 2421 doemris
980 2359 1099 2437 locum,
1121 2376 1167 2421 ar·

10 2533 11 2536 Ἴ
86 2464 185 2536 gaunt
202 2457 338 2518 uberum
356 2457 395 2518 ab
411 2459 493 2518 omni
508 2459 640 2524 resiniis
658 2459 774 2538 speon,
794 2461 846 2536 qui
869 2457 1023 2518 Philonem
1048 2437 1168 2520 alman-

85 2553 207 2618 &mum
220 2555 270 2616 bio
282 2557 366 2618 mani
379 2562 501 2634 putant:
520 2556 661 2616 «Etenim
678 2556 771 2617 multo
789 2563 834 2618 est
858 2556 944 2618 Philo
963 2559 1038 2633 isio,
1059 2558 1108 2618 oni
1130 2555 1166 2617 ir-

86 2655 143 2714 ber
164 2653 329 2732 Sapientiae
345 2661 497 2732 nmquam
509 2655 642 2733 aaran,
660 2654 707 2716 vel
722 2655 826 2716 saltem
839 2657 990 2732 interpreti
1001 2655 1168 2732 tribuatur,

9 2753 10 2756 ’
87 2754 256 2831 antiquior,
270 2759 374 2830 utpote
385 2755 438 2831 qui
451 2753 491 2815 ab
504 2753 674 2815 Alexandro
685 2753 888 2834 Polybotos,
902 2755 953 2830 qui
967 2751 1060 2814 Lusio
1071 2749 1170 2814 Sullae

86 2851 269 2929 temporibus
290 2853 385 2929 vuit,
406 2851 564 2929 laudatur,
584 2859 619 2915 ut
634 2851 706 2912 dicit
725 2851 868 2914 Eusebius
893 2851 944 2928 (a).
969 2851 1168 2930 Hieronymus

86 2965 161 3010 vero
180 2949 341 3027 appellavit
354 2949 497 3027 judaeum
510 2957 614 3012 eontra
631 2954 827 3028 senientiam,
846 2951 985 3027 videtur,
1008 2949 1125 3026 Flavii3
1138 2955 1170 3010 et

87 3049 154 3124 ejus
175 3049 271 3126 gean
292 3063 359 3108 eom
379 3046 491 3124 inisse,
514 3047 691 3124 persuadent
715 3055 888 3125 argumenta
912 3047 1075 3124 librorum,
1095 3063 1171 3125 qnae

86 3147 249 3223 bernolt,
270 3152 305 3206 ut
326 3151 371 3206 est
389 3144 537 3206 iilud-Ile
563 3145 693 3223 Regibus
720 3143 1037 3205 hebraeorum-Porro
1059 3143 1168 3205 librom

88 3241 258 3320 Sapientiae
274 3259 294 3304 a
313 3246 426 3304 seniore
443 3245 501 3304 isto
521 3242 644 3304 Philone
662 3249 817 3302 ernanum
835 3259 918 3319 esse,
938 3243 983 3302 uti
1002 3243 1045 3302 ait
1067 3241 1169 3302 Hiero-

86 3355 222 3419 nymus,
243 3341 402 3404 nonnuiloe
423 3341 601 3419 scriptorum
617 3345 748 3400 vennam
762 3345 900 3417 putasse,
917 3341 1018 3402 minus
1033 3345 1079 3398 est
1092 3341 1169 3400 seri·

86 3439 206 3516 simiis,
232 3455 323 3518 qaam
347 3438 427 3517 quod
451 3438 540 3500 babet
560 3438 651 3517 vulgo
679 3445 796 3516 reoeptu
825 3439 989 3514 sananda,
1017 3435 1170 3514 eoiieffisse
1244 3425 1247 3432 ’

84 3555 159 3598 eum
181 3545 318 3616 mnium,
341 3545 430 3616 etque
457 3536 661 3615 dmoripsisse,
695 3543 725 3598 et
751 3538 920 3614 exposuisse
937 3535 1022 3596 illum
1041 3534 1170 3596 liberiori

89 3638 379 3714 intorpretauone‚»
405 3635 652 3714 quenadmodum
670 3643 701 3698 ot
722 3635 779 3696 hoe
798 3635 909 3713 placuit
931 3635 1048 3695 Hnetio.

130 3733 286 3811 Ceterum,
307 3735 427 3796 iraditio
450 3734 610 3811 hebraea,
635 3742 667 3795 et
689 3733 851 3796 christiana
871 3748 977 3811 purum
997 3731 1084 3793 nobis
1107 3731 1170 3792 sui·

86 3835 226 3911 fragatnr
248 3836 328 3894 anea
358 3840 483 3895 amtem
502 3842 533 3895 et
552 3851 659 3896 nomen
682 3833 782 3910 iiiios,
806 3835 858 3912 qui
881 3833 1033 3910 hocopus
1053 3847 1170 3894 nerum

87 3931 223 4010 perimi.
249 3931 293 3992 De
312 3937 406 3992 senta
426 3931 588 4010 quidquam
606 3934 736 3992 numus
756 3947 794 3990 ex
816 3930 905 4009 stilo,
927 3930 972 3992 ud
996 3930 1084 4008 paulo
1102 3933 1178 3988 anta·-

86 4029 231 4090 diximus.
254 4027 367 4090 ructu
395 4043 485 4105 vero,
511 4031 575 4088 sive
597 4031 643 4107 is,
673 4030 726 4106 qui
755 4027 1001 4104 pannonios
1028 4028 1170 4102 scriptum

132 4259 168 4322 (i)
184 4259 283 4310 Hieron.
300 4261 483 4324 ton.1x.pag.
497 4267 564 4310 ines.
585 4258 645 4308 edii.
665 4261 754 4309 veron.
773 4283 803 4298 -
819 4257 855 4322 (a)
874 4257 961 4313 hiiah
986 4259 1071 4320 Praep.
1086 4258 1163 4306 bran

90 4341 137 4391 iib.
155 4341 197 4390 11.
