3070 5180
808 409 861 438 '···
881 411 979 454 xxxlv
1000 427 1040 440 ···-

388 507 603 618 indigenae
624 506 887 605 conformari,
916 535 1000 615 quo
1028 523 1164 616 gentes
1181 508 1278 588 illue
1298 511 1476 618 emigra·-

389 660 509 740 runt,
540 670 662 749 quam
680 640 844 748 eloquio
863 641 1103 750 primigenio
1122 703 1131 740 ,
1156 645 1270 752 cujus
1286 646 1476 752 proprie-

388 793 487 861 tates
505 777 621 856 novis
640 775 771 856 alteris
791 776 1123 876 institutionibus,
1144 779 1208 856 vel
1226 779 1381 887 legibus
1399 781 1480 858 im-

390 928 563 990 mutatae
585 926 696 1005 sunt,
718 937 788 988 seu
807 928 1059 989 evanuerunt
1075 911 1256 990 omnino.
1281 913 1371 992 Hoc
1388 914 1479 1020 pla-

392 1071 442 1122 ne
475 1041 640 1122 effertur
664 1070 715 1121 ex
746 1041 945 1122 hodierno
976 1044 1167 1124 hebraico
1201 1045 1478 1126 rabbinorum

391 1171 573 1256 sermone
595 1239 604 1273 ‚
630 1176 745 1284 cujus
763 1174 917 1255 indoles
944 1193 1031 1255 toto
1054 1177 1167 1258 coelo
1188 1179 1311 1259 variat
1333 1206 1355 1258 e
1374 1181 1477 1258 Pro-

391 1312 627 1419 phetarum,
653 1337 699 1388 ac
718 1337 922 1388 sacrorum
941 1311 1111 1388 aliorum
1130 1313 1369 1418 scriptorum
1386 1311 1478 1390 elo-

393 1446 505 1552 qui0.
536 1447 597 1522 De
611 1470 847 1551 graecorum*
867 1443 1005 1550 lingua
1030 1444 1155 1541 sileo,
1177 1471 1282 1550 quae
1308 1441 1476 1524 easdem

394 1578 583 1656 sustinuit
601 1577 726 1673 vices,
744 1578 925 1684 priorum
939 1595 1148 1657 auctorum
1166 1606 1346 1658 sermone
1363 1605 1479 1683 grae-

395 1738 444 1789 co
464 1709 607 1789 collato
630 1737 722 1788 cum
749 1711 958 1818 postremis
983 1711 1258 1818 scriptoribus.

450 1845 608 1922 Praeter
641 1843 780 1922 aetatis
805 1841 1060 1942 distantiam,
1090 1845 1271 1924 locorum
1299 1871 1474 1952 quoque

395 1993 453 2057 est
479 1974 831 2056 animadvertenda
856 1979 1023 2056 varietas
1049 1974 1100 2057 de
1126 1978 1364 2085 cujusquam
1392 1977 1474 2056 lin-

397 2139 498 2217 guae
531 2112 747 2190 verborum
777 2139 867 2190 usu.
903 2110 991 2188 Hoc
1016 2110 1215 2217 excipitur
1246 2095 1394 2219 partim
1427 2112 1474 2189 in

398 2244 547 2324 divinis
568 2245 833 2326 hebraeorum
854 2243 988 2342 libris,
1020 2244 1091 2323 ubi
1113 2245 1272 2351 exurgit
1291 2245 1475 2322 immuta-

396 2378 454 2456 tio
477 2378 613 2486 aliqua
632 2405 717 2456 non
736 2377 952 2457 verborum
975 2393 1154 2475 tantum,
1183 2404 1322 2455 verum
1350 2377 1474 2456 etiam

397 2510 721 2619 significationis,
752 2512 836 2588 sive
872 2511 979 2618 ipsos
1013 2511 1055 2589 in
1082 2509 1291 2617 Aegypto,
1324 2537 1397 2590 seu
1427 2511 1474 2587 in

376 2643 619 2748 vPalaestina
644 2643 706 2750 vel
733 2645 839 2722 inter
870 2644 1040 2749 assyrios
1067 2643 1245 2751 captivos
1274 2643 1476 2750 conspici·

398 2805 488 2857 mus
522 2775 738 2883 degentes,
770 2776 841 2855 ubi
867 2776 1042 2883 regionis
1074 2773 1280 2874 conditio,
1315 2775 1359 2854 in
1386 2804 1475 2883 qua

399 2911 661 2991 morabantur
692 2909 856 3017 judaei,
892 2909 1107 3018 objicitur,
1142 2927 1182 2990 et
1208 2910 1345 3017 lingua
1377 2909 1475 3018 plus

399 3044 573 3152 magisve
595 3043 749 3124 diversa
772 3061 859 3122 tum
884 3025 1035 3123 eisdem
1055 3044 1099 3121 in
1120 3042 1347 3140 vocabulis,
1378 3069 1474 3122 eum

400 3206 540 3258 eorum
575 3177 875 3286 significatione.
907 3178 1018 3259 Idem
1042 3176 1198 3256 dicatur
1229 3156 1280 3258 de
1311 3205 1477 3285 graeco·

353 3334 356 3340 ·
401 3339 491 3391 rum
514 3312 679 3420 lingua,
701 3339 806 3420 quae
825 3313 944 3421 juxta
970 3311 1112 3409 urbes,
1131 3311 1194 3390 vel
1215 3311 1472 3420 provincias,

401 3445 474 3526 ubi
496 3444 648 3526 radices
675 3444 789 3544 fixit,
823 3447 1086 3554 proprietates
1113 3472 1291 3552 quoque,
1314 3445 1473 3544 amisit,

401 3606 471 3656 seu
487 3581 746 3686 permutavit,
768 3607 870 3687 quas
886 3607 959 3658 sua
980 3579 1023 3658 in
1046 3579 1202 3686 origine
1219 3579 1357 3658 sortita
1370 3598 1473 3678 erat;

404 3726 450 3790 ut
470 3713 642 3820 exempli
661 3714 808 3821 gratia,
833 3710 1026 3792 dialectos
1038 3739 1178 3819 graeca
1197 3708 1474 3811 alexandrina,

402 3871 508 3950 quae
523 3845 743 3952 plurimum
763 3844 961 3925 aberravit
982 3874 1004 3925 a
1023 3845 1163 3925 ceteris
1179 3837 1336 3951 jonica}
1360 3860 1402 3924 et
1424 3860 1478 3924 at·

382 3977 492 4064 ,tica
525 3977 634 4058 Alibi
657 3976 707 4058 de
729 3981 804 4058 hae
823 4005 867 4058 re
885 3996 1115 4087 opportune
1135 4005 1308 4086 agemus.

455 4114 702 4220 investigatis
727 4115 878 4194 interea
903 4130 1056 4210 aetate,
1086 4131 1126 4192 et
1148 4113 1271 4210 loeis,
1303 4112 1376 4191 ubi
1401 4113 1475 4191 ho-

402 4248 528 4328 mines
562 4245 884 4354 eloquebantur,
914 4247 977 4325 vel
1004 4245 1261 4343 scribebant,
1292 4263 1338 4324 ut
1367 4272 1475 4324 oom-
