3094 5184
784 315 944 366 ...10—

326 420 478 502 Propbeta
496 435 685 498 conoessum,
715 429 749 482 ut
771 421 862 484 altero
890 422 954 482 loco
973 421 1059 498 dixi,
1080 423 1218 500 clarum,
1246 439 1282 484 ac
1294 424 1399 486 stabile

325 521 464 598 praebent
490 523 703 596 testimonium,
725 518 863 597 Spiritum
882 519 1050 596 prophetiae
1058 537 1219 598 nunquam
1239 524 1271 580 in
1290 523 1400 597 populo

325 618 449 678 hebraeo
477 619 605 678 desiisse.
638 617 916 677 Deutero-Canonici
945 633 1014 694 ergo
1033 621 1187 693 scriptores
1206 618 1399 678 hebraeorum

326 716 445 776 fuerunt
462 716 602 776 divinitus
621 718 774 792 inspirati,
795 718 881 776 sicuti
895 714 1135 775 Proto-Canonioi
1148 733 1240 793 usque
1256 717 1295 776 ad
1311 717 1402 776 Joan-

326 831 395 874 nem
413 815 575 889 Baptistam
593 857 602 890 ,
623 817 673 892 qui
691 815 748 874 fuit
766 814 977 890 Prophetarum
990 813 1131 890 ultimus,
1152 820 1182 874 et
1194 816 1266 874 novi
1280 814 1404 876 foedes

325 914 519 989 principium,
540 919 574 972 ut
594 915 635 972 aii
654 911 793 990 Origenes
811 911 939 972 llomilia
955 911 1050 970 XXII.
1066 915 1098 971 in
1111 912 1190 971 hunc
1204 912 1313 973 locum.
1339 914 1403 987 Qua

325 1025 394 1088 ergo
412 1009 535 1069 audacia
546 1027 584 1070 ex
597 1009 736 1070 historico
755 1009 880 1071 hebraeo
894 1011 979 1086 argui
989 1015 1083 1085 potest
1097 1009 1135 1068 ab
1148 1009 1337 1086 adversariis,
1353 1013 1402 1086 ju·

323 1108 462 1168 docorum
470 1111 577 1185 scripta
589 1113 655 1184 post
667 1107 839 1168 Artaxerxis
853 1123 975 1184 aevum,
996 1109 1138 1168 minorem
1149 1114 1178 1168 et
1190 1125 1252 1169 non
1266 1108 1402 1168 diuinam

325 1206 501 1282 praeseferre
520 1209 722 1266 auctoritatem
735 1206 773 1282 (tl
787 1207 801 1264 i

365 1302 496 1381 Octavo,
520 1304 663 1381 Josephus
690 1304 767 1363 idem
796 1319 864 1364 eom
890 1309 958 1364 ante
978 1303 1128 1379 praedicta
1145 1305 1237 1364 rerba
1256 1306 1404 1366 innuisset

325 1401 496 1477 Prophetas,
517 1402 690 1478 sacerdotes,
710 1407 740 1461 et
759 1401 831 1460 alios
850 1404 1020 1478 scriptores,
1041 1419 1088 1460 res
1102 1408 1212 1481 gestas,
1233 1417 1404 1462 monumen·

324 1505 411 1575 taque
418 1501 518 1576 populi
526 1501 716 1561 hebraeorum
725 1500 889 1576 collegisse,
907 1507 936 1560 et
946 1501 1100 1560 tradidisse
1112 1502 1273 1576 posteritati
1286 1517 1402 1560 summo

324 1598 421 1657 studio
434 1598 471 1657 ad
484 1599 530 1658 sui
541 1605 665 1660 aetatem
677 1615 770 1676 usque
783 1641 792 1675 ,
814 1599 921 1659 ibidem
933 1599 1082 1676 subjungit
1095 1585 1212 1658 eosdem
1225 1598 1400 1674 Prophetas,

327 1701 356 1754 et
375 1695 525 1770 pontifices
532 1738 542 1770 ,
566 1697 671 1771 quibus
685 1698 745 1756 hoo
754 1713 861 1757 munus
874 1697 1045 1758 mandatum
1058 1701 1140 1772 erat,
1154 1713 1191 1756 ex
1205 1696 1308 1755 divina
1321 1712 1402 1755 reve-

325 1792 436 1852 latione
459 1809 505 1852 res
526 1796 915 1872 comeripsisseubicumque
935 1798 991 1871 ipsi
1013 1795 1141 1870 fuerint,
1161 1801 1233 1870 puta
1255 1796 1290 1852 in
1306 1792 1403 1871 Aegy·

324 1897 401 1967 pto,
432 1891 581 1969 Babylone
601 1899 631 1951 ct
650 1893 742 1969 alibi;
772 1893 895 1969 ideoque
914 1893 1051 1953 videntur
1070 1893 1148 1951 illius
1169 1893 1267 1951 diem:
1306 1916 1320 1943 α
1336 1892 1402 1951 Non

324 1996 422 2048 autem
431 1989 489 2048 lide
503 1989 592 2066 digna
604 1997 736 2066 reputata
750 1996 820 2050 sunt
829 1993 893 2066 pari
906 1992 961 2066 lis,
982 2007 1058 2066 quae
1071 1997 1157 2049 antea
1171 1989 1290 2048 luerunt
1303 2013 1317 2041 s
1341 2005 1402 2048 non

326 2089 445 2146 omnino
465 2087 624 2147 bibliorum
652 2089 844 2148 Deuterornm
873 2088 1020 2149 divinitati
1051 2085 1195 2162 officere,
1224 2086 1277 2145 sed
1303 2089 1401 2162 potius

324 2186 468 2260 quaedam
486 2192 588 2245 tenues
618 2203 681 2246 esse
712 2187 980 2246 animadversiones
999 2183 1247 2260 pharisaeorum,
1277 2187 1310 2242 in
1337 2185 1401 2260 qui·

323 2281 378 2342 bus
397 2289 484 2342 natus
504 2290 566 2343 erat
578 2291 607 2343 et
620 2285 739 2343 edoctus
758 2285 905 2359 Flavius,
926 2284 1056 2360 quicum
1070 2284 1248 2342 acommuni
1261 2280 1399 2340 hebraeo·

323 2395 389 2440 rum
409 2383 590 2439 institutione
611 2383 774 2456 variarent,
797 2381 853 2440 hoe
879 2397 994 2457 quoque
1013 2383 1089 2439 inter
1116 2395 1216 2440 sacras
1236 2378 1400 2455 Scripturas

323 2476 479 2536 discrimen
501 2481 658 2536 commenti
675 2486 754 2538 sunt.
789 2479 832 2537 De
859 2479 915 2537 hoc
934 2495 1021 2554 porro
1049 2478 1269 2554 pharisaeorum
1285 2478 1398 2554 judicio

323 2577 401 2634 circa
420 2575 575 2636 sacrarum
596 2576 810 2653 Scripturarum
823 2577 1021 2636 differentiam
1034 2575 1216 2638 nullomodo
1231 2582 1276 2635 est
1289 2578 1398 2635 miran-

322 2673 405 2749 dum,
426 2672 497 2732 dum
511 2675 634 2750 singulis
647 2680 726 2750 patet
740 2675 813 2734 alias
824 2677 1035 2751 etiamsectas,
1057 2690 1132 2750 quae
1140 2691 1200 2734 una
1211 2681 1280 2734 ante
1290 2673 1398 2733 Christi

321 2771 479 2830 advenhrm
499 2773 574 2830 inter
588 2771 727 2832 hebraeos
741 2775 925 2849 irrepserant,
948 2775 1141 2834 samaritanos
1154 2773 1285 2848 scillcet,
1306 2777 1336 2830 et
1351 2787 1395 2830 es-

324 2883 429 2943 senos,
463 2876 492 2928 et
519 2868 715 2946 sadducaeos,
747 2871 830 2930 aliter
850 2887 867 2930 a
887 2873 1054 2947 communi,
1074 2877 1104 2930 ct
1121 2883 1193 2930 vera
1210 2870 1346 2930 doctrina
1364 2869 1399 2930 de

322 2966 430 3026 divinis
453 2965 608 3043 Scripturis
631 2970 752 3044 sentire,
772 2971 907 3028 novimus
930 2970 1007 3027 enim
1027 2971 1235 3043 samaritanos,
1256 2983 1394 3043 essenm,

322 3080 356 3123 ac
376 3063 553 3124 sadducaeos
573 3067 665 3141 pluris
686 3065 780 3126 iacere
800 3070 928 3144 quinque
948 3067 1060 3144 Moysis
1082 3066 1194 3142 libros,
1215 3083 1307 3143 quam
1326 3066 1396 3125 alios

320 3161 555 3239 Prophetarum
576 3163 741 3239 parimodo
760 3166 902 3242 Flavius,
919 3171 1017 3241 utpote
1036 3163 1225 3241 pharisaeus,
1247 3165 1395 3226 esdrinum

322 3258 405 3319 illum
416 3258 631 3336 Scripturarum
645 3261 791 3322 &nonem
807 3279 876 3338 prae
890 3263 956 3322 aliis
971 3263 1086 3338 extulit,
1103 3277 1178 3339 quae
1193 3267 1311 3337 postero
1323 3267 1393 3320 tem·

323 3373 392 3433 pore
417 3357 454 3416 ab
473 3357 606 3418 hebraeis
620 3359 919 3435 descriptaefuemnt.
937 3360 1006 3420 Ideo
1025 3363 1179 3437 quisquam
1191 3359 1300 3418 viderit
1312 3357 1393 3418 nobis

320 3457 439 3514 minime
467 3457 604 3516 standum
627 3473 691 3517 asse
719 3459 814 3516 Flavii
833 3459 1020 3534 auetoritati;
1053 3473 1179 3534 namque
1210 3473 1272 3516 non
1306 3458 1393 3516 totiru

322 3559 351 3611 et
368 3555 522 3613 universae
546 3571 713 3632 synagogae
732 3557 773 3614 ibi
793 3557 931 3633 probatur
951 3557 1108 3632 doctrina,
1138 3555 1190 3614 scd
1208 3561 1325 3614 tantum
1345 3569 1393 3614 cu·

316 3648 435 3723 jusdam
466 3657 560 3710 sectae
595 3651 785 3712 hebraeorum
805 3697 814 3730 ,
849 3669 923 3730 quae
959 3655 997 3714 ab
1030 3655 1095 3713 aliis
1130 3654 1261 3730 ejusdem
1292 3653 1392 3712 aetatis

363 3851 398 3916 (ι)
413 3853 482 3911 Quae
501 3857 583 3906 autem
599 3857 647 3907 hoc
664 3856 719 3907 loeo
744 3859 769 3906 et
789 3857 848 3907 alibi
865 3857 972 3908 edissero
989 3869 1039 3906 non
1058 3858 1156 3907 tanturn
1171 3856 1258 3906 contre
1274 3853 1391 3905 hebraeus

323 3931 440 3984 vertenda
456 3936 523 3997 sunt,
545 3936 588 3986 sed
602 3936 720 3990 adversus
739 3937 795 3988 illos
815 3951 932 4000 quoque,
953 3937 997 4000 qui
1018 3936 1180 3988 hebraeorum
1199 3933 1337 3984 docuinam
1354 3945 1389 3982 se·

317 4013 378 4064 etati
395 4014 490 4064 malunt
507 4016 680 4074 traditionibus
701 4018 788 4080 vanis,
816 4020 841 4068 et
860 4017 963 4066 infirmis
993 4016 1141 4080 argumentis
1166 4014 1288 4078 obsequi,
1313 4025 1386 4076 quam

321 4093 442 4143 Ecclesiae
451 4095 620 4158 christanae,
641 4094 684 4145 ubl
698 4097 829 4159 redeunt,
850 4099 874 4146 et
892 4096 1008 4158 enutriti,
1028 4095 1165 4145 docuinam
1176 4093 1254 4144 tutius
1274 4093 1387 4154 accipere,

321 4172 392 4222 uenti
407 4175 488 4238 patres
506 4189 591 4225 eorum
605 4178 698 4226 veteres
715 4176 795 4226 edocti
805 4179 863 4226 sunt
877 4177 1022 4238 accipientes
1039 4175 1070 4226 ab
1087 4175 1153 4238 illis,
1172 4175 1216 4238 qui
1229 4169 1382 4230 mahemet

317 4253 400 4304 aare
417 4253 542 4306 hebraicas
557 4255 730 4320 institutiones,
741 4256 866 4306 christum
885 4255 1024 4306 induerunt.
