3022 5178
515 393 695 447 -1734-

72 521 146 565 error
168 501 209 590 de
227 503 323 564 medlo
342 503 509 580 auferatur,
527 521 578 564 seu
595 507 703 565 veritas
725 505 896 584 ambagibus
916 509 1060 568 occultata
1083 511 1142 570 cla·

74 609 183 681 rescat,
206 604 282 662 nihil
301 610 346 662 est
364 603 443 678 quod
461 603 579 680 loquar,
596 604 740 680 simulque
755 605 885 664 laborem
905 605 1015 664 frustra
1034 610 1144 682 impen-

71 700 167 761 derem
178 702 309 779 singulos
320 703 456 760 evincens
471 701 508 760 de
525 704 696 760 auctoritate
716 701 842 762 Romani
853 701 1007 761 'Pontificis
1029 706 1145 764 univer-

71 799 137 859 salis
148 799 295 860 Ecclesiae
309 799 393 858 facile
408 801 558 874 principis,
573 801 624 875 qui
637 815 675 857 ex
688 815 718 858 se
731 799 846 859 decreta
864 803 1024 877 constituit,
1039 807 1068 860 et
1080 819 1147 861 con-

1 937 2 942 1
72 899 205 958 tiliorum
221 905 330 958 statuta
350 898 524 973 confirmat,
545 914 621 974 quae
635 901 734 956 omnia
748 915 809 957 una
822 906 948 976 pergunt
963 899 1071 960 Christi
1090 902 1146 960 Re·
1224 949 1227 956 .

1 1033 2 1040 κ
70 997 230 1072 demptoris
247 996 410 1072 depositum
423 996 569 1056 Ecclesiae
589 1013 658 1056 suae
671 997 812 1057 nemum
825 997 934 1056 illibate
947 1013 1074 1058 servare.
1091 999 1148 1058 Sed

69 1077 165 1169 puls
186 1092 387 1169 nosspaams
405 1092 505 1153 sanan
523 1095 590 1152 voa
607 1095 729 1169 manu,
752 1096 804 1170 qur
828 1097 860 1152 m
881 1095 977 1154 meno
1002 1098 1148 1172 episeop-

69 1207 135 1250 mm
156 1190 273 1267 adstat,
292 1197 321 1250 et
339 1192 466 1250 clavium
484 1191 579 1268 Regni
600 1191 746 1250 coelorum
761 1194 993 1269 reminiscentes,
1014 1209 1087 1269 quas
1100 1194 1150 1255 Vi·

69 1292 148 1348 cario
165 1305 221 1348 suu
234 1288 367 1348 cmisms
381 1289 478 1365 dedit,
491 1289 663 1350 meditatum
676 1289 839 1351 accedimus
857 1307 931 1367 quaa
945 1292 982 1350 dc
995 1291 1150 1368 Scripturis

1 1411 3 1448 ι
69 1387 364 1448 Dantem-Canonicis
382 1387 526 1446 credenda
540 1387 711 1448 docuerunt.

1 1539 2 1544 ,
107 1486 139 1562 5.
163 1485 203 1544 ll.
226 1485 326 1544 Primo
339 1485 403 1544 loco
419 1486 591 1560 exponenda
608 1492 693 1544 crunt
703 1485 804 1561 plura,
823 1502 858 1546 ac
874 1490 958 1546 varia
974 1491 1150 1565 testimonia,

1 1621 3 1629 ι
69 1583 178 1660 quibus
199 1583 352 1642 abundem
364 1597 544 1642 summorum
556 1583 732 1642 Pontificum
748 1583 909 1661 Epistulae,
923 1589 1033 1662 primo,
1051 1603 1151 1645 secun-

1 1727 2 1731 ,
70 1681 127 1758 ulo,
147 1683 235 1740 tertio
252 1680 361 1740 Christi
379 1681 494 1740 saeculo
512 1683 543 1740 lu
563 1681 694 1740 diversas
711 1681 789 1740 orbis
804 1689 901 1757 partes
918 1686 1023 1742 missae
1048 1685 1086 1743 ad
1105 1702 1152 1745 vc-

68 1779 287 1838 raindoctrina
305 1779 404 1838 ildeles
421 1777 645 1837 confirmandos.
661 1780 696 1837 In
714 1779 776 1855 bis,
791 1787 825 1838 ut
841 1781 915 1856 dixi,
930 1780 1146 1856 scripturarum

70 1884 205 1938 veterum
216 1876 567 1936 Deutero-Cauonicarum
579 1876 737 1939 sententiae
750 1886 917 1938 occurrunt.
932 1878 1092 1939 Frobenius
1111 1883 1153 1940 in·

1 2027 2 2040 ,
70 1984 115 2037 ter
132 1978 206 2036 allus
223 1979 255 2035 in
273 1976 332 2036 line
351 1991 471 2052 operum
488 1979 583 2036 sancti
599 1978 711 2035 irenaei
729 1993 766 2035 ex
784 1978 831 2035 his
850 1978 953 2036 litteris
974 1981 1081 2038 multas
1096 1980 1153 2038 edi-

2 2106 5 2111 >
71 2075 116 2136 (iit
136 2092 216 2136 anno
236 2085 323 2134 islo.
344 2076 486 2150 Quamvis
507 2075 622 2134 eaedem
642 2089 734 2150 rusque
757 2075 795 2133 ad
814 2075 924 2150 Papam
947 2076 1080 2136 siricium
1104 2095 1154 2137 au-

1 2204 3 2240 r
71 2176 239 2234 ctoritatem
264 2190 324 2232 non
355 2178 516 2248 praestent,
540 2177 569 2230 et
597 2171 675 2246 apud
706 2171 880 2230 christianos
905 2187 966 2231 non
991 2173 1154 2234 habeantur

1 2302 2 2328 r
71 2279 105 2332 ut
121 2275 283 2348 genuinae,
302 2275 448 2346 atamen,
467 2285 569 2328 earum
590 2270 761 2343 antiquitate
788 2269 967 2345 ponderata,
994 2273 1100 2346 quippe
1119 2271 1155 2330 de

71 2369 182 2446 qulbus
195 2375 306 2428 veteres
318 2371 471 2443 scriptores
484 2369 659 2426 mentionem
672 2365 794 2441 faciant,
810 2383 844 2424 ac
860 2369 949 2424 etiam
963 2371 1089 2442 seposita
1103 2368 1156 2428 du·

74 2467 233 2542 bitatione,
252 2469 324 2524 istas
343 2469 375 2524 in
394 2465 450 2522 hac
466 2470 548 2539 parte
567 2465 676 2522 scilicet
693 2466 724 2520 in
742 2462 844 2521 Bibliis
866 2463 1155 2524 DeuteroCanonicis

73 2565 191 2624 nullam
207 2566 386 2638 passas'esse
405 2564 654 2636 immutationem,
672 2562 746 2618 mihi
768 2561 936 2620 viderentur
958 2571 1075 2622 nostrae
1093 2579 1157 2639 pro

74 2665 215 2738 pusillam
230 2661 341 2737 aliquid
359 2661 522 2736 argumenti
535 2661 717 2732 ministrare,
737 2663 766 2716 et
787 2661 862 2716 inter
879 2659 951 2718 alias
973 2661 1156 2734 probationes

75 2765 206 2835 repetere
228 2759 335 2816 locum.
356 2755 428 2833 Ast,
455 2756 526 2815 dum
553 2758 629 2814 serio
649 2757 782 2830 excogito
800 2755 883 2815 nobis
907 2771 973 2815 cum
994 2757 1077 2816 hoste
1095 2775 1157 2817 esse

75 2856 294 2931 dimicandum,
313 2857 363 2932 qui
378 2860 550 2931 argumenta
565 2871 583 2912 a
599 2855 722 2911 veritate
738 2853 841 2912 dissita
859 2854 905 2913 vel
919 2855 1035 2914 infirma
1054 2873 1158 2932 parum

1 3027 2 3030 Ἴ
75 2961 215 3029 vamur,
238 2953 275 3012 ab
298 2953 355 3011 hoc
377 2967 490 3012 cessare
509 2954 600 3010 satius
621 2953 774 3025 existimo,
797 2949 867 3010 dum
892 2969 966 3028 quae
990 2953 1038 3011 hic
1060 2955 1159 3013 censui

77 3051 214 3112 sulficere
235 3057 372 3127 possunt,
391 3057 420 3110 et
437 3050 567 3108 laborem
593 3065 691 3108 meum
716 3053 811 3126 magis
829 3051 935 3125 certis,
957 3064 1047 3126 quma
1063 3050 1159 3110 dubiis

1 3190 3 3228 ς
78 3149 286 3210 commendare
306 3148 418 3207 studeo.

1 3291 2 3298 κ
117 3247 146 3323 s.
169 3247 224 3306 ΠΙ.
247 3247 284 3304 ln
297 3246 427 3322 Epistola
444 3246 585 3324 synodica
605 3245 726 3304 Concilii
741 3244 906 3303 antiocheni
921 3243 1059 3319 secundi,
1082 3259 1159 3302 anno
1244 3241 1250 3252 '

1 3405 2 3408 ,
77 3346 199 3406 Domini
213 3352 270 3403 272
290 3347 398 3420 scripta
416 3344 453 3402 ad
468 3343 643 3422 Dionysium
654 3359 807 3402 romanum
819 3341 984 3417 pontificem
999 3348 1028 3401 et
1038 3341 1075 3400 ad
1088 3341 1160 3400 alios

79 3441 208 3520 collegas
220 3444 369 3518 episcopos
382 3441 418 3501 de
432 3442 523 3501 Paulo
540 3448 723 3501 samosateno
739 3441 776 3516 (1)
792 3441 986 3500 Ecclesiasticl
1004 3438 1071 3498 libri
1094 3455 1158 3498 sen-

79 3543 173 3600 tentia
187 3541 261 3599 baec
273 3541 426 3615 excipitur:
441 3541 564 3616 «ltaque
572 3542 659 3599 etiam
668 3541 694 3598 si
702 3543 768 3616 quis
776 3539 949 3598 concesserit
960 3541 992 3596 in
1006 3537 1160 3596 mulierum

81 3638 274 3698 contubernio
289 3637 363 3696 nihil
377 3637 462 3696 abeo
480 3640 642 3713 committi,
658 3639 851 3712 suspicionem
868 3643 982 3712 tamem
1004 3651 1078 3712 quae
1095 3635 1163 3693 inde

82 3735 171 3812 solat,
191 3737 279 3794 vitari
297 3735 463 3811 oportebat,
482 3752 520 3794 ne
546 3749 722 3811 quemquam
752 3735 930 3809 offenderet,
951 3749 1025 3792 neve
1050 3733 1163 3808 aliquos

83 3833 121 3892 ad
135 3835 330 3893 imitationem
349 3837 396 3893 sui
411 3840 596 3909 provocaret:
619 3838 675 3895 Πῶς
698 3836 748 3904 γάρ
771 3833 802 3886 ἄν
818 3832 981 3900 ἐπιπλήξειεν
1006 3829 1024 3889 a*
1043 3829 1163 3888 νουθετή-

82 3951 150 3987 orm
166 3931 274 4006 ἕτερον,
295 3933 332 4005 μή
350 3932 563 3998 συγκαταβαίνειν
580 3933 699 3988 lernaeae
717 3934 753 3995 εἷς
775 3935 867 3987 ταυτὸν
889 3933 992 4004 γυναικὶ
1008 3931 1045 4003 μή
1065 3925 1164 3998 abraba?

83 4023 279 4094 φυλαττόμενον
293 4063 299 4087 ,
317 4025 347 4086 ὥς
366 4024 512 4097 γέγραπται
528 4028 568 4088 ,i.
582 4042 608 4083 e.
625 4023 757 4097 Quonam
769 4027 846 4083 enim
860 4023 947 4083 modo
961 4020 1164 4096 increpaverit,

85 4122 132 4180 uel
149 4125 297 4182 monuerit
313 4123 420 4197 alium,
441 4139 478 4180 ne
501 4124 655 4180 conveniat
675 4121 853 4197 frequentius
877 4138 944 4180 cum
967 4119 1107 4191 muliere,
1128 4132 1165 4172 ne

115 4333 149 4394 (l)
166 4331 257 4388 nabao
271 4335 341 4382 Tum.
356 4334 374 4380 l.
395 4334 419 4382 ei
430 4333 494 4382 Eocl.
509 4347 530 4381 c.
545 4333 586 4381 ill.
599 4339 620 4382 a.
634 4336 656 4380 4.
