2964 5174
807 389 965 442 ..76-

344 501 502 575 expositis,
528 513 603 574 quae
626 497 665 558 ab
690 499 760 574 ipsis
781 497 1005 575 respuebantur,
1024 511 1181 573 earumque
1201 497 1343 556 divinitas
1362 511 1425 554 non

344 596 539 672 praevalebat.
555 594 598 655 Ac
614 612 675 654 non
692 594 802 672 absque
817 599 885 671 jure
906 596 962 654 boc
982 594 1051 655 iecit
1079 593 1220 671 Sanctus,
1241 595 1313 653 dum
1337 594 1427 652 nobis

345 695 464 752 omnino
478 709 538 752 non
564 694 657 752 latent
680 695 845 769 scissiones,
875 693 1025 769 haereses,
1048 709 1123 770 quae
1139 693 1265 754 doctoris
1279 697 1374 751 aetate
1395 694 1428 749 in

234 775 241 798 ⁴
345 791 545 866 Redemptoris
559 806 677 867 gregem
690 793 840 866 irrepsere,
852 807 886 850 ac
899 793 1018 868 insuper
1030 791 1144 866 praesul
1157 797 1274 850 sancum
1287 789 1429 848 hebraeo·

344 905 409 947 rum
420 887 582 964 Carenem,
606 895 634 948 et
652 891 781 965 ipsorum
797 891 834 948 de
851 889 1007 965 Scripturis
1026 889 1165 948 Secundis
1181 889 1346 948 docuinam
1368 903 1425 944 no·

344 991 442 1061 verat,
457 1003 531 1062 quae
548 988 579 1044 iu
597 987 772 1063 quibusdam
785 989 903 1046 orientis
920 988 1055 1046 aeclesiis
1068 986 1238 1046 servabatur
1255 986 1429 1060 prudentiae

344 1098 433 1142 causa
450 1082 488 1140 ab
505 1083 583 1142 illius
602 1087 728 1160 regionis
749 1087 905 1161 episcopis,
921 1085 958 1144 de
974 1100 1032 1160 qrra
1043 1101 1074 1144 re
1093 1087 1124 1142 in
1143 1084 1271 1144 Ecclesia
1290 1083 1427 1141 Hieroso-

343 1180 488 1257 lymitana
505 1197 599 1240 sermo
616 1181 676 1241 fiet.

382 1277 500 1337 Canone
526 1279 682 1356 Augustini
712 1283 863 1356 exposito,
890 1281 1020 1356 ejusdem
1042 1281 1151 1355 scripta
1173 1280 1369 1355 disquiramus
1390 1277 1426 1338 de

342 1375 445 1450 modo,
460 1392 518 1451 quo
532 1374 687 1452 Scripturis
700 1377 830 1436 Deuteris
844 1394 914 1436 usus
929 1380 983 1454 sit,
998 1383 1027 1436 et
1040 1379 1167 1436 maxime
1180 1378 1211 1434 in
1227 1375 1423 1450 sermonibus,

343 1487 416 1546 quos
436 1478 539 1530 contra
557 1472 717 1532 haereticos
734 1475 848 1532 extulit.
870 1474 978 1532 Contra
994 1473 1135 1532 Faustum
1152 1471 1355 1531 manichaeum
1368 1471 1421 1530 lib.

344 1586 411 1626 xrx.
432 1586 496 1644 cap.
517 1579 573 1628 28:
594 1571 703 1643 «Quod
721 1577 818 1630 autem
842 1570 1027 1646 temperando
1047 1587 1066 1628 a
1082 1570 1232 1646 vindicta,
1251 1576 1280 1628 et
1301 1569 1423 1645 diligen·

344 1665 382 1724 do
406 1669 495 1725 etiam
517 1668 610 1726 malos
628 1668 722 1727 Deum
746 1670 903 1743 imitemur,
922 1669 1013 1728 babes
1035 1668 1076 1728 ibi
1095 1669 1132 1728 de
1144 1668 1280 1745 ipsoDeo
1294 1669 1325 1726 id
1338 1681 1425 1743 agen-

344 1769 373 1820 te
393 1767 543 1840 copiosum
556 1766 668 1842 locum,
683 1767 723 1824 ibi
741 1783 867 1843 namque
886 1769 1026 1843 scriptum
1046 1773 1103 1826 est:
1122 1767 1159 1842 (1)
1176 1798 1189 1810 -
1202 1766 1329 1824 Multum
1346 1766 1425 1823 enim

343 1861 440 1920 valere
460 1861 513 1919 tibi
527 1863 582 1920 soli
598 1872 747 1938 supererat
762 1881 893 1941 semper,
912 1869 941 1924 et
956 1867 1057 1923 virtuti
1072 1863 1183 1923 brachii
1202 1865 1246 1921 tui
1276 1865 1342 1938 quis
1355 1877 1425 1920 oon·

343 1965 390 2016 tra
408 1960 516 2018 stabit?
526 1961 670 2032 Quoniam
687 1969 828 2037 tanquam
845 1969 1024 2022 momentum
1044 1968 1177 2036 staterae,
1194 1964 1237 2020 sio
1252 1967 1320 2018 ante
1337 1966 1368 2018 te
1381 1964 1425 2017 est

343 2055 421 2113 orbis
438 2063 598 2133 terrarum,
617 2067 646 2118 et
662 2065 803 2135 tanquam
819 2067 902 2138 gutta
915 2062 988 2118 roris
1003 2060 1185 2134 antelucani,
1208 2074 1282 2134 quae
1308 2057 1426 2116 descen·

343 2153 387 2229 dit
406 2157 437 2212 in
455 2163 647 2214 terram...
664 2157 761 2216 Bonm
780 2160 898 2237 spiritus
917 2164 985 2216 tuus
1003 2160 1034 2216 in
1047 2157 1197 2232 omnibus,
1217 2155 1339 2232 ideoque
1355 2170 1424 2229 eos,

342 2253 393 2324 qui
408 2260 562 2328 exerrant,
581 2255 712 2328 partibus
729 2257 868 2332 corripis3
887 2261 916 2314 et
934 2254 1091 2329 dequibus
1112 2258 1251 2329 peccant,
1271 2252 1422 2326 mutones,

343 2355 372 2406 et
391 2351 564 2430 alloqueris,
583 2359 616 2411 ut
637 2354 738 2412 relicta
757 2353 867 2412 malitia
891 2352 1010 2411 credant
1029 2354 1060 2408 in
1078 2357 1120 2426 te,
1140 2350 1272 2409 Domine.
1287 2373 1300 2400 v
1317 2349 1425 2408 Contm

349 2445 544 2506 Maximinum
557 2451 690 2508 arianum
702 2451 738 2526 (2)
755 2467 868 2526 capxr.
883 2467 919 2508 ex
932 2449 1123 2508 Ecclesiastici
1137 2448 1211 2506 libro
1222 2450 1279 2506 ait:
1296 2447 1358 2506 «Ita
1370 2446 1425 2508 boc

344 2543 435 2621 diois,
457 2549 541 2622 quasi
558 2549 649 2622 possit
669 2546 706 2606 ab
725 2547 842 2607 bomine
860 2547 1064 2623 comprehendi
1085 2549 1150 2622 quis
1170 2549 1209 2605 sit
1236 2546 1284 2604 ille
1303 2545 1422 2620 modus,

343 2661 402 2719 quo
425 2646 561 2708 coelestes
585 2650 708 2706 virtutes
728 2655 797 2707 sunt
816 2649 992 2723 invisibiles,
1013 2647 1118 2706 autad
1136 2647 1193 2706 boc
1209 2646 1422 2723 quaerendum,

345 2758 407 2800 esse
420 2742 575 2802 debeamus
588 2747 702 2821 intenti,
716 2746 828 2806 dicente
836 2745 994 2821 Scriptura:
1006 2745 1044 2822 (3)
1058 2745 1229 2804 ·Altioratc
1243 2759 1281 2803 ne
1293 2746 1423 2820 quaesie-

343 2841 394 2897 ris:
409 2843 517 2915 -Quod
536 2849 721 2918 praeceptum
741 2846 801 2919 ipsc
814 2851 1001 2902 contemnens
1018 2859 1107 2902 ausus
1123 2859 1155 2902 es
1170 2843 1265 2902 dicere
1277 2840 1423 2918 Angelum

343 2937 435 2996 videri
456 2940 493 2997 ab
509 2940 691 3016 archangelo
715 2949 770 3000 cto.
786 2969 799 2993 v
823 2941 866 3000 De
879 2941 990 3000 Natura
1006 2941 1075 2999 boni
1089 2941 1228 3000 adversm
1238 2938 1424 2998 manichaeos

343 3036 506 3113 Sapientiae
521 3038 557 3114 (4)
573 3041 664 3100 verba
680 3041 791 3118 colligit
807 3041 863 3099 hoo
878 3039 982 3098 modo:
1001 3038 1120 3114 «llaec,
1139 3053 1213 3114 quae
1231 3044 1333 3097 nostra
1349 3037 1420 3098 fidas

343 3135 441 3212 habet,
463 3137 629 3198 divinarum
654 3138 866 3215 Scripturarum
881 3137 1052 3197 testimoniis
1076 3135 1234 3194 munienda
1253 3141 1332 3194 sunt.
1352 3160 1365 3186 a
1382 3134 1423 3194 Ac

342 3236 490 3296 connatis
509 3242 609 3311 postea
628 3237 741 3314 relatis,
762 3239 835 3298 illud
852 3239 1015 3315 Sapientiae
1031 3245 1149 3302 inserit:
1167 3242 1205 3319 (5)
1225 3241 1287 3302 «Et
1302 3244 1335 3300 in
1348 3241 1422 3301 libro

343 3329 506 3406 Sapientiae
519 3333 555 3391 de
571 3335 636 3408 ipsa
651 3334 796 3410 Sapientia
810 3339 950 3412 scriptum
965 3344 1028 3398 est:
1046 3370 1058 3384 ·
1071 3339 1107 3398 In
1121 3355 1152 3400 se
1163 3341 1228 3414 ipsa
1244 3355 1368 3398 manens
1381 3341 1422 3396 in-

343 3435 433 3487 novat
450 3432 557 3488 omnia.
573 3455 585 3480 »
602 3430 711 3490 Contra
729 3434 958 3508 priscillianistas
981 3435 1103 3495 clamat:
1121 3437 1158 3512 (6)
1178 3435 1231 3495 «Si
1253 3443 1351 3496 autem
1369 3436 1422 3494 boe

343 3532 427 3600 putat
441 3525 597 3602 Scripturis
613 3527 711 3588 deesse
728 3530 914 3607 propheticis,
928 3533 1007 3609 quod
1022 3533 1114 3592 Filius
1127 3536 1166 3592 sit
1177 3534 1276 3592 lumen
1290 3533 1328 3592 de
1341 3535 1422 3593 lumi·
1438 3563 1441 3570 ι

343 3637 395 3697 ne,
415 3624 461 3681 val
479 3622 614 3698 splendor
632 3625 723 3700 lucis,
750 3628 827 3704 legat
842 3629 921 3704 qnod
940 3630 1048 3688 eisdem
1065 3631 1168 3690 littoris
1191 3630 1296 3706 legitur
1316 3631 1353 3690 de
1376 3630 1421 3689 Sa·

343 3721 461 3794 pientia:
471 3721 508 3795 (7)
519 3721 654 3780 ·Candor
663 3729 707 3780 est
717 3727 794 3782 enim
806 3727 879 3784 lucis
889 3733 1050 3800 aeternae.»
1061 3728 1168 3786 Conba
1176 3727 1373 3788 Maximinum
1385 3728 1419 3804 (8)

343 3816 476 3875 eumdem
491 3817 605 3876 Barucb
621 3818 727 3878 librum
744 3823 912 3898 compellat,
931 3831 961 3882 et
977 3827 1019 3884 sic
1040 3827 1146 3899 praeit:
1167 3849 1180 3876 «ι
1194 3825 1318 3884 Prorsus
1336 3829 1419 3884 mam

343 3914 438 3987 ipsum
463 3929 522 3972 non
548 3931 610 3974 esse
629 3915 797 3979 dubitamus
816 3923 999 3982 immensum.
1023 3921 1099 3980 Nam
1119 3938 1227 3998 quaero
1245 3923 1299 3982 abs
1318 3929 1366 3998 te,
1387 3923 1418 3980 de

367 4144 404 4208 (ι)
420 4147 475 4208 Sap.
487 4159 509 4196 c.
522 4149 564 4196 xi.
575 4155 613 4198 22.
625 4175 656 4186 ·-
667 4149 701 4211 (2)
717 4153 785 4201 Tom.
795 4153 860 4201 vul.
873 4167 897 4215 p.
907 4160 960 4204 699.
971 4180 1002 4191 ·-
1013 4153 1046 4214 (3)
1062 4155 1127 4202 Ecol.
1140 4167 1162 4202 c.
1180 4155 1225 4203 ill.
1243 4180 1273 4190 -
1290 4154 1324 4217 (t)
1345 4157 1408 4202 Tam.

342 4226 407 4273 vlit.
420 4239 444 4288 p.
457 4231 510 4276 507.
522 4253 553 4264 -
563 4228 596 4292 (5)
611 4231 666 4292 Sap.
679 4233 732 4280 Vll.
746 4237 783 4281 27.
793 4259 824 4269 —
835 4232 869 4304 (a)
880 4236 948 4282 Tum.
958 4235 1022 4283 vill.
1035 4241 1116 4297 ptis.
1128 4259 1158 4272 -
1167 4233 1200 4297 (7)
1212 4235 1268 4296 Sap.
1280 4247 1303 4282 o.
1312 4235 1363 4283 vil.
1374 4240 1407 4282 tt.

342 4328 372 4340 ·-
381 4305 415 4368 (8)
431 4309 500 4356 Toni.
513 4309 578 4358 Vlil.
590 4321 614 4371 p.
627 4313 680 4360 744.
692 4323 714 4360 c.
728 4313 794 4361 Xlll.
