2964 5174
816 387 995 440 -116-

362 501 549 574 compugnat.
565 521 577 548 ι
596 496 708 556 Clamas
723 495 903 572 praefatione
915 499 947 554 in
960 495 1111 556 Danielem
1124 496 1180 556 boc
1194 497 1319 559 adstruit
1330 499 1427 580 doctor,

360 594 412 654 ubl
427 599 469 656 ait
491 613 576 675 syros
591 595 669 655 hanc
689 595 745 655 sub
766 595 878 673 obelis,
899 600 929 655 et
950 597 1095 654 asteriscis
1115 595 1209 672 legere
1228 597 1387 657 editionem.

405 695 559 772 Attamen,
581 695 628 754 his
647 695 733 755 dictis
753 694 888 754 omnibus
902 737 911 770 ,
923 710 977 753 nec
997 694 1114 771 linguae
1131 697 1264 773 syriacae
1282 712 1366 756 usum
1382 699 1430 760 illis

363 795 396 851 in
408 795 566 868 provinciis
581 837 591 869 ,
609 810 645 852 ao
665 794 752 853 simul
773 794 916 853 versionis
929 793 1048 854 Pbscito
1061 792 1236 870 lectionem,
1250 811 1341 870 neque
1357 796 1433 857 Abul-

359 891 511 968 pharagll,
532 897 562 952 et
576 894 708 952 virorum
728 893 874 951 clarorum
888 895 1046 952 sententias
1069 892 1235 969 improbare
1253 894 1353 970 nolui,
1373 896 1432 956 dum

359 1002 397 1048 ex
418 990 516 1053 relatis
534 991 649 1048 constat
667 988 745 1064 apud
760 989 841 1048 viros
859 989 959 1048 doctos
973 989 1050 1049 hano
1067 991 1231 1049 versionem
1250 993 1433 1068 canossae

358 1088 436 1146 inter
460 1088 534 1146 alias
550 1085 742 1146 hebraeorum
774 1092 803 1146 et
826 1087 1037 1146 haereticorum
1060 1088 1266 1147 translationes
1294 1090 1433 1152 contulisse

360 1184 449 1262 hujus
471 1184 609 1244 ecclesiae
622 1181 740 1261 Patres3
763 1185 814 1244 sed
827 1201 865 1244 ex
877 1201 933 1263 eo,
954 1185 1034 1262 quod
1054 1189 1171 1263 syriaca
1186 1187 1290 1264 lingna
1309 1203 1367 1245 non
1380 1191 1432 1248 vnl-

361 1285 460 1360 garis,
481 1281 534 1343 sed
554 1282 647 1341 doctis
662 1285 781 1359 propria
799 1288 878 1358 erat,
898 1289 927 1342 et
944 1283 1041 1342 studio
1061 1284 1239 1360 acquirenda
1256 1283 1302 1359 (et
1318 1285 1355 1343 ob
1371 1285 1433 1348 hunc

359 1383 503 1440 rationem
515 1379 610 1441 Nisibi
630 1379 718 1458 hujus
732 1381 849 1459 linguae
865 1379 966 1440 schola
981 1388 1077 1440 erecta
1091 1387 1147 1457 est,
1161 1385 1210 1441 cui
1222 1365 1313 1441 etiam
1325 1383 1433 1459 Ephrae

361 1495 428 1538 mus
447 1479 591 1556 praefuit)
608 1478 760 1538 fatendum
780 1485 844 1539 erat
864 1481 896 1537 in
917 1477 1004 1556 Syria
1023 1481 1157 1539 orientali
1184 1497 1349 1540 sermonem
1367 1498 1432 1560 grae

292 1561 297 1570 ’
362 1593 432 1636 cum
444 1577 599 1654 vulgatum
624 1583 654 1636 et
669 1577 833 1654 generalem
849 1577 959 1652 muse,
983 1592 1018 1636 ac
1038 1576 1104 1636 ideo
1127 1580 1332 1656 aegyptiacam
1347 1579 1434 1639 Biblio

363 1692 430 1736 rum
446 1680 612 1737 versionem
630 1677 709 1753 apud
723 1676 790 1734 illas
808 1681 908 1752 gentes
930 1675 1118 1752 generalitate
1135 1681 1165 1734 et
1182 1678 1356 1736 auctoritate
1376 1676 1434 1738 Scri·

360 1778 455 1851 pturis
475 1777 668 1852 praestitisse,
692 1789 767 1851 quae
786 1787 923 1832 mamaea
942 1771 1068 1832 dialecto
1090 1771 1254 1849 descriptae
1271 1780 1362 1833 erant.
1379 1773 1410 1850 (1)

400 1874 429 1949 S.
452 1873 492 1933 ΙΙ.
515 1873 562 1933 Ab
580 1872 637 1932 hoc
658 1871 756 1931 studio
771 1869 943 1930 decedentes
957 1869 995 1930 ad
1012 1877 1146 1930 nostrum
1159 1872 1313 1948 negotium
1326 1878 1434 1932 reverta·

363 1988 446 2049 mur;
462 1979 491 2032 et
507 1975 640 2050 syriacos
657 1973 796 2032 eeclesiae
816 1973 972 2047 scriptores
991 1973 1133 2045 scrutati,
1150 1970 1187 2030 de
1205 1969 1362 2046 Scripturis
1373 1971 1433 2031 beu·

363 2069 597 2132 tem-Canonicis
616 2069 706 2128 iidem
724 2086 826 2129 eorum
843 2071 876 2127 in
891 2069 988 2128 medio
1002 2085 1158 2145 ponamus.
1181 2069 1317 2146 ignatius
1328 2075 1431 2148 martyr,

365 2168 513 2229 secundus
531 2168 656 2228 habetur
680 2171 713 2226 in
731 2170 855 2230 ccclesia
881 2167 1076 2243 antiochena,
1097 2169 1148 2244 qui
1165 2173 1233 2243 post
1260 2167 1375 2228 Petrum
1391 2173 1433 2245 epi·

366 2269 490 2341 scopatu
510 2265 666 2324 defunctus
691 2271 746 2324 est.
768 2265 861 2326 Juxta
879 2265 1038 2327 Eusebium
1057 2270 1087 2324 et
1110 2265 1327 2343 Hieronymum
1344 2273 1432 2342 septem

362 2371 481 2426 tantum
499 2367 580 2425 illius
595 2366 743 2441 Epistolae
763 2370 956 2425 numerantur
975 2367 1129 2442 genuinae.
1145 2365 1181 2422 In
1194 2365 1244 2424 his
1258 2365 1371 2442 quidem
1387 2369 1432 2442 epi-

363 2463 447 2524 stolis
472 2480 542 2522 vere
567 2463 734 2539 scripturae
756 2463 900 2522 Deuterae
923 2479 984 2522 non
1004 2469 1155 2538 apparent.
1179 2461 1238 2522 Sed
1263 2461 1319 2521 hoo
1334 2479 1432 2522 numero

363 2576 481 2638 aarum,
500 2559 547 2620 vel
565 2560 702 2620 brevitati
727 2566 772 2620 est
791 2559 997 2636 tribuendum3
1019 2577 1089 2619 nam
1109 2562 1135 2619 sl
1154 2559 1268 2619 ibidem
1291 2559 1430 2636 Scriptura·

362 2675 430 2718 rum
443 2659 579 2718 Priorum
593 2660 792 2718 testimonium
806 2659 975 2735 explicitum
990 2658 1221 2718 animadvertere
1236 2660 1371 2734 velimus,
1384 2665 1431 2716 tan·

363 2765 428 2818 mm
445 2759 552 2817 veteris
567 2756 747 2816 Testamenti
766 2757 851 2815 binas
865 2758 1023 2816 sentendas
1041 2757 1184 2834 legimus,
1204 2759 1238 2816 ni
1258 2758 1362 2834 fallor,
1375 2773 1431 2833 quas

364 2855 452 2916 divus
470 2863 585 2933 martyr
602 2855 649 2914 bis
667 2857 796 2932 epistolis
811 2857 951 2932 inseruit,
967 2862 998 2914 et
1010 2855 1114 2914 aurbae
1129 2873 1166 2915 ex
1179 2856 1397 2916 Proverbiornm
1406 2854 1431 2912 li·

364 2955 429 3014 bro.
451 2955 497 3014 llx
517 2955 564 3013 bls
583 2957 674 3032 igitur
689 2960 824 3012 sanctum
844 2955 1012 3030 episcopum
1031 2953 1121 3012 libros
1139 2961 1258 3016 nosnos
1285 2961 1336 3013 aut
1355 2952 1431 3029 negle

364 3055 464 3129 xisse,
483 3053 531 3111 vel
551 3068 694 3130 negasse,
712 3054 856 3130 conjicere
876 3050 1032 3112 nonlicet.

403 3149 524 3210 Praeter
540 3151 595 3210 has
613 3152 766 3226 epistolas,
786 3151 861 3209 aliae
877 3167 992 3227 quoque
1003 3151 1082 3209 illius
1093 3151 1244 3226 feruntur,
1260 3166 1364 3228 quaec
1375 3149 1429 3206 viris

273 3293 281 3310 .
366 3248 460 3308 doctis
482 3249 674 3325 interpolatae
691 3251 907 3308 existimantur.
930 3247 987 3307 Sed
1008 3248 1047 3306 ob
1068 3251 1209 3324 temporis
1231 3250 1428 3324 antiquitatem,

367 3361 427 3422 quo
445 3349 518 3406 istae
537 3347 776 3424 interpolationes
793 3347 888 3406 iactae
907 3352 994 3422 sunt,
1011 3362 1116 3423 nempe
1135 3352 1205 3406 ante
1223 3347 1369 3407 saeculum
1383 3357 1431 3402 sex·

397 3605 433 3678 (i)
448 3614 589 3665 Notandum
608 3627 667 3665 vero
685 3617 725 3666 bic
734 3619 791 3679 cet,
813 3616 928 3666 ecclesias
939 3617 1057 3679 Syrorum
1075 3627 1161 3665 revera
1178 3627 1281 3665 numero
1295 3609 1429 3676 peccatine

367 3693 443 3744 miae
461 3694 536 3758 illes,
552 3696 897 3759 quaeprimacbristieetate
913 3709 952 3746 ree
968 3696 1093 3758 bmrgieae
1110 3707 1222 3745 sannone
1238 3694 1332 3757 syriaco
1352 3690 1428 3754 pfffioe

368 3774 442 3835 rent,
459 3786 518 3824 eum
532 3775 667 3825 universim
683 3775 828 3838 pervaderet
849 3776 933 3839 lingua
947 3775 1106 3838 graecanica,
1126 3775 1162 3824 uti
1179 3787 1209 3824 ex
1220 3769 1378 3823 monumentis
1385 3765 1429 3817 sats

365 3851 497 3916 probatum
513 3855 558 3903 eet.
579 3856 692 3904 Attamen
712 3855 905 3919 irrumpentibus
925 3854 1014 3905 deinde
1042 3855 1068 3904 in
1097 3855 1153 3903 illas
1175 3853 1285 3916 regiones
1311 3846 1428 3900 naamon

365 3932 488 3995 Nestorii,
506 3933 637 3997 liuticlnis,
653 3935 814 3997 etaliorum,
832 3935 877 3998 qui
896 3934 978 3984 varias
996 3933 1023 3984 in
1041 3935 1122 3997 parles
1139 3933 1232 3983 Christi
1247 3943 1341 3996 mern
1360 3926 1428 3975 dilwt

366 4011 474 4075 rabani,
495 4015 521 4063 et
540 4011 614 4064 rebus
630 4014 737 4078 publicis
753 4014 909 4076 immmtis,
927 4016 1076 4064 Graecorum
1097 4026 1198 4076 quoqne
1214 4011 1315 4075 lingua,
1336 4020 1380 4072 qua
1393 4004 1430 4052 lert

368 4092 484 4144 unium
502 4092 606 4144 wleaia
622 4093 737 4144 utebatur
754 4095 807 4144 aive
822 4093 890 4157 odio,
901 4094 953 4144 sive
968 4095 1109 4157 contemptu
1120 4092 1297 4158 neglecta2iuit.
1310 4087 1425 4139 ltataolm

366 4173 423 4234 eet,
445 4176 476 4222 nt
492 4172 519 4224 in
534 4174 649 4224 ecclesias
669 4188 799 4237 syrorum,
824 4174 866 4224 ubi
883 4177 955 4224 antea
978 4176 1128 4224 Graecorum
1145 4173 1229 4236 lingna
1245 4172 1277 4222 ad
1297 4174 1345 4220 beo
1360 4162 1426 4217 laute

365 4251 529 4304 eonomendas
545 4266 577 4304 ex
595 4253 768 4317 Apostolorum
790 4267 852 4304 aevo
868 4254 1025 4316 invaluerat,
1044 4252 1203 4304 subintroiret
1224 4252 1335 4315 syriaca,
1357 4247 1378 4297 el
1395 4243 1425 4292 Sa·

366 4343 422 4381 crae
442 4332 620 4397 scripturaein
640 4333 709 4384 illam
730 4333 838 4397 baguam
859 4333 951 4398 parites
962 4333 1161 4390 transiurentnr.
