3094 5176
556 331 735 382 -151-

113 445 243 520 suatur,
263 448 293 502 et
310 441 391 520 quali
408 439 620 520 significatione
642 437 683 500 llil
703 444 836 500 mutatur
850 437 889 499 ab
902 438 1052 516 Apustolo.
1068 439 1133 502 Vox
1147 441 1189 502 la·

111 544 175 602 uua
195 539 318 620 baptizo
338 555 473 618 agraeos
489 539 604 618 origine
618 536 736 612 βαπτίζω
749 539 838 616 vulgo
855 537 927 598 (llclt
946 540 1080 616 iuliopo,
1105 538 1189 614 leuce

110 647 140 701 et
159 641 321 702 communis
341 637 464 700 habetat·
483 645 547 699 mm
568 637 648 715 apud
670 637 828 714 profanos,
854 653 944 714 quam
966 653 1066 696 sacros
1091 643 1189 698 aucto·

112 755 169 799 res.
191 737 248 798 Sed
264 753 332 800 cum
350 740 381 796 in
400 737 509 798 dlulnls
533 735 636 813 libris,
657 743 687 796 st
706 738 734 794 in
758 735 961 796 ecclesiasticis
979 735 1191 811 scriptoribus,

112 837 325 916 significatione
344 834 559 914 quodammodo
578 837 673 896 variet
690 850 709 893 a
728 835 853 910 ceteris,
873 837 903 892 et
922 833 1019 894 latiori
1038 849 1125 893 sensu
1142 849 1191 894 ac·

112 936 259 1012 cipiatur‚
280 950 317 995 ex
337 934 439 995 lisdem
460 932 633 1010 explicanda
654 941 708 995 est.
731 935 767 994 In
786 937 920 994 versione
940 932 1130 1010 Septuaginta
1144 935 1190 993 ln·

111 1037 270 1110 terpretum
297 1034 424 1092 occurrit
448 1031 505 1091 hoc
528 1031 716 1109 uocabulum,
738 1038 768 1092 et
786 1047 905 1093 sensum
924 1030 1036 1110 profert
1049 1029 1190 1107 aalma,

113 1130 238 1208 tauma,
265 1129 435 1207 simpliciter
459 1129 570 1190 dictum
597 1129 634 1191 de
659 1130 767 1192 louone
795 1131 952 1206 corporis,
977 1129 1101 1190 maculis
1127 1130 1192 1189 slve

113 1228 217 1290 morsu
238 1227 421 1306 laborantis,
443 1225 487 1289 uti
505 1244 553 1290 ex.
577 1243 622 1306 gr.
645 1231 677 1288 iu
697 1228 772 1288 libro
791 1227 916 1290 Jucilth:
941 1227 980 1304 (t)
1006 1227 1074 1289 «lit
1092 1227 1193 1287 exibet

112 1333 202 1388 noctu
222 1335 251 1388 et
271 1323 444 1405 iuuenum,
464 1326 631 1403 baptluabat
645 1342 676 1387 sa
696 1329 728 1386 iu
742 1325 822 1386 lanta
836 1312 966 1403 aquae.»
990 1323 1125 1386 Naaman
1143 1340 1192 1404 sy·

112 1442 164 1490 rus
177 1427 232 1486 ivit
245 1432 274 1486 et
287 1423 451 1492 ὶβαπτίσιτο
467 1426 541 1487 lavit
555 1441 586 1486 se
599 1426 630 1485 ln
643 1425 781 1486 iordane.
798 1426 872 1486 ltem
884 1428 916 1484 tn
933 1423 1135 1485 montaum
1150 1421 1189 1499 (a)

112 1523 303 1598 βαπτιζόμενος
321 1527 372 1604 qul
386 1523 551 1600 baptisatur
564 1539 583 1584 a
595 1530 727 1600 mortuo,
743 1529 772 1584 et
786 1539 886 1584 rursus
899 1523 997 1600 mugit
1006 1537 1074 1582 eum
1089 1565 1098 1598 ,
1119 1521 1190 1598 quid

110 1623 225 1701 proiicit
242 1624 351 1684 lavatio
370 1621 494 1682 llllusl»
518 1621 635 1682 &mum
654 1637 724 1682 sena
743 1627 788 1681 est
805 1620 1002 1698 quidcumque
1016 1621 1192 1698 exprimeret

111 1722 184 1784 illud
200 1722 363 1800 baptisma,
382 1723 446 1782 slve
459 1723 667 1798 intrinsecam,
686 1723 749 1780 slve
762 1723 954 1780 extrinsecam
971 1717 1143 1784 nanneten
1157 1719 1189 1780 lu

110 1823 202 1884 vetem
222 1821 427 1898 Testamenta,
450 1818 561 1895 expleri
573 1820 652 1881 idem
674 1817 745 1879 reali
767 1819 896 1896 corporis
914 1819 1022 1878 lotione
1035 1819 1066 1876 ln
1087 1818 1187 1894 oquin

111 1918 190 1998 quod
203 1921 245 1980 lta
260 1935 321 1980 uon
338 1919 463 1980 sumitur
479 1919 587 1997 ubique
603 1921 635 1978 lu
649 1919 719 1978 novi
737 1917 873 1978 Foederts
887 1915 1063 1993 scripturis3
1085 1919 1115 1975 ot
1127 1907 1192 1975 ideo

5 2095 6 2098 Ἴ
114 2019 279 2080 accuratius
292 2017 366 2078 tllucl
380 2015 557 2078 vocabulum
571 2015 612 2076 ibl
630 2033 648 2077 a
662 2017 747 2077 nobls
759 2013 1049 2076 animaduertendum
1063 2017 1118 2074 est.
1134 2011 1192 2073 lla·

5 2109 6 2130 ¹
112 2118 210 2176 minus
230 2121 328 2178 noster
353 2115 536 2194 baptismatis
555 2113 775 2176 Sacramentum
795 2116 923 2175 institut
942 2116 1069 2190 primurn
1088 2117 1118 2172 et
1139 2127 1189 2175 ne·

113 2217 271 2277 cacanum
300 2221 434 2276 aeternae
460 2213 572 2291 salua,
597 2219 626 2274 et
652 2229 686 2274 eo
712 2213 871 2298 abluendas
898 2229 962 2274 esse
987 2212 1064 2272 dixit
1090 2215 1190 2288 pantes

111 2329 233 2392 omnes,
254 2330 330 2392 quae
345 2313 552 2374 credidissent:
577 2311 711 2374 «Eunus
726 2327 797 2388 ergo
805 2351 815 2387 ,
832 2311 874 2372 alt
888 2309 1035 2388 Apostolls
1048 2324 1100 2386 per
1112 2307 1189 2368 Mat·

111 2411 249 2489 thaeum,
270 2411 370 2472 docete
387 2427 488 2470 omnes
505 2415 605 2488 gentes
625 2409 804 2486 baptizantes
820 2425 869 2470 eas
888 2409 1051 2468 innomine
1069 2403 1190 2482 Patris,

5 2521 7 2546 l
112 2517 141 2571 et
153 2511 226 2588 Fili,
247 2515 276 2570 et
289 2501 413 2586 Spiritus
432 2509 543 2570 Sanam
569 2509 634 2568 ulit
650 2509 727 2586 apud
742 2508 876 2568 Marcum
892 2509 1006 2585 lnquit:
1031 2505 1116 2580 «Qui
1128 2519 1190 2564 cre·

111 2606 236 2685 diderit,
258 2607 584 2686 catalaunensium,
605 2607 817 2669 salvareris.»
840 2607 875 2666 lu
894 2605 1106 2684 significatione
1119 2612 1189 2662 vau
1293 2669 1295 2676 ,

113 2709 232 2783 propria
252 2705 340 2784 hujus
360 2709 442 2766 uocis
464 2705 612 2786 baptisma
635 2705 727 2783 (quae
743 2706 819 2766 idem
840 2705 917 2766 ualet
933 2719 967 2764 ac
985 2701 1076 2779 lotio,
1098 2715 1190 2777 quum

112 2819 213 2880 reapse
233 2819 339 2882 corpus
356 2821 433 2882 aqua
453 2804 672 2882 intingebatur,
694 2820 731 2864 ex
745 2819 804 2882 quo
817 2803 946 2880 theologi
959 2800 1033 2862 illud
1047 2805 1190 2861 uocaeunt

112 2903 229 2977 signum
248 2903 398 2980 sensibile)
419 2917 522 2963 amaus
538 2904 612 2962 alter
627 2903 776 2964 celabatur
799 2905 961 2980 mysticus,
979 2916 1038 2977 quo
1050 2915 1110 2958 nun
1130 2913 1192 2958 con

111 3001 191 3073 poris
203 2997 333 3058 *humani
354 3001 536 3076 significatur
555 2999 685 3075 ablutio,
706 3000 757 3058 sed
775 3000 902 3076 expiatio
920 3001 1060 3074 spiritus,
1081 2998 1133 3073 qul
1146 3001 1191 3056 est

114 3097 145 3154 ln
168 3095 308 3172 homine,
330 3096 407 3156 idest
427 3099 558 3156 remissio
580 3098 711 3156 omnium
730 3101 925 3172 peccatorum.
946 3095 983 3154 llt
999 3093 1072 3152 haec
1089 3095 1191 3152 omnia

110 3193 279 3254 obtinentur
298 3210 348 3271 per
368 3197 473 3255 mertia
492 3195 640 3254 Passionis
660 3191 792 3268 Christi,
812 3193 864 3270 qul
883 3193 915 3250 ln
935 3191 1057 3251 humaui
1078 3191 1190 3266 generis

5 3289 7 3332 l
114 3294 328 3370 reparationem
344 3299 462 3354 aeterno
482 3291 563 3354 Patri
580 3309 611 3352 se
632 3307 664 3352 se
677 3291 782 3352 obtulit
801 3291 927 3350 hasnam
945 3289 1114 3350 salutarem.
1130 3286 1191 3348 Sub

111 3393 168 3454 hoc
187 3407 275 3470 porro
294 3391 460 3470 algnlllcatu
478 3393 645 3468 saepissima
658 3393 689 3450 lu
703 3389 818 3466 scriptis
832 3386 999 3464 apostolicis
1012 3384 1138 3462 legitur,
1155 3383 1192 3444 ue

5 3487 7 3504 '
111 3505 171 3568 quo
190 3491 263 3551 ntuli
286 3499 350 3568 est,
375 3497 409 3551 ut
428 3491 512 3567 plura
534 3490 689 3550 addantur.

153 3590 235 3650 Atlas
255 3588 388 3667 Apostoll
407 3589 462 3650 sub
482 3589 606 3666 simplici
623 3585 780 3648 ablutionis
796 3585 988 3662 explicatione
1005 3584 1191 3659 sumpserurnt

110 3701 213 3744 uocem
224 3684 384 3764 baptisma,
393 3689 482 3764 juxta
494 3703 587 3764 nuper
603 3685 714 3746 (lictum
728 3699 847 3746 sensum
860 3684 892 3742 in
905 3681 996 3742 ueteri
1006 3680 1191 3741 Testamenta

109 3783 262 3844 madlmm.
285 3785 319 3844 ln
334 3783 495 3863 Evangelio
508 3785 569 3845 dlul
587 3783 681 3845 Marci
694 3783 831 3844 dicuntur
840 3781 964 3860 judaei,
985 3785 1015 3840 et
1032 3777 1190 3856 pharisaei,

109 3883 168 3942 nlsl
180 3881 381 3960 baptizentur,
396 3886 459 3943 siue
477 3885 533 3944 nist
548 3884 703 3959 laventur,
719 3897 779 3942 nou
791 3881 979 3942 ruauducere.
996 3877 1134 3938 Similiter
1147 3873 1187 3950 (a)

110 3979 216 4058 legitur
235 3979 272 4041 cle
292 3980 467 4058 baptismate
481 3979 626 4058 calicum,
648 3983 677 4040 et
690 3993 855 4040 urceorum.
870 3979 944 4038 ltem
957 3975 1066 4036 Paulus
1079 3972 1117 4034 nd
1130 3972 1189 4032 lle·
1268 3983 1275 3998 ·

137 4187 179 4318 (31
187 4189 281 4242 luditis.
297 4204 319 4242 o.
332 4193 387 4242 llll.
407 4191 518 4254 iniusta
540 4195 580 4242 lu.
591 4217 621 4230 —
634 4187 668 4254 (l)
691 4189 781 4242 accius
797 4203 819 4238 c.
835 4189 943 4238 xxxiv.
960 4191 998 4238 ³0.
1013 4211 1043 4224 —
1055 4181 1089 4247 (i)
1111 4183 1184 4232 liare.

109 4281 132 4316 c.
180 4271 199 4318 1.
216 4277 237 4320 t.
1051 4300 1055 4312 .
1165 4286 1169 4298 ·
