<?xml version="1.0" encoding="UTF-8"?>
<!DOCTYPE html PUBLIC "-//W3C//DTD XHTML 1.0 Transitional//EN"
    "http://www.w3.org/TR/xhtml1/DTD/xhtml1-transitional.dtd">
<html xmlns="http://www.w3.org/1999/xhtml" xml:lang="en" lang="en">
 <head>
  <title>
</title>
<meta http-equiv="Content-Type" content="text/html;charset=utf-8" />
  <meta name='ocr-system' content='tesseract 3.04.00' />
  <meta name='ocr-capabilities' content='ocr_page ocr_carea ocr_par ocr_line ocrx_word'/>
</head>
<body>
  <div class='ocr_page' id='page_1' title='image "./sessioquartacon00vincgoog_0081.png"; bbox 0 0 3070 5180; ppageno 0'>
   <div class='ocr_carea' id='block_1_1' title="bbox 261 393 1416 4134">
    <p class='ocr_par' dir='ltr' id='par_1_1' title="bbox 322 393 1410 874">
     <span class='ocr_line' id='line_1_1' title="bbox 437 393 950 448; baseline 0.002 -18"><span class='ocrx_word' id='word_1_1' title='bbox 437 393 444 430; x_wconf 85' lang='grc' dir='ltr'><strong><em>ν</em></strong></span> <span class='ocrx_word' id='word_1_2' title='bbox 790 421 829 430; x_wconf 70' lang='grc'><strong>.-</strong></span> <span class='ocrx_word' id='word_1_3' title='bbox 851 397 888 448; x_wconf 72' lang='lat' dir='ltr'><strong>pp</strong></span> <span class='ocrx_word' id='word_1_4' title='bbox 911 423 950 431; x_wconf 88' lang='grc'><strong>.-</strong></span> 
     </span>
     <span class='ocr_line' id='line_1_2' title="bbox 322 503 1408 582; baseline 0.001 -16"><span class='ocrx_word' id='word_1_5' title='bbox 322 507 497 582; x_wconf 86' lang='lat' dir='ltr'><strong>scriptorum</strong></span> <span class='ocrx_word' id='word_1_6' title='bbox 513 510 630 564; x_wconf 86' lang='lat' dir='ltr'><strong>tantum</strong></span> <span class='ocrx_word' id='word_1_7' title='bbox 652 504 778 580; x_wconf 86' lang='lat' dir='ltr'><strong>Romae,</strong></span> <span class='ocrx_word' id='word_1_8' title='bbox 793 505 840 563; x_wconf 89' lang='lat' dir='ltr'><strong>vel</strong></span> <span class='ocrx_word' id='word_1_9' title='bbox 854 503 999 565; x_wconf 86' lang='lat' dir='ltr'><strong>Ecclesiae</strong></span> <span class='ocrx_word' id='word_1_10' title='bbox 1012 505 1132 566; x_wconf 77' lang='lat' dir='ltr'><strong>Latinae</strong></span> <span class='ocrx_word' id='word_1_11' title='bbox 1144 505 1330 566; x_wconf 82' lang='lat' dir='ltr'><strong>occidentalis</strong></span> <span class='ocrx_word' id='word_1_12' title='bbox 1342 523 1408 568; x_wconf 88' lang='lat' dir='ltr'><strong>een·</strong></span> 
     </span>
     <span class='ocr_line' id='line_1_3' title="bbox 322 601 1410 681; baseline 0.002 -19"><span class='ocrx_word' id='word_1_13' title='bbox 322 607 437 662; x_wconf 90' lang='lat' dir='ltr'><strong>sionem</strong></span> <span class='ocrx_word' id='word_1_14' title='bbox 455 619 587 680; x_wconf 82' lang='lat' dir='ltr'>agemus,</span> <span class='ocrx_word' id='word_1_15' title='bbox 601 607 630 660; x_wconf 94' lang='lat' dir='ltr'><strong>et</strong></span> <span class='ocrx_word' id='word_1_16' title='bbox 643 601 785 678; x_wconf 88' lang='lat' dir='ltr'><strong>quidquid</strong></span> <span class='ocrx_word' id='word_1_17' title='bbox 798 619 836 662; x_wconf 86' lang='lat' dir='ltr'><strong>ex</strong></span> <span class='ocrx_word' id='word_1_18' title='bbox 852 619 952 662; x_wconf 89' lang='lat' dir='ltr'><strong>eorum</strong></span> <span class='ocrx_word' id='word_1_19' title='bbox 965 601 1047 661; x_wconf 88' lang='lat' dir='ltr'><strong>libris</strong></span> <span class='ocrx_word' id='word_1_20' title='bbox 1060 619 1113 680; x_wconf 91' lang='lat' dir='ltr'><strong>pro</strong></span> <span class='ocrx_word' id='word_1_21' title='bbox 1128 605 1236 663; x_wconf 88' lang='lat' dir='ltr'><strong>nostris</strong></span> <span class='ocrx_word' id='word_1_22' title='bbox 1252 603 1410 681; x_wconf 80' lang='lat' dir='ltr'><strong>Scriptirris</strong></span> 
     </span>
     <span class='ocr_line' id='line_1_4' title="bbox 323 699 1410 778; baseline 0.001 -19"><span class='ocrx_word' id='word_1_23' title='bbox 323 702 435 760; x_wconf 87' lang='lat' dir='ltr'><strong>hauriri</strong></span> <span class='ocrx_word' id='word_1_24' title='bbox 448 706 558 776; x_wconf 90' lang='lat' dir='ltr'><strong>potest,</strong></span> <span class='ocrx_word' id='word_1_25' title='bbox 569 701 599 757; x_wconf 92' lang='lat' dir='ltr'><strong>in</strong></span> <span class='ocrx_word' id='word_1_26' title='bbox 613 699 741 758; x_wconf 90' lang='lat' dir='ltr'><strong>medium</strong></span> <span class='ocrx_word' id='word_1_27' title='bbox 753 699 945 776; x_wconf 82' lang='lat' dir='ltr'>proferemus,</span> <span class='ocrx_word' id='word_1_28' title='bbox 956 701 1068 778; x_wconf 78' lang='lat' dir='ltr'><strong>legibus</strong></span> <span class='ocrx_word' id='word_1_29' title='bbox 1078 701 1300 778; x_wconf 80' lang='lat' dir='ltr'><strong>chronologicis,</strong></span> <span class='ocrx_word' id='word_1_30' title='bbox 1310 701 1410 778; x_wconf 86' lang='lat' dir='ltr'><strong>quoad</strong></span> 
     </span>
     <span class='ocr_line' id='line_1_5' title="bbox 323 799 678 874; baseline -0.006 -17"><span class='ocrx_word' id='word_1_31' title='bbox 323 799 386 858; x_wconf 89' lang='lat' dir='ltr'><strong>lieri</strong></span> <span class='ocrx_word' id='word_1_32' title='bbox 405 805 519 874; x_wconf 86' lang='lat' dir='ltr'><strong>potest,</strong></span> <span class='ocrx_word' id='word_1_33' title='bbox 542 799 678 856; x_wconf 87' lang='lat' dir='ltr'><strong>servatis.</strong></span> 
     </span>
    </p>

    <p class='ocr_par' dir='ltr' id='par_1_2' title="bbox 323 895 1416 3094">
     <span class='ocr_line' id='line_1_6' title="bbox 364 895 1412 970; baseline 0.001 -16"><span class='ocrx_word' id='word_1_34' title='bbox 364 897 391 970; x_wconf 77' lang='lat' dir='ltr'><strong>S.</strong></span> <span class='ocrx_word' id='word_1_35' title='bbox 414 897 453 954; x_wconf 87' lang='lat' dir='ltr'><strong>H.</strong></span> <span class='ocrx_word' id='word_1_36' title='bbox 477 895 552 953; x_wconf 86' lang='lat' dir='ltr'>Prae</span> <span class='ocrx_word' id='word_1_37' title='bbox 571 895 707 954; x_wconf 89' lang='lat' dir='ltr'><strong>omnibus</strong></span> <span class='ocrx_word' id='word_1_38' title='bbox 727 895 783 954; x_wconf 86' lang='lat' dir='ltr'><strong>hac</strong></span> <span class='ocrx_word' id='word_1_39' title='bbox 800 897 831 953; x_wconf 93' lang='lat' dir='ltr'><strong>ln</strong></span> <span class='ocrx_word' id='word_1_40' title='bbox 849 895 977 954; x_wconf 81' lang='lat' dir='ltr'><strong>Ecclesia</strong></span> <span class='ocrx_word' id='word_1_41' title='bbox 999 895 1095 954; x_wconf 88' lang='lat' dir='ltr'><strong>locum</strong></span> <span class='ocrx_word' id='word_1_42' title='bbox 1111 901 1190 954; x_wconf 84' lang='lat' dir='ltr'><strong>tenet</strong></span> <span class='ocrx_word' id='word_1_43' title='bbox 1210 901 1328 954; x_wconf 85' lang='lat' dir='ltr'><strong>sanctus</strong></span> <span class='ocrx_word' id='word_1_44' title='bbox 1348 895 1412 955; x_wconf 87' lang='lat' dir='ltr'><strong>Cle-</strong></span> 
     </span>
     <span class='ocr_line' id='line_1_7' title="bbox 324 993 1414 1076; baseline -0.006 -22"><span class='ocrx_word' id='word_1_45' title='bbox 324 1010 422 1068; x_wconf 89' lang='lat' dir='ltr'><strong>mens,</strong></span> <span class='ocrx_word' id='word_1_46' title='bbox 445 997 527 1068; x_wconf 89' lang='lat' dir='ltr'><strong>cujus</strong></span> <span class='ocrx_word' id='word_1_47' title='bbox 550 999 662 1068; x_wconf 82' lang='lat' dir='ltr'><strong>quamn</strong></span> <span class='ocrx_word' id='word_1_48' title='bbox 685 995 723 1051; x_wconf 91' lang='lat' dir='ltr'><strong>sit</strong></span> <span class='ocrx_word' id='word_1_49' title='bbox 741 996 900 1052; x_wconf 85' lang='lat' dir='ltr'><strong>auctoritas</strong></span> <span class='ocrx_word' id='word_1_50' title='bbox 927 993 1012 1052; x_wconf 92' lang='lat' dir='ltr'><strong>divus</strong></span> <span class='ocrx_word' id='word_1_51' title='bbox 1032 995 1167 1053; x_wconf 88' lang='lat' dir='ltr'><strong>Irenaeus</strong></span> <span class='ocrx_word' id='word_1_52' title='bbox 1186 993 1270 1054; x_wconf 86' lang='lat' dir='ltr'><strong>dicit:</strong></span> <span class='ocrx_word' id='word_1_53' title='bbox 1290 1016 1303 1042; x_wconf 79' lang='grc' dir='ltr'><strong><em>ι</em></strong></span> <span class='ocrx_word' id='word_1_54' title='bbox 1333 994 1414 1076; x_wconf 59' lang='grc' dir='ltr'><strong>Μιτὲ</strong></span> 
     </span>
     <span class='ocr_line' id='line_1_8' title="bbox 323 1089 1412 1166; baseline 0.003 -22"><span class='ocrx_word' id='word_1_55' title='bbox 323 1095 411 1146; x_wconf 82' lang='grc' dir='ltr'><strong><em>τοῦτον</em></strong></span> <span class='ocrx_word' id='word_1_56' title='bbox 440 1092 465 1144; x_wconf 79' lang='grc' dir='ltr'><strong>δὲ</strong></span> <span class='ocrx_word' id='word_1_57' title='bbox 489 1090 563 1164; x_wconf 72' lang='grc' dir='ltr'><strong><em>τρίτῳ</em></strong></span> <span class='ocrx_word' id='word_1_58' title='bbox 593 1089 661 1160; x_wconf 77' lang='grc' dir='ltr'><strong>τόπῳ</strong></span> <span class='ocrx_word' id='word_1_59' title='bbox 681 1091 735 1144; x_wconf 79' lang='grc' dir='ltr'><strong>οἱτό</strong></span> <span class='ocrx_word' id='word_1_60' title='bbox 767 1093 813 1144; x_wconf 73' lang='grc' dir='ltr'><strong>τῶν</strong></span> <span class='ocrx_word' id='word_1_61' title='bbox 832 1091 994 1145; x_wconf 58' lang='lat' dir='ltr'><strong>’Apameam</strong></span> <span class='ocrx_word' id='word_1_62' title='bbox 1021 1091 1066 1151; x_wconf 69' lang='grc' dir='ltr'><strong>τήν</strong></span> <span class='ocrx_word' id='word_1_63' title='bbox 1097 1093 1238 1148; x_wconf 59' lang='lat' dir='ltr'><strong>§canoris</strong></span> <span class='ocrx_word' id='word_1_64' title='bbox 1269 1097 1412 1166; x_wconf 71' lang='grc' dir='ltr'><strong><em>πληροῦται</em></strong></span> 
     </span>
     <span class='ocr_line' id='line_1_9' title="bbox 324 1181 1415 1257; baseline 0.002 -21"><span class='ocrx_word' id='word_1_65' title='bbox 324 1183 453 1256; x_wconf 76' lang='grc' dir='ltr'><strong><em>Κλήμης,</em></strong></span> <span class='ocrx_word' id='word_1_66' title='bbox 476 1184 490 1236; x_wconf 91' lang='grc' dir='ltr'><strong>ο’</strong></span> <span class='ocrx_word' id='word_1_67' title='bbox 513 1184 557 1237; x_wconf 80' lang='grc' dir='ltr'><strong><em>καί</em></strong></span> <span class='ocrx_word' id='word_1_68' title='bbox 579 1183 693 1256; x_wconf 66' lang='grc' dir='ltr'><strong><em>ἑωρακώς</em></strong></span> <span class='ocrx_word' id='word_1_69' title='bbox 708 1185 767 1244; x_wconf 82' lang='grc' dir='ltr'><strong>τούς</strong></span> <span class='ocrx_word' id='word_1_70' title='bbox 788 1181 1142 1254; x_wconf 76' lang='grc' dir='ltr'><strong><em>μακαριόυς-’Λτοστόλοος,</em></strong></span> <span class='ocrx_word' id='word_1_71' title='bbox 1162 1185 1207 1238; x_wconf 70' lang='grc' dir='ltr'><strong>κατ’</strong></span> <span class='ocrx_word' id='word_1_72' title='bbox 1227 1183 1415 1257; x_wconf 69' lang='grc' dir='ltr'><strong><em>σομβιβιωκοδς</em></strong></span> 
     </span>
     <span class='ocr_line' id='line_1_10' title="bbox 324 1272 1416 1348; baseline 0 -20"><span class='ocrx_word' id='word_1_73' title='bbox 324 1275 435 1341; x_wconf 71' lang='grc' dir='ltr'><strong><em>αὐτοῖς,</em></strong></span> <span class='ocrx_word' id='word_1_74' title='bbox 473 1275 516 1328; x_wconf 79' lang='grc' dir='ltr'><strong>καὶ</strong></span> <span class='ocrx_word' id='word_1_75' title='bbox 540 1272 579 1328; x_wconf 78' lang='grc' dir='ltr'><strong>ἔτι</strong></span> <span class='ocrx_word' id='word_1_76' title='bbox 594 1273 700 1328; x_wconf 82' lang='grc' dir='ltr'><strong><em>ἔναυλον</em></strong></span> <span class='ocrx_word' id='word_1_77' title='bbox 723 1275 752 1328; x_wconf 71' lang='lat' dir='ltr'><strong>ro*</strong></span> <span class='ocrx_word' id='word_1_78' title='bbox 777 1274 899 1346; x_wconf 66' lang='grc' dir='ltr'><strong>κήρυγμα</strong></span> <span class='ocrx_word' id='word_1_79' title='bbox 918 1277 965 1328; x_wconf 75' lang='grc' dir='ltr'><strong><em>τοῖν</em></strong></span> <span class='ocrx_word' id='word_1_80' title='bbox 981 1276 1165 1340; x_wconf 76' lang='grc' dir='ltr'><strong><em>Ἀποστόλινν,</em></strong></span> <span class='ocrx_word' id='word_1_81' title='bbox 1191 1277 1234 1329; x_wconf 77' lang='grc' dir='ltr'><strong>καὶ</strong></span> <span class='ocrx_word' id='word_1_82' title='bbox 1258 1277 1304 1334; x_wconf 65' lang='lat' dir='ltr'><strong>*raia</strong></span> <span class='ocrx_word' id='word_1_83' title='bbox 1327 1277 1416 1348; x_wconf 74' lang='grc' dir='ltr'><strong><em>παροί-</em></strong></span> 
     </span>
     <span class='ocr_line' id='line_1_11' title="bbox 327 1364 1414 1438; baseline 0.001 -20"><span class='ocrx_word' id='word_1_84' title='bbox 327 1371 402 1419; x_wconf 71' lang='lat' dir='ltr'><strong>unca</strong></span> <span class='ocrx_word' id='word_1_85' title='bbox 421 1366 469 1438; x_wconf 76' lang='grc' dir='ltr'><strong>πρὸ</strong></span> <span class='ocrx_word' id='word_1_86' title='bbox 486 1364 627 1438; x_wconf 68' lang='grc' dir='ltr'><strong><em>ὀφθαλμοῖν</em></strong></span> <span class='ocrx_word' id='word_1_87' title='bbox 643 1366 729 1438; x_wconf 81' lang='grc' dir='ltr'><strong><em>ἕχον,</em></strong></span> <span class='ocrx_word' id='word_1_88' title='bbox 754 1365 783 1419; x_wconf 76' lang='grc' dir='ltr'><strong>οὐ</strong></span> <span class='ocrx_word' id='word_1_89' title='bbox 803 1367 889 1436; x_wconf 76' lang='grc' dir='ltr'><strong><em>μόνος·</em></strong></span> <span class='ocrx_word' id='word_1_90' title='bbox 910 1365 947 1420; x_wconf 78' lang='grc' dir='ltr'><strong>’ἔτι</strong></span> <span class='ocrx_word' id='word_1_91' title='bbox 972 1367 1023 1438; x_wconf 73' lang='grc' dir='ltr'><strong>γάρ</strong></span> <span class='ocrx_word' id='word_1_92' title='bbox 1048 1368 1143 1420; x_wconf 72' lang='grc' dir='ltr'><strong><em>πολλοὶ</em></strong></span> <span class='ocrx_word' id='word_1_93' title='bbox 1166 1366 1330 1421; x_wconf 74' lang='grc' dir='ltr'><strong><em>ὑπελείποντο</em></strong></span> <span class='ocrx_word' id='word_1_94' title='bbox 1351 1387 1414 1419; x_wconf 86' lang='grc' dir='ltr'><strong><em>τοτε</em></strong></span> 
     </span>
     <span class='ocr_line' id='line_1_12' title="bbox 324 1457 1412 1533; baseline 0.006 -23"><span class='ocrx_word' id='word_1_95' title='bbox 324 1457 377 1510; x_wconf 71' lang='lat' dir='ltr'><strong>dard</strong></span> <span class='ocrx_word' id='word_1_96' title='bbox 398 1460 444 1510; x_wconf 70' lang='grc' dir='ltr'><strong>τῶν</strong></span> <span class='ocrx_word' id='word_1_97' title='bbox 465 1458 628 1512; x_wconf 63' lang='lat' dir='ltr'><strong>&#39;Apamiam</strong></span> <span class='ocrx_word' id='word_1_98' title='bbox 653 1459 846 1529; x_wconf 70' lang='grc' dir='ltr'><strong><em>δεδιδαγμένοι,</em></strong></span> <span class='ocrx_word' id='word_1_99' title='bbox 865 1460 919 1517; x_wconf 87' lang='lat' dir='ltr'><strong>i.e.</strong></span> <span class='ocrx_word' id='word_1_100' title='bbox 934 1457 1004 1517; x_wconf 80' lang='lat' dir='ltr'><strong>Post</strong></span> <span class='ocrx_word' id='word_1_101' title='bbox 1011 1457 1089 1516; x_wconf 81' lang='lat' dir='ltr'><strong>hunc</strong></span> <span class='ocrx_word' id='word_1_102' title='bbox 1101 1457 1295 1533; x_wconf 73' lang='lat' dir='ltr'><strong>(Andcletllm)</strong></span> <span class='ocrx_word' id='word_1_103' title='bbox 1310 1464 1412 1518; x_wconf 62' lang='lat' dir='ltr'><strong>alitem</strong></span> 
     </span>
     <span class='ocr_line' id='line_1_13' title="bbox 325 1556 1413 1632; baseline 0 -18"><span class='ocrx_word' id='word_1_104' title='bbox 325 1559 411 1615; x_wconf 88' lang='lat' dir='ltr'><strong>tertio</strong></span> <span class='ocrx_word' id='word_1_105' title='bbox 420 1556 484 1616; x_wconf 87' lang='lat' dir='ltr'><strong>loco</strong></span> <span class='ocrx_word' id='word_1_106' title='bbox 499 1557 538 1614; x_wconf 84' lang='lat' dir='ltr'><strong>ab</strong></span> <span class='ocrx_word' id='word_1_107' title='bbox 548 1557 695 1632; x_wconf 84' lang='lat' dir='ltr'><strong>Apostolis</strong></span> <span class='ocrx_word' id='word_1_108' title='bbox 706 1558 908 1632; x_wconf 83' lang='lat' dir='ltr'><strong>Episcopatum</strong></span> <span class='ocrx_word' id='word_1_109' title='bbox 920 1556 1056 1631; x_wconf 83' lang='lat' dir='ltr'><strong>(Romae)</strong></span> <span class='ocrx_word' id='word_1_110' title='bbox 1070 1558 1189 1614; x_wconf 72' lang='lat' dir='ltr'><strong>sortium</strong></span> <span class='ocrx_word' id='word_1_111' title='bbox 1202 1556 1344 1631; x_wconf 87' lang='lat' dir='ltr'><strong>Clemens,</strong></span> <span class='ocrx_word' id='word_1_112' title='bbox 1358 1559 1413 1632; x_wconf 88' lang='lat' dir='ltr'><strong>qul</strong></span> 
     </span>
     <span class='ocr_line' id='line_1_14' title="bbox 326 1654 1412 1732; baseline 0.001 -20"><span class='ocrx_word' id='word_1_113' title='bbox 326 1662 355 1713; x_wconf 88' lang='lat' dir='ltr'><strong>et</strong></span> <span class='ocrx_word' id='word_1_114' title='bbox 373 1654 449 1713; x_wconf 83' lang='lat' dir='ltr'><strong>vidit</strong></span> <span class='ocrx_word' id='word_1_115' title='bbox 467 1655 567 1714; x_wconf 81' lang='lat' dir='ltr'><strong>beatos</strong></span> <span class='ocrx_word' id='word_1_116' title='bbox 583 1656 754 1732; x_wconf 74' lang='lat' dir='ltr'><strong>Apostolos,</strong></span> <span class='ocrx_word' id='word_1_117' title='bbox 780 1662 809 1714; x_wconf 86' lang='lat' dir='ltr'><strong>et</strong></span> <span class='ocrx_word' id='word_1_118' title='bbox 828 1672 896 1714; x_wconf 91' lang='lat' dir='ltr'><strong>eum</strong></span> <span class='ocrx_word' id='word_1_119' title='bbox 915 1657 951 1714; x_wconf 87' lang='lat' dir='ltr'><strong>ils</strong></span> <span class='ocrx_word' id='word_1_120' title='bbox 971 1660 1104 1712; x_wconf 70' lang='lat' dir='ltr'><strong>vmsatus</strong></span> <span class='ocrx_word' id='word_1_121' title='bbox 1123 1659 1185 1730; x_wconf 87' lang='lat' dir='ltr'><strong>est,</strong></span> <span class='ocrx_word' id='word_1_122' title='bbox 1203 1660 1232 1712; x_wconf 91' lang='lat' dir='ltr'><strong>et</strong></span> <span class='ocrx_word' id='word_1_123' title='bbox 1251 1655 1346 1713; x_wconf 89' lang='lat' dir='ltr'><strong>adhue</strong></span> <span class='ocrx_word' id='word_1_124' title='bbox 1364 1669 1412 1713; x_wconf 88' lang='lat' dir='ltr'><strong>re-</strong></span> 
     </span>
     <span class='ocr_line' id='line_1_15' title="bbox 327 1751 1412 1830; baseline 0.002 -20"><span class='ocrx_word' id='word_1_125' title='bbox 327 1758 479 1811; x_wconf 86' lang='lat' dir='ltr'><strong>sonantem</strong></span> <span class='ocrx_word' id='word_1_126' title='bbox 492 1753 737 1829; x_wconf 80' lang='lat' dir='ltr'><strong>praedicationem</strong></span> <span class='ocrx_word' id='word_1_127' title='bbox 750 1753 971 1830; x_wconf 84' lang='lat' dir='ltr'><strong>Apostolorum,</strong></span> <span class='ocrx_word' id='word_1_128' title='bbox 986 1759 1015 1812; x_wconf 89' lang='lat' dir='ltr'><strong>et</strong></span> <span class='ocrx_word' id='word_1_129' title='bbox 1026 1751 1212 1812; x_wconf 84' lang='lat' dir='ltr'><strong>traditionem</strong></span> <span class='ocrx_word' id='word_1_130' title='bbox 1227 1757 1294 1812; x_wconf 81' lang='lat' dir='ltr'><strong>anie</strong></span> <span class='ocrx_word' id='word_1_131' title='bbox 1310 1753 1412 1812; x_wconf 85' lang='lat' dir='ltr'><strong>oeulos</strong></span> 
     </span>
     <span class='ocr_line' id='line_1_16' title="bbox 325 1849 1412 1927; baseline 0 -19"><span class='ocrx_word' id='word_1_132' title='bbox 325 1855 444 1925; x_wconf 88' lang='lat' dir='ltr'><strong>tenens,</strong></span> <span class='ocrx_word' id='word_1_133' title='bbox 466 1867 526 1908; x_wconf 92' lang='lat' dir='ltr'><strong>non</strong></span> <span class='ocrx_word' id='word_1_134' title='bbox 545 1851 643 1925; x_wconf 82' lang='lat' dir='ltr'><strong>solus3</strong></span> <span class='ocrx_word' id='word_1_135' title='bbox 665 1851 760 1909; x_wconf 85' lang='lat' dir='ltr'><strong>adhuc</strong></span> <span class='ocrx_word' id='word_1_136' title='bbox 781 1852 858 1909; x_wconf 91' lang='lat' dir='ltr'><strong>enim</strong></span> <span class='ocrx_word' id='word_1_137' title='bbox 881 1851 966 1908; x_wconf 90' lang='lat' dir='ltr'><strong>multi</strong></span> <span class='ocrx_word' id='word_1_138' title='bbox 995 1855 1164 1925; x_wconf 86' lang='lat' dir='ltr'><strong>supererant</strong></span> <span class='ocrx_word' id='word_1_139' title='bbox 1181 1852 1251 1908; x_wconf 80' lang='lat' dir='ltr'><strong>tuine</strong></span> <span class='ocrx_word' id='word_1_140' title='bbox 1270 1849 1308 1908; x_wconf 87' lang='lat' dir='ltr'><strong>ab</strong></span> <span class='ocrx_word' id='word_1_141' title='bbox 1330 1849 1412 1927; x_wconf 76' lang='lat' dir='ltr'><strong>Apo-</strong></span> 
     </span>
     <span class='ocr_line' id='line_1_17' title="bbox 327 1946 1411 2026; baseline 0.002 -21"><span class='ocrx_word' id='word_1_142' title='bbox 327 1946 409 2006; x_wconf 85' lang='lat' dir='ltr'><strong>stolis</strong></span> <span class='ocrx_word' id='word_1_143' title='bbox 431 1948 520 2006; x_wconf 82' lang='lat' dir='ltr'><strong>docti.</strong></span> <span class='ocrx_word' id='word_1_144' title='bbox 540 1973 552 1998; x_wconf 73' lang='grc' dir='ltr'><strong>»ι</strong></span> <span class='ocrx_word' id='word_1_145' title='bbox 569 1948 651 2008; x_wconf 91' lang='lat' dir='ltr'><strong>Idem</strong></span> <span class='ocrx_word' id='word_1_146' title='bbox 669 1947 808 2026; x_wconf 86' lang='lat' dir='ltr'><strong>Origenes</strong></span> <span class='ocrx_word' id='word_1_147' title='bbox 823 1955 852 2008; x_wconf 92' lang='lat' dir='ltr'><strong>et</strong></span> <span class='ocrx_word' id='word_1_148' title='bbox 870 1949 1066 2024; x_wconf 87' lang='lat' dir='ltr'><strong>Hieronymus</strong></span> <span class='ocrx_word' id='word_1_149' title='bbox 1083 1953 1236 2006; x_wconf 78' lang='lat' dir='ltr'><strong>testantur.</strong></span> <span class='ocrx_word' id='word_1_150' title='bbox 1256 1948 1285 2006; x_wconf 86' lang='lat' dir='ltr'><strong>ls</strong></span> <span class='ocrx_word' id='word_1_151' title='bbox 1301 1950 1333 2006; x_wconf 87' lang='lat' dir='ltr'><strong>in</strong></span> <span class='ocrx_word' id='word_1_152' title='bbox 1354 1964 1411 2007; x_wconf 88' lang='lat' dir='ltr'><strong>sua</strong></span> 
     </span>
     <span class='ocr_line' id='line_1_18' title="bbox 327 2044 1410 2123; baseline 0.003 -21"><span class='ocrx_word' id='word_1_153' title='bbox 327 2044 457 2118; x_wconf 85' lang='lat' dir='ltr'><strong>Epistola</strong></span> <span class='ocrx_word' id='word_1_154' title='bbox 475 2045 514 2104; x_wconf 84' lang='lat' dir='ltr'><strong>ud</strong></span> <span class='ocrx_word' id='word_1_155' title='bbox 532 2047 706 2121; x_wconf 84' lang='lat' dir='ltr'><strong>corinthios,</strong></span> <span class='ocrx_word' id='word_1_156' title='bbox 727 2047 763 2106; x_wconf 91' lang='lat' dir='ltr'><strong>de</strong></span> <span class='ocrx_word' id='word_1_157' title='bbox 782 2063 842 2123; x_wconf 87' lang='lat' dir='ltr'><strong>qua</strong></span> <span class='ocrx_word' id='word_1_158' title='bbox 866 2046 938 2104; x_wconf 92' lang='lat' dir='ltr'><strong>nihil</strong></span> <span class='ocrx_word' id='word_1_159' title='bbox 958 2045 1040 2104; x_wconf 85' lang='lat' dir='ltr'><strong>dubii</strong></span> <span class='ocrx_word' id='word_1_160' title='bbox 1058 2044 1154 2104; x_wconf 88' lang='lat' dir='ltr'><strong>edhue</strong></span> <span class='ocrx_word' id='word_1_161' title='bbox 1174 2051 1324 2121; x_wconf 74' lang='lat' dir='ltr'><strong>superest,</strong></span> <span class='ocrx_word' id='word_1_162' title='bbox 1344 2063 1410 2105; x_wconf 88' lang='lat' dir='ltr'><strong>sae-</strong></span> 
     </span>
     <span class='ocr_line' id='line_1_19' title="bbox 326 2141 1410 2219; baseline 0.004 -20"><span class='ocrx_word' id='word_1_163' title='bbox 326 2144 392 2216; x_wconf 89' lang='lat' dir='ltr'><strong>pius</strong></span> <span class='ocrx_word' id='word_1_164' title='bbox 410 2143 710 2202; x_wconf 78' lang='lat' dir='ltr'><strong>Dentato-Canonium</strong></span> <span class='ocrx_word' id='word_1_165' title='bbox 728 2147 834 2203; x_wconf 87' lang='lat' dir='ltr'><strong>veteris</strong></span> <span class='ocrx_word' id='word_1_166' title='bbox 856 2145 1021 2219; x_wconf 86' lang='lat' dir='ltr'><strong>Scripturas</strong></span> <span class='ocrx_word' id='word_1_167' title='bbox 1039 2142 1129 2201; x_wconf 89' lang='lat' dir='ltr'><strong>libros</strong></span> <span class='ocrx_word' id='word_1_168' title='bbox 1142 2141 1278 2218; x_wconf 86' lang='lat' dir='ltr'><strong>appellat.</strong></span> <span class='ocrx_word' id='word_1_169' title='bbox 1300 2142 1410 2203; x_wconf 78' lang='lat' dir='ltr'><strong>adsa-</strong></span> 
     </span>
     <span class='ocr_line' id='line_1_20' title="bbox 326 2239 1409 2317; baseline 0.002 -20"><span class='ocrx_word' id='word_1_170' title='bbox 326 2241 451 2315; x_wconf 87' lang='lat' dir='ltr'><strong>pientiae</strong></span> <span class='ocrx_word' id='word_1_171' title='bbox 463 2241 569 2300; x_wconf 89' lang='lat' dir='ltr'><strong>librum</strong></span> <span class='ocrx_word' id='word_1_172' title='bbox 584 2245 679 2317; x_wconf 91' lang='lat' dir='ltr'><strong>primo</strong></span> <span class='ocrx_word' id='word_1_173' title='bbox 690 2243 747 2300; x_wconf 92' lang='lat' dir='ltr'><strong>illis</strong></span> <span class='ocrx_word' id='word_1_174' title='bbox 759 2243 872 2300; x_wconf 89' lang='lat' dir='ltr'><strong>verbis:</strong></span> <span class='ocrx_word' id='word_1_175' title='bbox 887 2242 925 2315; x_wconf 79' lang='lat'><strong>(1)</strong></span> <span class='ocrx_word' id='word_1_176' title='bbox 939 2265 952 2290; x_wconf 76' lang='grc' dir='ltr'><strong><em>ι</em></strong></span> <span class='ocrx_word' id='word_1_177' title='bbox 966 2239 1022 2300; x_wconf 90' lang='lat' dir='ltr'><strong>Sed</strong></span> <span class='ocrx_word' id='word_1_178' title='bbox 1034 2241 1233 2315; x_wconf 84' lang='lat' dir='ltr'><strong>unusquisque</strong></span> <span class='ocrx_word' id='word_1_179' title='bbox 1248 2240 1409 2300; x_wconf 85' lang='lat' dir='ltr'><strong>secundnm</strong></span> 
     </span>
     <span class='ocr_line' id='line_1_21' title="bbox 327 2339 1411 2415; baseline 0.001 -19"><span class='ocrx_word' id='word_1_180' title='bbox 327 2353 434 2412; x_wconf 80' lang='lat' dir='ltr'><strong>pravas</strong></span> <span class='ocrx_word' id='word_1_181' title='bbox 451 2339 622 2413; x_wconf 83' lang='lat' dir='ltr'><strong>cupiditates</strong></span> <span class='ocrx_word' id='word_1_182' title='bbox 644 2356 713 2398; x_wconf 88' lang='lat' dir='ltr'><strong>suas</strong></span> <span class='ocrx_word' id='word_1_183' title='bbox 728 2339 852 2415; x_wconf 89' lang='lat' dir='ltr'><strong>incedit,</strong></span> <span class='ocrx_word' id='word_1_184' title='bbox 873 2339 1015 2397; x_wconf 86' lang='lat' dir='ltr'><strong>invidiam</strong></span> <span class='ocrx_word' id='word_1_185' title='bbox 1035 2339 1166 2412; x_wconf 84' lang='lat' dir='ltr'><strong>iniquam</strong></span> <span class='ocrx_word' id='word_1_186' title='bbox 1186 2342 1216 2395; x_wconf 90' lang='lat' dir='ltr'><strong>et</strong></span> <span class='ocrx_word' id='word_1_187' title='bbox 1227 2339 1348 2412; x_wconf 88' lang='lat' dir='ltr'><strong>impiam</strong></span> <span class='ocrx_word' id='word_1_188' title='bbox 1364 2354 1411 2397; x_wconf 84' lang='lat' dir='ltr'><strong>as-</strong></span> 
     </span>
     <span class='ocr_line' id='line_1_22' title="bbox 328 2434 1411 2512; baseline -0.003 -20"><span class='ocrx_word' id='word_1_189' title='bbox 328 2435 484 2493; x_wconf 85' lang='lat' dir='ltr'><strong>sumendo:</strong></span> <span class='ocrx_word' id='word_1_190' title='bbox 500 2468 513 2480; x_wconf 93' lang='lat'><strong>·</strong></span> <span class='ocrx_word' id='word_1_191' title='bbox 528 2437 565 2489; x_wconf 85' lang='grc' dir='ltr'><strong>Δι’</strong></span> <span class='ocrx_word' id='word_1_192' title='bbox 580 2434 610 2490; x_wconf 78' lang='grc' dir='ltr'><strong>οὗ</strong></span> <span class='ocrx_word' id='word_1_193' title='bbox 626 2437 670 2490; x_wconf 72' lang='lat' dir='ltr'><strong>aui</strong></span> <span class='ocrx_word' id='word_1_194' title='bbox 687 2434 799 2499; x_wconf 69' lang='grc' dir='ltr'><strong><em>θάνατος</em></strong></span> <span class='ocrx_word' id='word_1_195' title='bbox 814 2434 938 2495; x_wconf 70' lang='grc' dir='ltr'><strong>εἰσῆλθεν</strong></span> <span class='ocrx_word' id='word_1_196' title='bbox 952 2435 989 2499; x_wconf 78' lang='grc' dir='ltr'><strong>εἷς</strong></span> <span class='ocrx_word' id='word_1_197' title='bbox 1001 2439 1044 2490; x_wconf 78' lang='grc' dir='ltr'><strong>τόν</strong></span> <span class='ocrx_word' id='word_1_198' title='bbox 1058 2437 1167 2506; x_wconf 75' lang='grc' dir='ltr'><strong><em>κόσμον,</em></strong></span> <span class='ocrx_word' id='word_1_199' title='bbox 1179 2439 1199 2496; x_wconf 85' lang='lat' dir='ltr'><strong>i.</strong></span> <span class='ocrx_word' id='word_1_200' title='bbox 1213 2453 1240 2495; x_wconf 84' lang='lat' dir='ltr'><strong>e.</strong></span> <span class='ocrx_word' id='word_1_201' title='bbox 1254 2435 1309 2494; x_wconf 83' lang='lat' dir='ltr'><strong>Per</strong></span> <span class='ocrx_word' id='word_1_202' title='bbox 1319 2451 1411 2512; x_wconf 75' lang='lat' dir='ltr'><strong>quam</strong></span> 
     </span>
     <span class='ocr_line' id='line_1_23' title="bbox 328 2533 1412 2612; baseline 0.002 -20"><span class='ocrx_word' id='word_1_203' title='bbox 328 2540 357 2592; x_wconf 91' lang='lat' dir='ltr'><strong>et</strong></span> <span class='ocrx_word' id='word_1_204' title='bbox 370 2536 620 2596; x_wconf 77' lang='lat' dir='ltr'><strong>morsmtravitin</strong></span> <span class='ocrx_word' id='word_1_205' title='bbox 631 2536 782 2596; x_wconf 90' lang='lat' dir='ltr'><strong>mundum.</strong></span> <span class='ocrx_word' id='word_1_206' title='bbox 802 2563 815 2588; x_wconf 84' lang='lat'>»</span> <span class='ocrx_word' id='word_1_207' title='bbox 831 2536 874 2596; x_wconf 86' lang='lat' dir='ltr'><strong>De</strong></span> <span class='ocrx_word' id='word_1_208' title='bbox 891 2538 992 2596; x_wconf 78' lang='grc' dir='ltr'><strong><em>οοᾱοιη</em></strong></span> <span class='ocrx_word' id='word_1_209' title='bbox 1003 2539 1077 2598; x_wconf 91' lang='lat' dir='ltr'><strong>libro</strong></span> <span class='ocrx_word' id='word_1_210' title='bbox 1090 2545 1176 2598; x_wconf 86' lang='lat' dir='ltr'><strong>sunt:</strong></span> <span class='ocrx_word' id='word_1_211' title='bbox 1193 2535 1232 2612; x_wconf 77' lang='grc' dir='ltr'><strong>(ν)</strong></span> <span class='ocrx_word' id='word_1_212' title='bbox 1251 2559 1264 2585; x_wconf 75' lang='grc' dir='ltr'><strong><em>ι</em></strong></span> <span class='ocrx_word' id='word_1_213' title='bbox 1282 2539 1324 2591; x_wconf 83' lang='grc' dir='ltr'><strong>Ἐκ</strong></span> <span class='ocrx_word' id='word_1_214' title='bbox 1339 2533 1412 2609; x_wconf 77' lang='grc' dir='ltr'><strong>λόγῳ</strong></span> 
     </span>
     <span class='ocr_line' id='line_1_24' title="bbox 328 2633 1411 2708; baseline 0.007 -26"><span class='ocrx_word' id='word_1_215' title='bbox 328 2634 373 2694; x_wconf 79' lang='grc' dir='ltr'><strong>τῆς</strong></span> <span class='ocrx_word' id='word_1_216' title='bbox 394 2634 581 2703; x_wconf 72' lang='grc' dir='ltr'><strong>μεγαλωσύνης</strong></span> <span class='ocrx_word' id='word_1_217' title='bbox 606 2635 687 2688; x_wconf 74' lang='grc' dir='ltr'><strong><em>αὐτοῦ</em></strong></span> <span class='ocrx_word' id='word_1_218' title='bbox 711 2636 891 2694; x_wconf 66' lang='grc' dir='ltr'><strong>συνεστήσατο</strong></span> <span class='ocrx_word' id='word_1_219' title='bbox 918 2637 951 2689; x_wconf 48' lang='lat' dir='ltr'><strong>wi</strong></span> <span class='ocrx_word' id='word_1_220' title='bbox 967 2636 1072 2708; x_wconf 78' lang='grc' dir='ltr'><strong><em>ποὶντοι,</em></strong></span> <span class='ocrx_word' id='word_1_221' title='bbox 1092 2637 1136 2690; x_wconf 82' lang='grc' dir='ltr'><strong><em>καί</em></strong></span> <span class='ocrx_word' id='word_1_222' title='bbox 1158 2633 1184 2689; x_wconf 75' lang='grc' dir='ltr'><strong>ἓν</strong></span> <span class='ocrx_word' id='word_1_223' title='bbox 1210 2635 1280 2707; x_wconf 73' lang='grc' dir='ltr'><strong>λόγῳ</strong></span> <span class='ocrx_word' id='word_1_224' title='bbox 1305 2637 1411 2691; x_wconf 74' lang='grc' dir='ltr'><strong><em>δύναται</em></strong></span> 
     </span>
     <span class='ocr_line' id='line_1_25' title="bbox 328 2723 1411 2798; baseline 0.004 -20"><span class='ocrx_word' id='word_1_225' title='bbox 328 2723 396 2778; x_wconf 73' lang='grc' dir='ltr'><strong><em>αὐτοὶ</em></strong></span> <span class='ocrx_word' id='word_1_226' title='bbox 418 2724 611 2796; x_wconf 61' lang='grc' dir='ltr'><strong><em>καταστρέψαι·</em></strong></span> <span class='ocrx_word' id='word_1_227' title='bbox 638 2726 676 2788; x_wconf 86' lang='grc' dir='ltr'><strong>τίς</strong></span> <span class='ocrx_word' id='word_1_228' title='bbox 707 2727 757 2798; x_wconf 69' lang='lat' dir='ltr'><strong>iper</strong></span> <span class='ocrx_word' id='word_1_229' title='bbox 782 2727 867 2797; x_wconf 76' lang='grc' dir='ltr'><strong><em>αὐτῷ,</em></strong></span> <span class='ocrx_word' id='word_1_230' title='bbox 891 2726 916 2780; x_wconf 70' lang='grc' dir='ltr'><strong>τί</strong></span> <span class='ocrx_word' id='word_1_231' title='bbox 934 2728 1085 2792; x_wconf 53' lang='lat' dir='ltr'><strong>inciacum</strong></span> <span class='ocrx_word' id='word_1_232' title='bbox 1113 2729 1130 2787; x_wconf 83' lang='grc' dir='ltr'><strong><em>ἦ</em></strong></span> <span class='ocrx_word' id='word_1_233' title='bbox 1156 2749 1195 2791; x_wconf 83' lang='grc' dir='ltr'><strong>τις</strong></span> <span class='ocrx_word' id='word_1_234' title='bbox 1218 2727 1411 2788; x_wconf 71' lang='grc' dir='ltr'><strong><em>ἀντιστήσεται</em></strong></span> 
     </span>
     <span class='ocr_line' id='line_1_26' title="bbox 328 2817 1412 2899; baseline 0.011 -29"><span class='ocrx_word' id='word_1_235' title='bbox 328 2822 364 2886; x_wconf 79' lang='grc' dir='ltr'><strong>τῷ</strong></span> <span class='ocrx_word' id='word_1_236' title='bbox 387 2818 474 2886; x_wconf 70' lang='grc' dir='ltr'><strong><em>κράτει</em></strong></span> <span class='ocrx_word' id='word_1_237' title='bbox 499 2821 545 2881; x_wconf 73' lang='grc' dir='ltr'><strong>τῆς</strong></span> <span class='ocrx_word' id='word_1_238' title='bbox 575 2817 665 2882; x_wconf 71' lang='grc' dir='ltr'><strong><em>ι’σκιίος</em></strong></span> <span class='ocrx_word' id='word_1_239' title='bbox 691 2821 784 2886; x_wconf 76' lang='grc' dir='ltr'><strong><em>αὐτοῦ,</em></strong></span> <span class='ocrx_word' id='word_1_240' title='bbox 807 2825 828 2880; x_wconf 89' lang='lat' dir='ltr'><strong>i.</strong></span> <span class='ocrx_word' id='word_1_241' title='bbox 853 2839 880 2882; x_wconf 82' lang='lat' dir='ltr'><strong>e.</strong></span> <span class='ocrx_word' id='word_1_242' title='bbox 908 2823 943 2882; x_wconf 90' lang='lat' dir='ltr'><strong>In</strong></span> <span class='ocrx_word' id='word_1_243' title='bbox 968 2823 1057 2882; x_wconf 80' lang='lat' dir='ltr'><strong>verbo</strong></span> <span class='ocrx_word' id='word_1_244' title='bbox 1083 2823 1315 2899; x_wconf 72' lang='lat' dir='ltr'><strong>magnificentiae</strong></span> <span class='ocrx_word' id='word_1_245' title='bbox 1340 2837 1412 2880; x_wconf 68' lang='lat' dir='ltr'><strong>Silae</strong></span> 
     </span>
     <span class='ocr_line' id='line_1_27' title="bbox 330 2893 1410 2996; baseline 0.002 -20"><span class='ocrx_word' id='word_1_246' title='bbox 330 2920 480 2978; x_wconf 87' lang='lat' dir='ltr'><strong>constituit</strong></span> <span class='ocrx_word' id='word_1_247' title='bbox 500 2921 616 2996; x_wconf 90' lang='lat' dir='ltr'><strong>omnia,</strong></span> <span class='ocrx_word' id='word_1_248' title='bbox 628 2927 657 2979; x_wconf 91' lang='lat' dir='ltr'><strong>et</strong></span> <span class='ocrx_word' id='word_1_249' title='bbox 677 2923 709 2978; x_wconf 92' lang='lat' dir='ltr'><strong>in</strong></span> <span class='ocrx_word' id='word_1_250' title='bbox 727 2921 818 2979; x_wconf 86' lang='lat' dir='ltr'><strong>verbo</strong></span> <span class='ocrx_word' id='word_1_251' title='bbox 833 2925 928 2996; x_wconf 84' lang='lat' dir='ltr'><strong>potest</strong></span> <span class='ocrx_word' id='word_1_252' title='bbox 947 2921 999 2978; x_wconf 89' lang='lat' dir='ltr'><strong>illa</strong></span> <span class='ocrx_word' id='word_1_253' title='bbox 1017 2893 1155 2978; x_wconf 51' lang='lat' dir='ltr'><strong>evenere.</strong></span> <span class='ocrx_word' id='word_1_254' title='bbox 1175 2920 1247 2992; x_wconf 87' lang='lat' dir='ltr'><strong>Quia</strong></span> <span class='ocrx_word' id='word_1_255' title='bbox 1268 2919 1340 2978; x_wconf 89' lang='lat' dir='ltr'><strong>dicit</strong></span> <span class='ocrx_word' id='word_1_256' title='bbox 1357 2921 1410 2994; x_wconf 89' lang='lat' dir='ltr'><strong>ei,</strong></span> 
     </span>
     <span class='ocr_line' id='line_1_28' title="bbox 333 3014 1252 3094; baseline 0.001 -20"><span class='ocrx_word' id='word_1_257' title='bbox 333 3014 404 3091; x_wconf 88' lang='lat' dir='ltr'><strong>quid</strong></span> <span class='ocrx_word' id='word_1_258' title='bbox 422 3016 597 3077; x_wconf 80' lang='lat' dir='ltr'><strong>iecistiil&#39;el</strong></span> <span class='ocrx_word' id='word_1_259' title='bbox 608 3020 674 3094; x_wconf 88' lang='lat' dir='ltr'><strong>quis</strong></span> <span class='ocrx_word' id='word_1_260' title='bbox 695 3020 804 3078; x_wconf 86' lang='lat' dir='ltr'><strong>resistit</strong></span> <span class='ocrx_word' id='word_1_261' title='bbox 821 3019 923 3077; x_wconf 88' lang='lat' dir='ltr'><strong>virtuti</strong></span> <span class='ocrx_word' id='word_1_262' title='bbox 943 3017 1122 3076; x_wconf 76' lang='lat' dir='ltr'><strong>iomimdinis</strong></span> <span class='ocrx_word' id='word_1_263' title='bbox 1140 3017 1222 3093; x_wconf 80' lang='lat' dir='ltr'><strong>ejus?</strong></span> <span class='ocrx_word' id='word_1_264' title='bbox 1238 3041 1252 3068; x_wconf 86' lang='lat'><strong>»</strong></span> 
     </span>
    </p>

    <p class='ocr_par' dir='ltr' id='par_1_3' title="bbox 370 3113 1412 3192">
     <span class='ocr_line' id='line_1_29' title="bbox 370 3113 1412 3192; baseline 0 -20"><span class='ocrx_word' id='word_1_265' title='bbox 370 3113 483 3174; x_wconf 85' lang='lat' dir='ltr'><strong>Pariter</strong></span> <span class='ocrx_word' id='word_1_266' title='bbox 498 3131 535 3174; x_wconf 82' lang='lat' dir='ltr'><strong>ex</strong></span> <span class='ocrx_word' id='word_1_267' title='bbox 554 3115 629 3175; x_wconf 89' lang='lat' dir='ltr'><strong>libro</strong></span> <span class='ocrx_word' id='word_1_268' title='bbox 648 3116 766 3192; x_wconf 75' lang='lat' dir='ltr'><strong>iudith,</strong></span> <span class='ocrx_word' id='word_1_269' title='bbox 786 3121 871 3175; x_wconf 84' lang='lat' dir='ltr'><strong>etex</strong></span> <span class='ocrx_word' id='word_1_270' title='bbox 890 3115 1094 3175; x_wconf 85' lang='lat' dir='ltr'><strong>additamentis</strong></span> <span class='ocrx_word' id='word_1_271' title='bbox 1106 3113 1219 3182; x_wconf 62' lang='lat' dir='ltr'><strong>,Esther</strong></span> <span class='ocrx_word' id='word_1_272' title='bbox 1240 3114 1312 3172; x_wconf 86' lang='lat' dir='ltr'><strong>haee</strong></span> <span class='ocrx_word' id='word_1_273' title='bbox 1332 3127 1412 3172; x_wconf 87' lang='lat' dir='ltr'><strong>sum-</strong></span> 
     </span>
    </p>

    <p class='ocr_par' dir='ltr' id='par_1_4' title="bbox 261 3212 1414 4134">
     <span class='ocr_line' id='line_1_30' title="bbox 261 3212 1411 3290; baseline -0.001 -19"><span class='ocrx_word' id='word_1_274' title='bbox 261 3277 263 3281; x_wconf 53' lang='lat'><strong>,</strong></span> <span class='ocrx_word' id='word_1_275' title='bbox 330 3218 382 3285; x_wconf 87' lang='lat' dir='ltr'><strong>pte</strong></span> <span class='ocrx_word' id='word_1_276' title='bbox 400 3219 484 3288; x_wconf 87' lang='lat' dir='ltr'><strong>sunt,</strong></span> <span class='ocrx_word' id='word_1_277' title='bbox 503 3213 574 3272; x_wconf 91' lang='lat' dir='ltr'><strong>dum</strong></span> <span class='ocrx_word' id='word_1_278' title='bbox 590 3216 652 3289; x_wconf 89' lang='lat' dir='ltr'><strong>ipse</strong></span> <span class='ocrx_word' id='word_1_279' title='bbox 668 3217 800 3274; x_wconf 89' lang='lat' dir='ltr'><strong>animum</strong></span> <span class='ocrx_word' id='word_1_280' title='bbox 817 3213 957 3273; x_wconf 87' lang='lat' dir='ltr'><strong>audacem</strong></span> <span class='ocrx_word' id='word_1_281' title='bbox 972 3213 1101 3290; x_wconf 73' lang='lat' dir='ltr'><strong>exaltat,</strong></span> <span class='ocrx_word' id='word_1_282' title='bbox 1117 3212 1236 3272; x_wconf 88' lang='lat' dir='ltr'><strong>illorum</strong></span> <span class='ocrx_word' id='word_1_283' title='bbox 1257 3227 1296 3270; x_wconf 87' lang='lat' dir='ltr'><strong>ex</strong></span> <span class='ocrx_word' id='word_1_284' title='bbox 1317 3212 1411 3288; x_wconf 81' lang='lat' dir='ltr'><strong>genti·</strong></span> 
     </span>
     <span class='ocr_line' id='line_1_31' title="bbox 331 3308 1411 3389; baseline 0.002 -23"><span class='ocrx_word' id='word_1_285' title='bbox 331 3308 424 3386; x_wconf 89' lang='lat' dir='ltr'><strong>libus,</strong></span> <span class='ocrx_word' id='word_1_286' title='bbox 450 3309 615 3370; x_wconf 85' lang='lat' dir='ltr'><strong>christianis</strong></span> <span class='ocrx_word' id='word_1_287' title='bbox 634 3318 663 3370; x_wconf 89' lang='lat' dir='ltr'><strong>et</strong></span> <span class='ocrx_word' id='word_1_288' title='bbox 676 3312 811 3389; x_wconf 83' lang='lat' dir='ltr'><strong>judaeis,</strong></span> <span class='ocrx_word' id='word_1_289' title='bbox 830 3313 881 3388; x_wconf 85' lang='lat' dir='ltr'><strong>qui</strong></span> <span class='ocrx_word' id='word_1_290' title='bbox 893 3327 947 3387; x_wconf 88' lang='lat' dir='ltr'><strong>pro</strong></span> <span class='ocrx_word' id='word_1_291' title='bbox 964 3311 1025 3368; x_wconf 84' lang='lat' dir='ltr'><strong>suia</strong></span> <span class='ocrx_word' id='word_1_292' title='bbox 1045 3311 1138 3370; x_wconf 85' lang='lat' dir='ltr'><strong>multa</strong></span> <span class='ocrx_word' id='word_1_293' title='bbox 1155 3318 1185 3370; x_wconf 91' lang='lat' dir='ltr'><strong>et</strong></span> <span class='ocrx_word' id='word_1_294' title='bbox 1200 3309 1298 3369; x_wconf 86' lang='lat' dir='ltr'><strong>virilia</strong></span> <span class='ocrx_word' id='word_1_295' title='bbox 1315 3323 1411 3385; x_wconf 79' lang='lat' dir='ltr'><strong>gesse·</strong></span> 
     </span>
     <span class='ocr_line' id='line_1_32' title="bbox 331 3402 1413 3481; baseline -0.006 -17"><span class='ocrx_word' id='word_1_296' title='bbox 331 3412 413 3465; x_wconf 80' lang='lat' dir='ltr'><strong>runt:</strong></span> <span class='ocrx_word' id='word_1_297' title='bbox 434 3432 446 3456; x_wconf 79' lang='lat' dir='ltr'><strong><em>a</em></strong></span> <span class='ocrx_word' id='word_1_298' title='bbox 464 3406 569 3462; x_wconf 73' lang='grc' dir='ltr'><strong><em>Πολλαΐ</em></strong></span> <span class='ocrx_word' id='word_1_299' title='bbox 583 3413 705 3481; x_wconf 72' lang='grc' dir='ltr'><strong><em>γυναῖκες</em></strong></span> <span class='ocrx_word' id='word_1_300' title='bbox 717 3407 936 3481; x_wconf 73' lang='grc' dir='ltr'><strong><em>ἑνδοναμοθεῒσαι</em></strong></span> <span class='ocrx_word' id='word_1_301' title='bbox 953 3408 994 3462; x_wconf 75' lang='lat' dir='ltr'><strong>sut</strong></span> <span class='ocrx_word' id='word_1_302' title='bbox 1009 3409 1053 3469; x_wconf 74' lang='grc' dir='ltr'><strong>τῆς</strong></span> <span class='ocrx_word' id='word_1_303' title='bbox 1067 3406 1178 3480; x_wconf 78' lang='grc' dir='ltr'><strong><em>χαρίτος</em></strong></span> <span class='ocrx_word' id='word_1_304' title='bbox 1193 3409 1239 3462; x_wconf 79' lang='grc' dir='ltr'><strong>τοῦ</strong></span> <span class='ocrx_word' id='word_1_305' title='bbox 1253 3403 1333 3472; x_wconf 68' lang='grc' dir='ltr'><strong><em>θεοῦ,</em></strong></span> <span class='ocrx_word' id='word_1_306' title='bbox 1353 3402 1413 3460; x_wconf 78' lang='grc' dir='ltr'><strong><em>ι’ττ-</em></strong></span> 
     </span>
     <span class='ocr_line' id='line_1_33' title="bbox 329 3501 1412 3580; baseline 0.007 -26"><span class='ocrx_word' id='word_1_307' title='bbox 329 3504 470 3558; x_wconf 74' lang='grc' dir='ltr'><strong><em>τελέσαντο</em></strong></span> <span class='ocrx_word' id='word_1_308' title='bbox 492 3511 579 3561; x_wconf 78' lang='grc' dir='ltr'><strong><em>πολλοὶ</em></strong></span> <span class='ocrx_word' id='word_1_309' title='bbox 597 3505 709 3580; x_wconf 76' lang='grc' dir='ltr'><strong>ἀνδρεῖα.</strong></span> <span class='ocrx_word' id='word_1_310' title='bbox 726 3505 825 3562; x_wconf 71' lang='lat' dir='ltr'><strong>’rualli</strong></span> <span class='ocrx_word' id='word_1_311' title='bbox 842 3508 860 3566; x_wconf 73' lang='grc' dir='ltr'><strong>η’</strong></span> <span class='ocrx_word' id='word_1_312' title='bbox 880 3507 997 3580; x_wconf 71' lang='grc' dir='ltr'><strong><em>μακάρια</em></strong></span> <span class='ocrx_word' id='word_1_313' title='bbox 1018 3505 1044 3560; x_wconf 74' lang='grc' dir='ltr'><strong>ἓν</strong></span> <span class='ocrx_word' id='word_1_314' title='bbox 1065 3506 1235 3578; x_wconf 72' lang='grc' dir='ltr'><strong><em>συγκλεισμῷ</em></strong></span> <span class='ocrx_word' id='word_1_315' title='bbox 1259 3501 1340 3567; x_wconf 69' lang='grc' dir='ltr'><strong><em>οὔσης</em></strong></span> <span class='ocrx_word' id='word_1_316' title='bbox 1365 3506 1412 3565; x_wconf 76' lang='grc' dir='ltr'><strong>τῆς</strong></span> 
     </span>
     <span class='ocr_line' id='line_1_34' title="bbox 330 3592 1411 3670; baseline 0.001 -23"><span class='ocrx_word' id='word_1_317' title='bbox 330 3593 445 3658; x_wconf 77' lang='grc' dir='ltr'><strong><em>πόλεοςι</em></strong></span> <span class='ocrx_word' id='word_1_318' title='bbox 463 3597 581 3658; x_wconf 75' lang='grc' dir='ltr'><strong><em>η’τήσατο</em></strong></span> <span class='ocrx_word' id='word_1_319' title='bbox 601 3599 668 3670; x_wconf 72' lang='grc' dir='ltr'><strong><em>παραὶ</em></strong></span> <span class='ocrx_word' id='word_1_320' title='bbox 686 3603 731 3652; x_wconf 72' lang='grc' dir='ltr'><strong>τῶν</strong></span> <span class='ocrx_word' id='word_1_321' title='bbox 750 3592 924 3670; x_wconf 69' lang='grc' dir='ltr'><strong>πρεσβυτέρων</strong></span> <span class='ocrx_word' id='word_1_322' title='bbox 947 3596 1055 3656; x_wconf 73' lang='grc' dir='ltr'><strong><em>ἕαδῆναι</em></strong></span> <span class='ocrx_word' id='word_1_323' title='bbox 1075 3599 1155 3656; x_wconf 70' lang='lat' dir='ltr'><strong>adsela</strong></span> <span class='ocrx_word' id='word_1_324' title='bbox 1169 3595 1292 3664; x_wconf 72' lang='grc' dir='ltr'><strong><em>ι’ξηλθιῖν</em></strong></span> <span class='ocrx_word' id='word_1_325' title='bbox 1309 3595 1348 3657; x_wconf 77' lang='grc' dir='ltr'><strong>εἷς</strong></span> <span class='ocrx_word' id='word_1_326' title='bbox 1362 3596 1411 3654; x_wconf 72' lang='lat' dir='ltr'><strong>raia</strong></span> 
     </span>
     <span class='ocr_line' id='line_1_35' title="bbox 328 3685 1412 3764; baseline -0.002 -21"><span class='ocrx_word' id='word_1_327' title='bbox 328 3685 497 3760; x_wconf 73' lang='grc' dir='ltr'><strong><em>παρεμβολήν</em></strong></span> <span class='ocrx_word' id='word_1_328' title='bbox 517 3691 562 3744; x_wconf 67' lang='lat' dir='ltr'><strong>niv</strong></span> <span class='ocrx_word' id='word_1_329' title='bbox 585 3690 746 3764; x_wconf 70' lang='grc' dir='ltr'><strong><em>ἀλλοφύλων·</em></strong></span> <span class='ocrx_word' id='word_1_330' title='bbox 762 3690 916 3764; x_wconf 74' lang='grc' dir='ltr'><strong><em>ταραδούσα</em></strong></span> <span class='ocrx_word' id='word_1_331' title='bbox 940 3691 982 3744; x_wconf 74' lang='grc' dir='ltr'><strong>οὐκ</strong></span> <span class='ocrx_word' id='word_1_332' title='bbox 1004 3690 1097 3750; x_wconf 69' lang='lat' dir='ltr'><strong>lunaria</strong></span> <span class='ocrx_word' id='word_1_333' title='bbox 1120 3691 1156 3760; x_wconf 78' lang='grc' dir='ltr'><strong>τῷ</strong></span> <span class='ocrx_word' id='word_1_334' title='bbox 1176 3688 1281 3759; x_wconf 70' lang='grc' dir='ltr'><strong><em>κινδύνῳ</em></strong></span> <span class='ocrx_word' id='word_1_335' title='bbox 1301 3686 1412 3756; x_wconf 56' lang='lat' dir='ltr'><strong>diffisa</strong></span> 
     </span>
     <span class='ocr_line' id='line_1_36' title="bbox 330 3777 1411 3854; baseline 0.003 -23"><span class='ocrx_word' id='word_1_336' title='bbox 330 3777 359 3832; x_wconf 82' lang='grc' dir='ltr'><strong>δι’</strong></span> <span class='ocrx_word' id='word_1_337' title='bbox 378 3778 483 3850; x_wconf 74' lang='grc' dir='ltr'><strong><em>α’γοὶτην</em></strong></span> <span class='ocrx_word' id='word_1_338' title='bbox 503 3783 548 3843; x_wconf 72' lang='grc' dir='ltr'><strong>τῆς</strong></span> <span class='ocrx_word' id='word_1_339' title='bbox 570 3781 711 3854; x_wconf 72' lang='grc' dir='ltr'><strong><em>πατρίδος,</em></strong></span> <span class='ocrx_word' id='word_1_340' title='bbox 729 3783 783 3842; x_wconf 73' lang='grc' dir='ltr'><strong>καὶ,</strong></span> <span class='ocrx_word' id='word_1_341' title='bbox 796 3785 841 3836; x_wconf 78' lang='grc' dir='ltr'><strong>τοῦ</strong></span> <span class='ocrx_word' id='word_1_342' title='bbox 862 3785 928 3838; x_wconf 81' lang='grc' dir='ltr'><strong><em>λαοῦ</em></strong></span> <span class='ocrx_word' id='word_1_343' title='bbox 948 3785 994 3838; x_wconf 76' lang='grc' dir='ltr'><strong>τοῦ</strong></span> <span class='ocrx_word' id='word_1_344' title='bbox 1008 3779 1081 3845; x_wconf 77' lang='grc' dir='ltr'><strong><em>ὄντος</em></strong></span> <span class='ocrx_word' id='word_1_345' title='bbox 1103 3781 1129 3834; x_wconf 75' lang='grc' dir='ltr'><strong>ἕν</strong></span> <span class='ocrx_word' id='word_1_346' title='bbox 1154 3782 1324 3853; x_wconf 63' lang='lat' dir='ltr'><strong>capalinum?</strong></span> <span class='ocrx_word' id='word_1_347' title='bbox 1334 3818 1343 3846; x_wconf 88' lang='lat'><strong>,</strong></span> <span class='ocrx_word' id='word_1_348' title='bbox 1366 3781 1411 3834; x_wconf 74' lang='grc' dir='ltr'><strong>κατ’</strong></span> 
     </span>
     <span class='ocr_line' id='line_1_37' title="bbox 329 3868 1413 3948; baseline 0.003 -27"><span class='ocrx_word' id='word_1_349' title='bbox 329 3870 469 3941; x_wconf 73' lang='grc' dir='ltr'><strong><em>παρέδωκεν</em></strong></span> <span class='ocrx_word' id='word_1_350' title='bbox 484 3873 568 3946; x_wconf 73' lang='grc' dir='ltr'><strong><em>κύριος</em></strong></span> <span class='ocrx_word' id='word_1_351' title='bbox 580 3872 735 3948; x_wconf 72' lang='grc' dir='ltr'><strong><em>Ὀλοφέρνην</em></strong></span> <span class='ocrx_word' id='word_1_352' title='bbox 757 3873 783 3926; x_wconf 77' lang='grc' dir='ltr'><strong>ἐν</strong></span> <span class='ocrx_word' id='word_1_353' title='bbox 797 3875 870 3948; x_wconf 73' lang='grc' dir='ltr'><strong><em>χειρὶ</em></strong></span> <span class='ocrx_word' id='word_1_354' title='bbox 891 3871 1001 3937; x_wconf 65' lang='grc' dir='ltr'><strong><em>θηλέας.</em></strong></span> <span class='ocrx_word' id='word_1_355' title='bbox 1031 3873 1091 3947; x_wconf 77' lang='grc' dir='ltr'><strong>Οὐχ</strong></span> <span class='ocrx_word' id='word_1_356' title='bbox 1112 3869 1187 3934; x_wconf 82' lang='grc' dir='ltr'><strong><em>ἦττον</em></strong></span> <span class='ocrx_word' id='word_1_357' title='bbox 1217 3868 1253 3928; x_wconf 78' lang='grc' dir='ltr'><strong>αὖ</strong></span> <span class='ocrx_word' id='word_1_358' title='bbox 1271 3873 1316 3926; x_wconf 78' lang='grc' dir='ltr'><strong><em>κατ’</em></strong></span> <span class='ocrx_word' id='word_1_359' title='bbox 1337 3871 1413 3930; x_wconf 80' lang='grc' dir='ltr'><strong><em>η’τε·</em></strong></span> 
     </span>
     <span class='ocr_line' id='line_1_38' title="bbox 329 3961 1414 4041; baseline 0.002 -28"><span class='ocrx_word' id='word_1_360' title='bbox 329 3961 389 4016; x_wconf 85' lang='grc' dir='ltr'><strong>λειά</strong></span> <span class='ocrx_word' id='word_1_361' title='bbox 407 3963 477 4016; x_wconf 80' lang='grc' dir='ltr'><strong><em>κατοὶ</em></strong></span> <span class='ocrx_word' id='word_1_362' title='bbox 490 3963 577 4019; x_wconf 80' lang='grc' dir='ltr'><strong><em>πίστιν</em></strong></span> <span class='ocrx_word' id='word_1_363' title='bbox 590 3964 691 4040; x_wconf 63' lang='grc' dir='ltr'><strong>Ἐσθής</strong></span> <span class='ocrx_word' id='word_1_364' title='bbox 704 4006 713 4032; x_wconf 87' lang='grc'>,</span> <span class='ocrx_word' id='word_1_365' title='bbox 728 3967 836 4036; x_wconf 73' lang='grc' dir='ltr'><strong><em>κυνδύνῳ</em></strong></span> <span class='ocrx_word' id='word_1_366' title='bbox 850 3965 943 4025; x_wconf 73' lang='grc' dir='ltr'><strong><em>ἑαυτήν</em></strong></span> <span class='ocrx_word' id='word_1_367' title='bbox 960 3965 1117 4041; x_wconf 63' lang='grc' dir='ltr'><strong><em>παρέβαλεν,</em></strong></span> <span class='ocrx_word' id='word_1_368' title='bbox 1132 3961 1174 4020; x_wconf 76' lang='grc' dir='ltr'><strong>ἳνα</strong></span> <span class='ocrx_word' id='word_1_369' title='bbox 1193 3966 1222 4020; x_wconf 76' lang='grc' dir='ltr'><strong>τό</strong></span> <span class='ocrx_word' id='word_1_370' title='bbox 1239 3961 1414 4036; x_wconf 71' lang='grc' dir='ltr'><strong>δωδεκάφυλον</strong></span> 
     </span>
     <span class='ocr_line' id='line_1_39' title="bbox 331 4053 1411 4134; baseline 0.008 -28"><span class='ocrx_word' id='word_1_371' title='bbox 331 4054 377 4107; x_wconf 79' lang='grc' dir='ltr'><strong>τοῦ</strong></span> <span class='ocrx_word' id='word_1_372' title='bbox 394 4053 502 4127; x_wconf 73' lang='grc' dir='ltr'><strong><em>Ἰσραήλ</em></strong></span> <span class='ocrx_word' id='word_1_373' title='bbox 520 4055 617 4128; x_wconf 79' lang='grc' dir='ltr'><strong><em>μέλλον</em></strong></span> <span class='ocrx_word' id='word_1_374' title='bbox 639 4055 797 4124; x_wconf 80' lang='grc' dir='ltr'><strong><em>οἶτολέσται,</em></strong></span> <span class='ocrx_word' id='word_1_375' title='bbox 811 4057 931 4134; x_wconf 75' lang='grc' dir='ltr'><strong><em>ρόσηται.</em></strong></span> <span class='ocrx_word' id='word_1_376' title='bbox 952 4056 1003 4112; x_wconf 84' lang='grc' dir='ltr'><strong><em>Διοί</em></strong></span> <span class='ocrx_word' id='word_1_377' title='bbox 1016 4057 1067 4128; x_wconf 68' lang='grc' dir='ltr'><strong>γάρ</strong></span> <span class='ocrx_word' id='word_1_378' title='bbox 1084 4058 1129 4120; x_wconf 74' lang='grc' dir='ltr'><strong>τῆς</strong></span> <span class='ocrx_word' id='word_1_379' title='bbox 1149 4054 1258 4120; x_wconf 80' lang='grc' dir='ltr'><strong><em>νοστιόις</em></strong></span> <span class='ocrx_word' id='word_1_380' title='bbox 1273 4092 1282 4120; x_wconf 89' lang='grc'><strong><em>,</em></strong></span> <span class='ocrx_word' id='word_1_381' title='bbox 1298 4054 1343 4108; x_wconf 75' lang='grc' dir='ltr'><strong>κατ’</strong></span> <span class='ocrx_word' id='word_1_382' title='bbox 1364 4055 1411 4115; x_wconf 64' lang='grc' dir='ltr'><strong>τοίς</strong></span> 
     </span>
    </p>
   </div>
   <div class='ocr_carea' id='block_1_2' title="bbox 294 4238 1403 4374">
    <p class='ocr_par' dir='ltr' id='par_1_5' title="bbox 294 4238 1403 4374">
     <span class='ocr_line' id='line_1_40' title="bbox 311 4238 1403 4367; baseline 0 -78"><span class='ocrx_word' id='word_1_383' title='bbox 311 4238 316 4260; x_wconf 80' lang='lat'><em>‘</em></span> <span class='ocrx_word' id='word_1_384' title='bbox 332 4239 393 4367; x_wconf 72' lang='lat' dir='ltr'><strong>XI(1)</strong></span> <span class='ocrx_word' id='word_1_385' title='bbox 408 4240 543 4292; x_wconf 80' lang='lat' dir='ltr'><strong>cotelerius</strong></span> <span class='ocrx_word' id='word_1_386' title='bbox 556 4242 591 4293; x_wconf 85' lang='lat' dir='ltr'><strong>to.</strong></span> <span class='ocrx_word' id='word_1_387' title='bbox 603 4245 623 4294; x_wconf 89' lang='lat'><strong>1.</strong></span> <span class='ocrx_word' id='word_1_388' title='bbox 635 4257 660 4308; x_wconf 88' lang='lat' dir='ltr'><strong>p.</strong></span> <span class='ocrx_word' id='word_1_389' title='bbox 673 4251 710 4295; x_wconf 79' lang='lat'><strong>85.</strong></span> <span class='ocrx_word' id='word_1_390' title='bbox 723 4243 837 4296; x_wconf 82' lang='lat' dir='ltr'><strong>Luteciae</strong></span> <span class='ocrx_word' id='word_1_391' title='bbox 847 4244 1005 4295; x_wconf 83' lang='lat' dir='ltr'><strong>Parisiorum.</strong></span> <span class='ocrx_word' id='word_1_392' title='bbox 1025 4246 1081 4308; x_wconf 86' lang='lat' dir='ltr'><strong>Sep.</strong></span> <span class='ocrx_word' id='word_1_393' title='bbox 1094 4256 1116 4293; x_wconf 89' lang='lat' dir='ltr'><strong>c.</strong></span> <span class='ocrx_word' id='word_1_394' title='bbox 1128 4245 1160 4292; x_wconf 88' lang='lat' dir='ltr'><strong>ll.</strong></span> <span class='ocrx_word' id='word_1_395' title='bbox 1182 4240 1295 4307; x_wconf 76' lang='lat'>24.—(2)</span> <span class='ocrx_word' id='word_1_396' title='bbox 1311 4242 1367 4304; x_wconf 85' lang='lat' dir='ltr'><strong>Sap.</strong></span> <span class='ocrx_word' id='word_1_397' title='bbox 1380 4252 1403 4289; x_wconf 89' lang='lat' dir='ltr'><strong>c.</strong></span> 
     </span>
     <span class='ocr_line' id='line_1_41' title="bbox 294 4323 593 4374; baseline -0.003 -1"><span class='ocrx_word' id='word_1_398' title='bbox 294 4340 302 4373; x_wconf 80' lang='grc' dir='ltr'><strong><em>ι</em></strong></span> <span class='ocrx_word' id='word_1_399' title='bbox 369 4327 425 4372; x_wconf 79' lang='lat'>.12.</span> <span class='ocrx_word' id='word_1_400' title='bbox 445 4323 470 4372; x_wconf 83' lang='lat' dir='ltr'><strong>et</strong></span> <span class='ocrx_word' id='word_1_401' title='bbox 487 4323 541 4372; x_wconf 85' lang='lat' dir='ltr'>XII.</span> <span class='ocrx_word' id='word_1_402' title='bbox 556 4328 593 4374; x_wconf 86' lang='lat'><strong>12.</strong></span> 
     </span>
    </p>
   </div>
   <div class='ocr_carea' id='block_1_3' title="bbox 0 0 1549 5180">
    <p class='ocr_par' dir='ltr' id='par_1_6' title="bbox 0 0 1549 5180">
     <span class='ocr_line' id='line_1_42' title="bbox 0 0 1549 5180; baseline 0 0"><span class='ocrx_word' id='word_1_403' title='bbox 0 0 1549 5180; x_wconf 95' lang='lat' dir='ltr'><strong> </strong></span> 
     </span>
    </p>
   </div>
  </div>
 </body>
</html>
