3086 5182
554 391 712 450 ...prm

93 507 146 584 qui
164 515 209 568 res
227 509 348 566 minoris
366 509 505 566 momenti
524 507 726 568 decernebant
750 507 787 566 Et
807 507 879 568 haec
898 511 997 568 omnia
1016 513 1175 570 constituta

94 613 165 666 sunt
187 609 218 665 in
241 607 331 666 Israel
352 613 418 682 post
440 606 566 666 reditum
588 609 809 683 ecoptivitate,
831 607 987 684 inquibus
1011 610 1100 667 etiam
1119 625 1173 668 nu·

94 711 223 766 metatur
251 705 407 766 consihrun
429 705 521 781 illud,
542 705 622 781 qarod
642 705 791 765 bethuliae
813 704 851 780 lt)
881 712 1089 782 congregatum
1109 711 1174 781 est,

93 806 143 862 cul
167 809 321 879 praeerant
339 802 425 862 Ozias
449 801 645 862 illius'lllicha
667 803 703 861 de
724 803 803 863 tribu
823 801 962 878 Simeon,
984 807 1013 861 ct
1032 802 1174 878 Charnd,

93 903 146 978 qui
164 907 195 960 et
212 900 378 977 Gothoaiel,
399 901 505 976 aliique
519 902 680 980 presbyteri
695 903 831 960 ciuitatis.
848 900 1019 976 Campogius
1042 899 1177 977 Vitriuga

95 1003 126 1058 ia
151 999 226 1060 libro
243 1001 383 1075 inscripto
397 1031 409 1042 ·
423 999 466 1059 De
487 1015 638 1078 synagoga
657 1002 748 1060 reteri
773 1014 840 1058 arm
860 999 989 1058 Ecclesia
1011 998 1176 1059 Christiana

96 1096 226 1173 collata,
249 1101 280 1156 in
305 1098 400 1157 forma
422 1100 571 1175 regiminis
583 1099 692 1173 -plura
713 1097 803 1156 madir
821 1097 858 1156 de
878 1096 1014 1156 hebraica
1029 1096 1175 1172 republica

95 1201 162 1270 post
183 1196 380 1270 captivitatem
400 1211 436 1254 ex
462 1196 630 1256 rabinorum
654 1194 736 1254 libris
759 1199 895 1270 sumpta,
916 1194 974 1254 illis
997 1210 1115 1270 prorsus
1134 1198 1174 1256 si·

96 1295 200 1369 milia,
221 1310 296 1370 quaa
314 1295 471 1354 mudantur
491 1297 522 1352 in
545 1293 647 1354 Judith
672 1293 804 1352 hismria.

137 1391 267 1450 Tandem
285 1392 387 1451 Judith
405 1395 436 1452 ia
459 1395 605 1468 oratione,
626 1407 715 1468 quam
732 1391 770 1449 ad
785 1390 941 1450 Dominum
962 1393 1083 1468 extulit,
1103 1391 1174 1450 diclt

95 1489 290 1550 conditionem
314 1491 412 1565 populi
429 1490 519 1550 lsrael
538 1477 704 1565 hujusmodi
725 1506 756 1548 se
776 1488 902 1564 babere,
923 1494 957 1548 ut
978 1489 1075 1550 nullus
1095 1491 1127 1546 in
1140 1505 1174 1548 aa

95 1595 175 1648 terra
202 1589 382 1648 inveniretur
408 1589 555 1664 populus,
583 1605 677 1664 neque
704 1590 767 1661 vir,
792 1589 843 1662 qui
868 1603 927 1646 non
951 1587 1057 1645 coleret
1080 1587 1172 1646 Deum

3 1707 4 1744 r
97 1687 195 1762 Coeli,
216 1687 300 1746 idolis
323 1689 453 1763 gentium
478 1687 514 1746 de
542 1687 636 1746 medio
656 1686 773 1744 illorum
793 1685 934 1760 sublatis,
960 1685 1175 1762 quodquidam

97 1789 165 1844 aute
178 1787 375 1860 captivitatem
390 1783 568 1859 vixprobari
585 1791 690 1860 potest,
711 1784 782 1842 dicit
795 1785 872 1842 enim
884 1784 987 1842 Judith
999 1783 1055 1858 (ait
1078 1809 1090 1834 «
1101 1785 1177 1856 Quo·

3 1887 5 1898 '
98 1887 178 1944 niam
190 1896 251 1943 noa
268 1887 396 1944 surrexit
415 1886 445 1942 in
461 1884 694 1960 generationibus
707 1887 834 1957 nostris,
851 1899 944 1959 neque
958 1890 1002 1945 cst
1016 1885 1047 1941 in
1061 1883 1108 1942 die
1121 1883 1177 1942 hac

97 1997 191 2058 neque
210 1981 326 2056 trihus,
348 1999 443 2058 neque
468 1985 562 2056 patria
584 1997 677 2058 nequa
693 1982 817 2056 populus
835 1997 928 2056 neque
950 1983 1053 2040 civitas
1074 1998 1111 2040 ex
1125 1996 1176 2038 no-

96 2082 181 2154 stris,
202 2082 252 2154 qui
274 2080 394 2138 adorant
415 2080 490 2140 Deos
505 2080 710 2153 manufactos,
732 2078 975 2154 quemadmodum
1000 2079 1097 2136 evenit
1118 2077 1177 2136 die-

2 2203 9 2244 s
99 2177 155 2236 bus
168 2179 219 2253 qui
232 2177 316 2236 nobis
336 2185 566 2253 praecesserunt,
580 2189 704 2255 quorum
716 2193 806 2236 causa
826 2175 886 2234 dati
907 2181 976 2234 aunt
989 2177 1019 2232 in
1035 2174 1176 2249 gladium,

98 2279 129 2334 in
151 2273 359 2352 dispersionem
376 2284 472 2352 patres
491 2279 605 2351 nostri,
627 2283 656 2334 et
675 2276 841 2334 cecideruut
857 2275 939 2349 lapsu
955 2289 1062 2350 magno
1078 2289 1177 2332 coram

98 2374 224 2432 inimicis
243 2376 360 2432 nostris.
377 2399 389 2424 »
412 2373 553 2434 Eusebius
567 2376 598 2432 in
612 2389 666 2433 suo
679 2373 833 2449 Chronico,
848 2373 1061 2449 Hieronymus,
1076 2372 1177 2448 Augu·

2 2498 9 2542 t
100 2473 208 2546 sunus,
230 2471 409 2547 Ephraemus
430 2489 517 2548 syrus
537 2474 568 2530 in
589 2470 764 2530 Ezechielem
791 2471 897 2546 aliique
916 2469 1061 2530 Ecclesiae
1079 2469 1178 2530 docto·

101 2585 148 2628 res
167 2574 278 2628 veteres
306 2571 465 2630 universim
483 2569 586 2630 Judith
603 2569 754 2628 historiam
779 2575 844 2644 post
866 2570 1064 2643 captivitatem
1090 2568 1177 2627 collo·

98 2671 179 2742 cant,
194 2668 247 2726 etsi
269 2669 343 2726 inter
365 2683 397 2726 se
421 2683 481 2726 noa
501 2669 676 2726 conveniant
695 2668 731 2727 da
751 2667 829 2726 illius
852 2674 945 2726 aetate
965 2665 1045 2726 lacti.
1068 2667 1112 2724 Ex
1133 2665 1179 2724 his

4 2751 5 2758 ἵ
97 2767 294 2843 Hieronymus
307 2768 338 2824 in
358 2783 387 2824 c.
406 2783 472 2824 xrv.
491 2776 519 2826 2.
542 2766 635 2826 Isaiae
650 2769 709 2826 ait:
736 2767 860 2826 «Potest
879 2772 908 2825 ot
927 2766 1051 2842 intelligi
1065 2771 1175 2840 tempo·

98 2863 179 2924 ribus
193 2865 331 2940 macri,
350 2865 468 2941 quando
487 2868 582 2926 occiso
597 2865 764 2942 idololorum,
783 2865 898 2926 hostilis
918 2865 955 2924 ab
966 2865 1056 2924 lsrael
1076 2880 1177 2924 caesus

5 3011 6 3038 2
96 2966 337 3023 salatratatus.»
1294 3043 1296 3048 Α

137 3061 165 3134 S.
191 3061 242 3120 lv.
269 3063 325 3135 Qui
350 3068 447 3122 autem
467 3079 527 3121 aon
552 3065 615 3122 ausi
642 3070 711 3122 suut
736 3064 887 3122 historiam
913 3061 1016 3122 ludith
1035 3060 1179 3121 collocare

98 3164 165 3234 post
181 3159 250 3236 Gyri
264 3177 389 3235 aevum,
409 3161 482 3218 mihi
502 3161 615 3220 ridetur
635 3164 722 3220 timor
736 3177 836 3220 eorum
851 3164 881 3218 ia
895 3177 929 3218 eo
943 3161 1075 3234 versari,
1096 3155 1178 3234 quod

98 3257 225 3316 arduum
247 3258 305 3317 illis
328 3266 496 3334 appareret,
518 3259 614 3318 locum
637 3267 667 3318 et
686 3265 809 3320 aetatem
830 3265 976 3332 statuere,
998 3272 1057 3332 qua
1076 3273 1111 3315 ea
1130 3271 1176 3332 ge
1286 3245 1290 3254 “

4 3397 7 3440 3
97 3362 146 3414 sta
168 3362 236 3415 suut
255 3359 286 3414 in
307 3357 406 3417 lsrael.
418 3357 484 3434 Ast,
505 3373 624 3433 quaeso,
647 3359 720 3416 scire
740 3373 885 3432 cuperem,
908 3355 1080 3430 quibuscum
1102 3353 1174 3412 mihi

5 3447 8 3534 ,
96 3453 301 3514 disserendum
312 3461 357 3514 est
370 3456 407 3515 de
420 3456 476 3514 bac
492 3471 535 3531 re,
554 3471 592 3514 an
609 3473 676 3514 cum
690 3455 834 3530 hebraeis,
852 3470 890 3512 an
906 3455 1002 3528 potius
1019 3467 1085 3512 oum
1100 3450 1176 3510 chri·

98 3553 229 3611 stianis?
253 3554 368 3612 Etenim
388 3557 414 3614 si
434 3555 505 3614 mihi
525 3555 562 3613 de
581 3554 668 3630 hujus
691 3554 830 3614 hismriaa
854 3557 948 3612 aetate
969 3550 1114 3628 agendum
1134 3554 1179 3608 est
1230 3625 1233 3632 Δ

5 3693 6 3698 1
100 3665 203 3708 eoram
223 3651 407 3729 christianis,
429 3655 474 3712 vel
502 3654 603 3712 leviter
629 3657 743 3731 cogito,
764 3671 814 3712 eos
834 3667 915 3712 meae
935 3652 1064 3725 opinioni
1080 3664 1178 3708 asseu-

97 3763 210 3822 suros,
238 3765 305 3808 cum
325 3750 513 3826 chronologia
539 3759 670 3811 veterum
690 3754 864 3826 scriptorum
883 3757 946 3810 tum
972 3749 1178 3822 ethnicorum,

99 3853 164 3906 tum
185 3849 421 3928 christianorum,
436 3853 623 3912 intervallum
643 3854 714 3911 satis
734 3855 894 3927 spatiosum
911 3849 1049 3925 praebeat
1067 3851 1098 3906 in
1117 3864 1178 3906 mo·

97 3944 221 4004 narchla
240 3949 372 4023 persica,
393 3947 443 4007 ubi
465 3955 545 4024 gesta
564 3949 667 4010 Jodith
688 3951 894 4025 assignentur,
917 3950 987 4023 quia
1008 3946 1069 4006 ulla
1089 3949 1176 4008 instet

96 4044 242 4116 oppositio
262 4043 485 4119 scripturarum.
504 4045 638 4105 Proiecto
657 4047 811 4120 scriptores
827 4047 942 4122 profani
959 4047 1091 4104 unanimi
1113 4059 1177 4102 sen·

97 4143 219 4216 tentia,
245 4159 368 4218 reguum
397 4159 546 4217 persarum
576 4144 703 4204 fateatur
731 4145 901 4218 perdurasse
931 4145 1054 4219 longiori
1085 4158 1178 4215 aevo,

127 4333 163 4392 (l)
179 4334 237 4382 lral.
258 4339 323 4384 rl'l.
339 4345 373 4388 tt¹
388 4365 417 4374 -
430 4339 462 4402 (a)
475 4337 568 4388 lutb'llr.
579 4353 600 4388 o.
617 4340 682 4388 l'lll.
698 4345 724 4388 ts
745 4338 815 4400 iuria
834 4344 871 4388 lu.

161 4413 248 4470 I'rtrs.
268 4421 331 4480 111,
1033 4428 1049 4475 2
