2964 5174
559 401 719 454 ..rg-

100 523 183 582 quem
199 507 302 567 divina
318 508 501 584 providentia
512 508 637 587 henigne
649 513 677 570 ei
692 516 845 570 munerata
858 519 903 570 est
916 512 954 580 ad
966 519 1081 572 naahas
1097 529 1177 572 maa·

99 612 140 664 tas
157 605 366 682 illustrandas,
385 608 573 684 animumque
591 608 778 668 mulcendum
795 615 954 685 opportune
970 613 1096 670 occurrit
1114 627 1179 670 san-

98 709 160 762 ctus
171 701 363 780 Augustinus.
375 705 404 762 Is
422 703 660 766 Manichaeorum
678 706 824 768 erroribus
835 707 967 783 abjectis,
975 709 1119 768 Ecclesiae
1127 709 1179 768 Ca·

98 801 221 862 thelicae
248 802 411 862 doctrinam
440 819 491 878 per
518 808 652 863 sanctum
667 817 669 824 ’
684 803 877 881 Ambrogium
906 806 1087 881 amplexatus
1122 813 1176 866 est.

97 899 212 971 Quanto
241 899 344 959 deinde
368 902 430 959 zelo
454 903 607 960 veritatem
635 901 765 976 morat,
793 902 987 978 praedicavit,
1015 910 1044 962 et
1068 911 1179 979 quanta

97 995 230 1056 libertate
245 1003 274 1056 ei
286 998 435 1058 alacritate
449 1005 551 1058 contm
568 1000 614 1056 sni
637 1001 775 1074 temporis
792 999 924 1060 hae1·eses
942 1003 1018 1077 egit,
1036 1006 1180 1060 testantur

97 1096 229 1170 regiones
247 1095 409 1171 africanae,
428 1095 558 1172 almaque
573 1097 707 1172 Europae
722 1099 904 1173 provinciae,
923 1113 998 1173 quae
1016 1105 1087 1158 tanc
1105 1107 1178 1158 tem·

96 1193 174 1266 poris
190 1191 230 1250 ab
247 1194 356 1250 arianis
373 1193 469 1252 valide
485 1193 706 1269 premebuntur,
722 1199 752 1253 et
769 1210 787 1253 a
803 1194 996 1271 manichaeis,
1014 1197 1178 1273 donatistis,

96 1289 274 1365 pelagianis,
291 1291 523 1368 semipelagianis
543 1291 651 1350 Christi
668 1307 804 1368 gregem
830 1291 966 1369 illiusque
985 1297 1125 1354 unitatem
1146 1297 1178 1353 ln

96 1388 194 1446 varias
214 1394 312 1463 partes
331 1391 435 1448 misere
453 1389 677 1465 dilaniantibus,
706 1393 813 1467 quique
841 1407 942 1450 omnes
966 1391 1043 1451 illius
1062 1393 1177 1469 labora,

97 1484 208 1560 studio,
226 1491 256 1545 et
269 1492 369 1545 mnata
386 1487 578 1546 aemulatione
592 1489 736 1563 superati,
753 1488 875 1563 dispersi
890 1494 976 1563 sunt,
994 1505 1147 1549 evanuere.

124 1582 202 1642 llos
219 1581 299 1659 loco,
318 1583 445 1643 dimissis
465 1583 546 1659 aliis,
565 1584 603 1643 ad
628 1601 689 1643 rem
714 1591 844 1644 nostram
870 1585 949 1644 illius
974 1589 1081 1661 scripta
1100 1589 1178 1646 evol·

97 1687 196 1740 venus
216 1681 358 1758 quidquid
370 1682 469 1742 doamt
487 1699 541 1758 pro
554 1683 1013 1759 scripturisDeutero-Cuuonlcis
1026 1687 1058 1742 ia
1080 1693 1178 1760 aperto

97 1781 317 1840 constituamus.
335 1780 434 1840 Primo
454 1780 610 1840 mctdnae
631 1781 811 1840 Christianae
834 1781 923 1841 libros
941 1785 1115 1859 invesdgare
1131 1783 1179 1842 de·

97 1877 215 1954 banus,
235 1880 266 1936 in
279 1878 383 1954 quihus
396 1877 563 1938 divinorum
576 1879 735 1939 Bibliorum
749 1879 851 1939 Canon
870 1880 1080 1942 ecclsiasttcus
1095 1881 1178 1940 exhi-

99 1975 191 2035 betur.

134 2072 243 2132 Doctor
262 2076 418 2150 egregius,
447 2075 498 2134 tubi
522 2075 559 2134 de
584 2074 733 2150 Scriptura
751 2075 853 2134 divina
873 2075 988 2134 locatus
1017 2083 1078 2150 est,
1090 2091 1178 2152 uuae

97 2186 147 2244 per
166 2170 267 2230 orbem
287 2177 432 2231 terrarum
450 2173 653 2248 disseminata,
673 2178 702 2232 et
723 2187 775 2247 per
794 2174 893 2230 varias
910 2173 1097 2247 interpretum
1123 2171 1178 2228 lin·

98 2284 167 2344 guas
182 2268 269 2344 louge
279 2269 392 2344 lateque
407 2269 518 2333 diflusa
530 2271 658 2328 innotuit
669 2269 803 2346 gentihus
819 2268 857 2328 ad
872 2269 1012 2343 salutem,
1030 2283 1176 2344 mammae

97 2367 224 2443 legentes
240 2366 314 2426 nihil
339 2366 419 2424 aliud
439 2353 592 2442 appetunt,
609 2383 699 2442 quam
720 2369 924 2443 cogitationes,
950 2372 979 2424 et
998 2366 1177 2424 volantatem
1220 2385 1227 2397 ’

98 2464 232 2538 illorum,
253 2463 392 2538 aquibus
409 2466 574 2540 conscripta
598 2470 657 2539 est,
675 2466 823 2538 invenire,
842 2470 872 2523 et
892 2480 944 2538 per
960 2463 1025 2522 illos
1042 2462 1177 2524 volunta·

98 2567 154 2620 mm
168 2561 241 2636 Dei,
263 2561 422 2620 secundum
441 2577 531 2637 quam
547 2561 620 2621 tales
638 2562 770 2620 honines
785 2561 897 2620 locutos
923 2559 1085 2636 credimus,
1116 2577 1178 2636 per-

98 2661 139 2735 git
157 2658 195 2717 ad
215 2657 382 2716 divinorum
397 2657 537 2717 librorum
554 2659 715 2742 canonem,
731 2675 819 2735 quem
845 2659 925 2717 hisce
943 2658 1040 2718 verbis
1059 2675 1178 2734 praeve·

97 2759 155 2814 nit:
173 2755 213 2832 (1)
232 2779 245 2806 u
257 2756 320 2816 Erit
339 2759 429 2832 igitur
445 2755 613 2814 divinarum
637 2755 852 2831 Scripturarum
871 2756 1076 2814 solertissimus
1095 2755 1177 2814 inda·

97 2859 198 2930 gater,
224 2857 276 2930 qui
295 2856 389 2929 primo
403 2859 479 2914 totas
497 2856 613 2932 legerit,
631 2861 772 2931 notasque
789 2854 941 2930 habuerit,
959 2861 988 2914 et
1005 2858 1030 2913 si
1047 2856 1178 2914 nondum

97 2953 261 3029 intellectu,
285 2955 350 3027 jam
373 2939 471 3010 mmeu
491 2952 631 3028 lectione,
650 2952 804 3011 dumtaxat
821 2969 887 3028 aas,
904 2969 979 3029 quae
997 2954 1179 3029 appellantur

97 3049 271 3110 &uomicae
293 3049 370 3107 Nam
390 3056 505 3108 ceteras
520 3051 649 3110 soeurius
665 3050 758 3126 leget,
775 3048 832 3108 lide
849 3051 979 3109 veritatis
997 3052 1176 3127 instructus,

97 3163 132 3206 ue
150 3153 364 3224 praeoccupent
374 3143 551 3207 imbecillum
569 3149 710 3223 animum,
724 3154 754 3206 et
770 3148 938 3223 periculosis
956 3147 1114 3206 mendaciis
1134 3157 1178 3208 at-

97 3261 153 3322 quc
165 3245 379 3320 phantasmatis
396 3245 544 3306 eludentes
556 3246 752 3322 praejudicent
772 3245 883 3321 aliquid
896 3251 998 3304 matra
1017 3261 1119 3304 sanam
1135 3249 1178 3305 in·

98 3343 299 3418 telligentiam.
321 3343 356 3400 In
373 3342 526 3402 Canonicis
553 3349 650 3402 autem
667 3342 826 3419 scripturis
846 3343 1032 3400 ecclesiarum
1059 3342 1179 3402 catholi-

77 3455 200 3498 -carum
227 3441 428 3499 auctoritatem
453 3445 608 3517 sequatur,
627 3443 701 3500 inter
722 3455 796 3515 quas
822 3455 892 3498 saue
911 3439 978 3496 illae
998 3444 1083 3513 sunt,
1102 3455 1178 3515 quae

101 3537 276 3614 apostolicas
287 3536 370 3596 sedes
383 3536 506 3613 hahere,
527 3543 556 3596 et
572 3538 707 3614 epistolas
722 3539 850 3612 accipere
864 3543 1040 3595 meruerunt.
1057 3536 1180 3597 Tenehit

100 3637 187 3711 igitur
199 3633 278 3694 hunc
288 3634 407 3694 modum
423 3638 455 3693 in
470 3634 625 3710 Scripturis
638 3635 807 3710 canonicis,
819 3640 853 3694 ut
863 3651 929 3710 eas,
943 3648 1018 3710 quae
1036 3634 1074 3692 ah
1087 3638 1178 3694 omni-

101 3731 153 3790 bus
172 3732 354 3806 accipiuntur
369 3733 496 3792 ecelesiis
514 3731 664 3792 catholicis
680 3738 839 3809 praeponat
858 3735 918 3808 eis,
946 3747 1019 3808 quas
1034 3732 1178 3808 quaedam

101 3845 159 3888 nou
178 3831 334 3906 accipiunt.
361 3830 397 3887 ln
419 3831 456 3888 iis
482 3845 571 3906 vero,
592 3846 666 3906 iprae
685 3846 745 3890 non
765 3831 946 3906 accipiuntur
967 3828 1005 3888 ab
1026 3829 1175 3906 ouraihus,

103 3933 259 4003 praeponat
272 3943 337 4002 eas,
353 3943 426 4003 quas
443 3928 540 4003 plures
558 3935 588 3987 et
607 3930 754 4004 graviores
770 3929 930 4002 accipiunt,
943 3930 1000 4002 ais,
1020 3943 1094 4002 quas
1109 3943 1178 4002 pau-

56 4055 59 4064 ·
104 4027 191 4084 ciores
207 4031 238 4084 et
258 4026 379 4085 minoris
401 4028 580 4086 auctoritatis
600 4025 735 4086 eeclesiae
751 4031 859 4086 tecam.
886 4025 917 4085 Si
933 4031 1030 4084 autem
1044 4024 1117 4082 alius
1131 4027 1176 4082 in·

106 4126 213 4184 venerit
225 4140 244 4184 a
258 4125 408 4201 pluribus,
424 4125 496 4186 alias
509 4142 528 4186 a
543 4124 724 4203 gravioribus
741 4125 857 4202 hahart,
871 4139 1049 4202 quamquam
1063 4122 1119 4181 hoc
1133 4121 1178 4180 ia·

132 4337 164 4400 (i)
179 4337 233 4388 tlh.
245 4347 269 4391 i.
282 4341 352 4392 Doti.
361 4339 453 4392 christ.
463 4353 485 4392 c.
497 4341 564 4392 vni.
583 4336 640 4392 edit.
652 4337 769 4390 venetiis.
