3094 5184
565 451 604 463 .-
626 429 662 480 35
684 455 724 464 .-

105 535 200 594 liunes
221 535 520 595 Deutero-Canonicas
534 535 574 594 ibi
589 538 646 614 legi
658 540 791 614 scripsit,
814 545 904 598 etsuo
915 539 1074 599 Bibliorum
1088 545 1181 600 textui

103 634 236 711 exaplari
257 634 363 693 ibidem
392 635 542 712 adjunctas
571 638 732 712 portemur
760 635 892 696 tradidit.
924 637 961 696 Et
984 637 1180 717 Hieronymus

1 743 2 774 1
102 730 201 806 idem,
223 730 290 789 licet
310 731 523 807 quodammodo
543 735 674 810 invitus,
707 739 835 793 attamen
865 737 1045 810 apertissime
1072 737 1180 797 fatetur

100 826 159 886 has
178 844 279 890 omnes
297 836 394 904 partes
414 829 611 892 voluminibus
631 834 743 909 graecis
771 831 1011 909 stemmatum,
1044 851 1118 911 quae
1149 837 1180 895 in

101 931 166 1001 toto
185 925 255 1000 orbe
274 927 405 1004 dispersa
424 935 527 1005 erant,
558 933 710 996 contineri.
741 930 890 992 simulare
912 931 1030 992 undem
1055 936 1180 1008 poterint

101 1023 223 1085 hebraei
242 1024 295 1086 has
315 1025 480 1106 Scripturas
499 1035 595 1104 partas
616 1046 675 1088 non
700 1029 789 1090 lectas
809 1029 899 1090 iulsse
919 1032 950 1088 in
969 1045 1070 1090 cortun
1090 1048 1178 1109 syna-

100 1125 187 1200 gogis
208 1125 298 1184 veluti
322 1123 438 1186 divinas
458 1127 558 1186 cadom
580 1133 675 1188 mente
688 1144 723 1187 ac
738 1127 907 1204 legebantur
920 1127 1182 1189 Proto-Canonlcae

1 1283 2 1288 ,
100 1219 150 1280 his
173 1222 375 1300 inhaerentes,
405 1224 650 1301 quemadmodum
670 1223 854 1285 alexandrini
877 1228 1046 1301 interpretes
1068 1229 1098 1285 in
1119 1227 1179 1286 suis

100 1320 252 1382 codicibus
271 1321 479 1382 coniecerant?
498 1323 580 1382 Adeo
600 1324 673 1384 haec
692 1341 763 1384 vera
782 1331 874 1402 sunt,
896 1331 925 1384 et
944 1327 1123 1400 captivantia
1136 1329 1180 1385 in·

0 1450 2 1463 .
100 1417 251 1478 tellectum
272 1421 303 1477 ln
322 1419 493 1496 obsequium
517 1419 605 1497 lida,
636 1428 669 1480 ut
695 1421 816 1482 Vossius
845 1421 943 1498 idem,
973 1425 1108 1499 quamvis
1128 1423 1178 1482 he·

98 1517 222 1576 braeum
242 1516 389 1577 Canonem
408 1524 523 1578 tantum
542 1519 644 1595 probet
662 1518 818 1596 divinum,
848 1520 979 1580 incidens
1002 1522 1034 1579 in
1060 1520 1176 1580 addita·
1235 1577 1238 1583 .

0 1642 2 1647 >
99 1621 201 1676 mento
222 1614 296 1676 libro
314 1616 467 1693 Estheris,
489 1633 563 1694 quae
576 1619 700 1692 sparsim
712 1617 781 1678 buic
795 1617 959 1694 scripturae
969 1621 1079 1680 inserta
1092 1623 1172 1695 sunt,

102 1729 158 1773 nec
170 1716 277 1783 veroin
288 1713 412 1774 hebraeo
425 1717 572 1792 leguntur,
584 1716 750 1794 dixeritlilz
773 1718 870 1791 aeria
881 1733 940 1776 non
954 1719 1054 1793 paucis
1066 1720 1097 1778 lu
1106 1719 1178 1778 locis

2 1856 4 1861 .
100 1811 216 1871 auctior
231 1813 315 1872 sitin
329 1828 433 1890 graeca
452 1813 660 1891 translatione,
683 1831 772 1891 quam
792 1817 823 1874 in
843 1815 968 1877 hebraeo
987 1815 1097 1891 codice,
1112 1813 1178 1876 ideo

2 1935 10 1986 J
99 1908 194 1986 vulgo
213 1915 318 1984 putant
338 1909 535 1974 additamenta
555 1928 590 1971 ea
606 1915 748 1989 agraecis
763 1913 875 1991 adjecta
885 1930 948 1974 esse
960 1913 1175 1988 interpretibus.

5 2029 7 2036 ·
99 2007 166 2084 ligo
182 2012 280 2068 amen
302 2007 388 2086 longe
401 2009 485 2070 aliter
507 2011 623 2085 sentio,
645 2013 829 2087 nequeenim
847 2012 967 2088 dubito,
988 2013 1060 2087 quln
1079 2027 1115 2070 ca
1134 2011 1177 2070 di·

0 2131 13 2154 r
97 2106 265 2180 screpantia
276 2105 381 2166 exinde
392 2108 591 2181 promanarit,
605 2106 684 2182 quod
705 2107 813 2183 duplex
836 2107 914 2183 apud
931 2107 1071 2170 hebraeos
1089 2107 1177 2184 hrpus

0 2249 14 2260 .
99 2202 171 2266 libri
197 2203 285 2266 fuerit
311 2203 419 2280 editio,
448 2203 539 2264 altera
562 2204 731 2282 copiosior,
762 2204 853 2262 altera
876 2197 946 2262 ue'ro
970 2205 1174 2262 contractior.»

5 2313 6 2318 ’
97 2301 376 2380 Quomodccumque
389 2301 485 2364 Vossii
498 2300 588 2362 uerba
599 2303 798 2378 accipiantur,
819 2317 932 2377 semper
952 2301 1103 2362 iamndum
1118 2303 1175 2362 erit

98 2399 235 2460 eumdem
258 2415 352 2477 neque
372 2399 489 2460 fictitias
512 2413 606 2477 neque
618 2399 724 2464 nothas
738 2400 841 2464 iecisse
858 2399 912 2460 has
923 2399 1105 2477 additiones,
1127 2401 1178 2460 sed

0 2533 1 2546 .
97 2497 202 2560 diuina
213 2501 383 2560 aucmento
395 2498 540 2574 praeditas
552 2501 735 2560 aestimasse.

2 2631 8 2658 r
139 2596 221 2656 Talis
232 2596 392 2658 habebatur
403 2599 434 2656 in
444 2597 551 2674 populo
570 2595 660 2658 Israel
673 2595 825 2656 translatio
839 2594 1028 2674 Septuaginta
1041 2598 1178 2673 interpre·

1 2727 12 2754 i
97 2699 244 2754 minante
257 2692 415 2756 Salvatoris
426 2693 595 2756 adventum.
616 2694 702 2754 Nunc
721 2694 799 2756 illius
820 2696 1000 2772 adamatos,
1021 2709 1091 2754 usus
1114 2707 1174 2754 una

0 2827 8 2854 i
96 2809 169 2856 cum
188 2793 344 2872 emptoris
357 2794 397 2854 ibi
410 2797 564 2871 contentis,
580 2797 611 2856 lu
624 2793 754 2854 Ecclesia
774 2794 953 2872 christiana,
975 2810 1010 2855 ac
1023 2795 1177 2872 praecipue

97 2897 270 2972 maere,
290 2893 375 2956 nobis
395 2892 726 2956 decemcndaawdunt
739 2893 790 2971 (2).

10 3415 16 3454 ²
126 3421 164 3485 (t)
182 3419 254 3485 Apud
266 3421 419 3472 irommlum
437 3421 553 3471 concord.
568 3419 703 3470 Bibliorum
716 3425 858 3482 graecorum
872 3416 898 3466 in
913 3414 989 3480 praei.
1008 3440 1037 3453 -
1053 3413 1087 3479 (t)
1107 3383 1175 3466 Post·

10 3495 14 3504 ’
95 3513 176 3565 qum
193 3502 226 3552 de
243 3502 362 3554 nomionis
382 3502 551 3566 Septuaginta·
559 3501 721 3566 interpretum
743 3499 890 3550 auctoritate
907 3498 932 3548 et
951 3509 998 3547 usu
1020 3496 1046 3545 ln
1063 3495 1178 3546 omnibus

0 3629 4 3656 p
94 3583 260 3636 uenarum
277 3583 408 3648 Βγιιςοείε
425 3583 547 3646 disserui,
569 3581 704 3634 notandum
726 3583 764 3634 ast
779 3579 898 3643 insuper,
917 3589 992 3628 unam
1009 3577 1106 3628 tacmm
1123 3587 1179 3626 con·

94 3663 182 3716 titiam
199 3675 252 3714 esse
269 3663 452 3717 &mitilenem
464 3663 645 3730 scripturarum
668 3660 702 3710 ab
726 3657 841 3712 hebreus
859 3658 915 3708 ante
934 3655 1068 3708 demoris
1089 3655 1178 3706 adven·
1285 3653 1289 3660 '

0 3735 10 3752 ’
95 3745 171 3808 tum,
190 3745 216 3794 et
232 3757 354 3804 eamesse
364 3779 372 3806 ,
391 3757 464 3808 quam
481 3742 643 3806 expendimus
663 3759 670 3806 ς
690 3754 770 3806 neque
788 3739 867 3790 ullum
885 3738 961 3788 elium
980 3737 1116 3788 Bibliorum
1138 3749 1178 3786 vc·

1 3818 15 3870 ¹?
97 3823 182 3872 terum
193 3821 303 3872 codicem
318 3835 431 3888 pascum
451 3821 579 3872 inventurn
599 3821 674 3872 inisse
690 3821 721 3872 ab
739 3820 795 3871 eliis
808 3817 976 3882 eleboratum,
997 3819 1092 3884 praeter
1110 3816 1181 3866 illum
1275 3813 1279 3822 ‘

0 3922 13 3951 a
95 3901 305 3965 Alexandrinum,
321 3915 371 3966 quo
383 3903 509 3966 bucusque
524 3901 654 3965 probatum
665 3901 708 3969 vest
721 3897 840 3950 contineri
854 3903 939 3949 omnes
955 3897 1031 3948 libros
1050 3893 1179 3945 Prota-(la-

1 4005 14 4046 r,
96 3980 202 4032 uonicos
216 3981 242 4030 et
254 3981 508 4032 aenamaanontncs
518 3980 608 4029 votem
619 3979 782 4041 Testamenti,
798 3980 872 4041 prout
888 3977 997 4028 Ecclesia
1008 3975 1137 4026 catholica
1147 3974 1179 4024 le·

96 4061 143 4124 git.
160 4063 274 4124 umque
287 4074 332 4114 nec
344 4061 528 4126 ascriptoribus
543 4059 661 4122 hebraeis,
678 4069 757 4122 neque
770 4059 939 4112 cadecisstlcis
950 4058 1063 4110 nauum
1073 4055 1182 4108 ernust

97 4143 156 4192 ante
174 4143 301 4196 curatum
314 4142 377 4194 alias
393 4143 574 4207 scripturarum
585 4139 722 4202 versiones,
740 4141 836 4203 practer
851 4140 933 4204 illam,
948 4151 1012 4204 quae
1026 4137 1118 4200 ubique
1134 4136 1180 4186 ter-

97 4234 184 4272 rarum
196 4221 244 4274 sub
252 4221 325 4274 titulo
334 4248 343 4260 ·
353 4222 510 4287 Septuaginta
517 4223 679 4285 interpretum
689 4217 921 4272 versio-nabebatur.
930 4221 966 4268 De
974 4217 1021 4266 bac
1029 4227 1055 4266 re
1066 4213 1179 4264 consuas

1 4303 12 4313 ”
98 4314 201 4366 quoque
220 4305 340 4354 loannem
358 4304 549 4366 octingena,
571 4303 615 4367 qui
635 4301 702 4354 idem
719 4299 827 4352 adstruit
843 4301 902 4350 tem.
920 4312 946 4348 n.
965 4295 1089 4348 versionis
1107 4298 1146 4344 70.
1166 4305 1180 4341 a

104 4381 197 4432 Grebia
212 4381 292 4434 cuiue
