3086 5182
541 395 721 449 -iii-

89 499 180 564 libros
200 501 415 580 seripturarum
436 504 468 562 in
489 517 653 566 1111111111
667 503 798 566 italicum
814 510 900 566 numa
915 506 1064 570 badoctos
1077 509 1169 574 inisse

89 601 190 664 multis
213 609 313 664 manen
335 601 482 664 erroribus
505 609 659 666 1111111111.
686 604 724 666 lit
744 607 788 666 sio
809 604 846 668 rio
871 607 937 667 aliis
959 611 1167 691 versionibus,

89 716 166 780 quse
186 701 308 762 collatus
326 715 364 762 ex
383 701 477 762 latua
497 701 670 780 Hieronymi
689 702 835 780 Vulgata,
856 719 957 766 omnes
973 706 1169 771 Proto-Cano·

7 843 8 870 1
89 801 171 862 nicas
198 806 228 860 et
248 798 546 862 Dentato-Canonium
569 802 676 864 veteris
700 799 877 864 1111111111
898 801 1061 882 Scripturas
1086 823 1169 884 prae·

90 897 266 962 referebant.

129 996 177 1058 Ex
190 994 238 1058 iris
252 995 388 1058 omnibus
402 994 521 1060 onim
535 999 659 1076 eruitur,
671 1013 771 1060 omnes
786 997 866 1060 orbis
881 999 1035 1080 1111111111,
1052 1007 1082 1064 et
1095 1003 1169 1066 cbri-

6 1143 10 1170 ,
91 1095 231 1158 1111111111
249 1095 327 1173 opud
344 1111 376 1156 se
392 1095 550 1174 habuisse,
570 1111 606 1158 ac
624 1096 729 1174 legisse
756 1097 865 1174 scripta
884 1096 1171 1164 ornammnoniea

6 1213 11 1270 ¹,
92 1195 198 1256 1111111
221 1194 421 1272 Testamenti,
447 1210 484 1256 ac
507 1209 607 1255 sacrm
630 1193 671 1254 ibi
695 1194 833 1256 historias
854 1201 1007 1258 vanmatos
1032 1214 1106 1260 esse.
1132 1199 1170 1262 Ei

91 1291 148 1354 hoc
168 1309 206 1354 ex
229 1308 302 1353 aevo
323 1291 482 1369 apostolico
503 1290 614 1352 iactum
635 1295 751 1352 111111
774 1293 902 1354 eoeiesiis
924 1293 994 1355 alibi
1015 1297 1119 1373 mnui,
1139 1303 1169 1360 et

91 1391 140 1452 bic
161 1391 245 1454 brevi
264 1391 428 1452 recensebo.
451 1391 590 1470 Origenes
614 1393 692 1452 enim
717 1390 756 1451 ad
778 1390 950 1452 Africanum
970 1393 1100 1455 scribens
1120 1413 1167 1458 ec·

6 1547 8 1558 4
92 1491 196 1552 clesias
219 1489 327 1552 Christi
351 1493 393 1550 aii
415 1490 509 1568 legera
532 1489 695 1567 Scriptmas
718 1490 858 1552 Deuteras
881 1491 1017 1571 Tobiae,
1044 1493 1168 1574 iudith,

92 1590 255 1652 additiones
271 1588 418 1666 Estheris,
435 1588 585 1676 susannae
601 1588 762 1650 hbtorium
780 1590 862 1650 Idem
875 1588 982 1651 latetm
995 1593 1071 1654 inter
1084 1609 1169 1674 syros

5 1681 12 1757 .
90 1689 175 1750 initio
201 1687 309 1750 saeculi
324 1704 368 1748 rv.
395 1686 587 1767 Ephraemus,
610 1689 693 1765 quie
713 1687 795 1751 libris
815 1687 1060 1752 Machabaeorum
1080 1707 1169 1770 quae·

90 1785 161 1848 darn
181 1784 272 1848 verba
292 1787 386 1846 111111
408 1786 479 1848 dicit
500 1786 566 1848 illas
579 1783 742 1863 scripturas
757 1785 815 1864 legi
830 1788 862 1846 in
876 1786 1004 1848 ecclesiis
1020 1805 1168 1868 syrorum.

6 1927 13 1968 ,
87 1884 184 1946 Divus
205 1884 378 1946 Ambrosius
398 1884 543 1946 disserem
565 1885 602 1946 da
623 1883 698 1945 libro
716 1883 825 1946 Tobiae
844 1888 904 1963 ait,
927 1891 1021 1950 aetate
1038 1904 1116 1966 sua,
1137 1892 1169 1950 in

88 1983 212 2046 ecelesia
226 1981 385 2044 Mediolani
405 1981 463 2060 legi
476 1982 555 2044 bunc
575 1982 693 2046 librum.
715 1984 757 2044 De
774 1983 895 2062 eodem,
908 1987 941 2044 in
954 1984 1170 2066 Hierosolymo·

5 2113 6 2116 π
89 2098 160 2142 rum
179 2081 320 2160 Ecdesia,
339 2086 413 2144 teste
436 2081 561 2160 Origene
574 2082 613 2142 ad
629 2081 819 2160 Africanum,
842 2089 871 2144 et
890 2083 1114 2146 aliosDeuteros
1128 2084 1170 2146 ibi

9 2255 13 2266 ι
95 2180 156 2258 legi
174 2181 257 2242 testis
269 2185 314 2240 est
329 2179 456 2258 cyrillus
468 2181 501 2238 in
519 2179 733 2241 catechesibus.
752 2179 788 2239 ld
805 2182 965 2241 universim
981 2180 1088 2242 latetur
1104 2183 1171 2244 llic-

5 2317 6 2322 κ
90 2293 235 2358 ronymus
257 2277 441 2338 Praeiadone
461 2280 494 2338 in
515 2277 605 2338 libros
629 2275 802 2339 Salomonis.
829 2279 904 2340 Item
930 2278 1112 2358 Augustinus
1133 2279 1171 2342 de

88 2375 167 2436 libro
186 2374 350 2452 Sapientiae
371 2375 499 2436 scribens
521 2381 624 2436 oonua
645 2374 1169 2456 SeuripcIagianos310annesChry·

4 2521 5 2526 1
88 2479 238 2534 sostomrm
258 2471 457 2550 Antiochiae,
483 2471 611 2534 Romilia
629 2469 666 2533 da
684 2470 818 2534 Sumnna
838 2478 867 2533 ei
887 2472 924 2533 de
942 2471 1036 2536 tribus
1054 2476 1168 2552 pueris,

88 2571 149 2632 boc
167 2568 285 2647 firmat3
306 2568 385 2648 quod
403 2568 521 2646 quidem
540 2569 579 2630 ad
597 2577 698 2632 uostm
713 2559 805 2648 usque
823 2577 953 2648 tempora
968 2579 1105 2650 perpetuo
1120 2589 1169 2634 ex·

5 2729 11 2752 ,
88 2667 203 2746 pletum
222 2675 277 2730 est.

5 2753 11 2772 ’
133 2766 192 2828 Ubl
211 2782 282 2828 vero
302 2765 422 2826 advenit
441 2765 609 2845 Lutberus,
629 2770 748 2846 ejusque
770 2768 898 2830 haeresis
919 2769 1045 2846 perstitit
1066 2768 1171 2830 1101-

4 2857 9 2930 Ϊ’
87 2865 226 2942 ridente,
247 2863 413 2940 scripturae
434 2863 576 2926 Deuterae
589 2881 607 2925 c
621 2880 741 2942 corpore
761 2864 929 2926 divinorum
949 2864 1106 2943 librorum,
1123 2867 1172 2928 eui

6 3035 9 3047 ι
87 2963 131 3024 ab
145 2963 304 3042 apostolico
317 2979 409 3040 aevo,
425 2979 463 3023 ne
479 2965 601 3024 ulterius
617 2959 802 3041 progrediar,
819 2964 949 3024 adnexae
964 2970 1063 3041 erant,
1080 2967 1172 3024 omni·

4 3125 8 3147 .
87 3076 133 3120 no
157 3061 273 3122 excisae
295 3066 375 3122 sunt.
396 3058 556 3136 Progressa
578 3076 648 3119 vero
670 3063 807 3137 temporis
825 3078 918 3139 usque
938 3060 978 3124 ad
993 3070 1173 3138 praesentem

4 3151 8 3176 '
86 3157 193 3236 diem,
221 3157 293 3218 adeo
318 3157 553 3218 advmsadorum
575 3155 738 3218 sollicitudo
759 3158 944 3236 praevaluit,
969 3158 1170 3236 describendi,

4 3235 8 3274 ²
85 3254 253 3333 edendiqua
278 3253 374 3316 Biblia
395 3255 502 3316 veteris
523 3253 681 3332 Foederis,
701 3252 738 3314 de
757 3253 853 3315 medio
871 3255 993 3316 sublatis
1013 3254 1170 3332 Scriptuis

4 3333 8 3374 ¹
85 3354 249 3430 Deuterls,
268 3357 303 3414 ut
321 3354 354 3410 in
371 3352 541 3412 umsersum
558 3350 678 3428 orbem,
695 3350 862 3430 bru'usmodi
878 3352 1055 3429 exemplaria
1069 3368 1170 3429 perve-

4 3437 5 3440 '
87 3453 203 3512 nmini.
218 3449 274 3510 Illa
295 3451 392 3526 enlm,
407 3465 482 3527 quae
501 3448 608 3510 dicitur
627 3447 747 3510 Biblioo
760 3449 907 3526 81111111,
929 3449 1019 3510 nullis
1035 3451 1174 3528 impensis
1235 3489 1237 3494 ·

84 3549 299 3626 laboribusque
313 3565 454 3628 parcens,
469 3550 569 3608 omnia
583 3548 745 3625 periclitata
767 3555 832 3626 cst,
853 3555 887 3609 ut
906 3550 938 3611 iu
957 3565 1058 3612 omnes
1078 3550 1171 3627 reglo-

83 3665 144 3710 nes
164 3665 200 3709 ao
222 3649 254 3708 ln
275 3648 406 3726 singulas
427 3661 528 3710 emam
547 3644 663 3724 linguas
683 3645 930 3723 deminuuntur,
948 3651 1036 3724 atque
1053 3647 1172 3726 evulga-

82 3754 195 3810 rentur
217 3746 311 3806 dlvini
334 3746 402 3808 iibri
421 3746 528 3806 veteris
548 3745 726 3806 Testamenti
747 3745 856 3822 ubsque
876 3744 953 3822 illis,
974 3760 1047 3822 quas
1066 3761 1174 3823 propu-

83 3860 239 3928 gnamus,
260 3842 427 3921 Scripturis.
448 3843 486 3903 iit
504 3859 686 3921 quocumque
704 3849 733 3904 te
751 3849 861 3922 venos,
877 3845 939 3904 sive
952 3842 1095 3924 Europae,
1110 3845 1173 3906 sive

84 3945 205 4022 Asiae,
226 3945 289 4004 sive
307 3941 444 4020 Africae,
466 3946 529 4004 slve
549 3941 700 4004 Americae
719 3945 878 4019 perrexeris
893 3950 1004 4020 terrm,
1022 3943 1129 4021 ubique
1141 3945 1175 4003 in

82 4043 210 4120 linguas
231 4057 332 4104 earum
353 4043 457 4120 legeris
471 4041 633 4117 scripturas
645 4041 811 4102 translatas.
834 4041 870 4101 ln
883 4041 1017 4102 oumlbus
1034 4057 1105 4101 vero
1126 4041 1173 4100 his

82 4141 296 4218 versionibus,
317 4140 365 4201 vel
387 4140 588 4202 desiderantum
607 4141 748 4216 omnino,
769 4139 817 4200 vei
834 4138 938 4200 ultimo
954 4140 1018 4200 ioco
1030 4136 1174 4213 mandati,

81 4241 232 4318 omnique
251 4238 413 4300 divinitatis
433 4239 536 4300 decore
557 4240 655 4318 exuti,
672 4238 789 4298 nomine
808 4235 1042 4318 opoogpboruar
1064 4234 1175 4296 donau·

80 4345 142 4400 tur
160 4337 229 4400 iibri
241 4336 529 4410 Dauum-canonici.
554 4339 635 4400 iiam
655 4337 742 4414 buu'm
763 4338 805 4400 rei
817 4337 1016 4399 testimonium
1030 4335 1114 4412 scito,
1136 4331 1173 4392 ab
