3070 5180
536 427 577 440 -··
596 413 687 456 xxvll
710 427 750 440 -
864 437 872 458 0

113 512 245 608 urbis,
276 511 350 591 nbi
376 513 431 591 sic
450 512 532 590 ait:
562 544 583 586 a
612 514 671 590 Ac
695 529 853 620 praeter
879 513 980 610 alia,
1010 533 1179 620 quaeat

110 646 248 724 litteris
268 642 516 742 scribendis,
548 663 588 724 ct
610 645 771 725 nunciis
792 647 836 724 in
861 644 1053 753 quasdam
1078 647 1180 726 Ger·

109 779 262 858 maniae
282 796 416 887 partes
433 779 531 858 haec
552 778 637 887 ipsa
658 778 709 858 de
729 807 847 858 causa
867 779 1073 859 mittendis
1098 809 1182 889 age·

108 939 150 992 re
162 913 336 1020 aggressi
355 939 513 1010 sumus,
537 912 833 992 considerantes
853 912 917 992 fel.
933 941 1012 992 rec.
1028 914 1179 993 Julium

105 1072 251 1154 papam
263 1044 332 1123 Ill.
355 1044 696 1152 praedecessorem
714 1063 897 1124 nostrum
920 1047 1072 1154 optimo
1094 1049 1180 1154 qui·

107 1176 197 1256 dem
225 1177 393 1256 consilio
415 1177 626 1285 collegium
654 1178 695 1256 in
719 1179 820 1258 urbe
845 1177 1108 1277 alendorum,
1140 1198 1179 1258 et
1274 1231 1280 1258 1

106 1311 264 1409 latinis,
297 1311 471 1418 graecis,
505 1310 784 1418 hebraicisque
822 1311 984 1410 litteris,
1019 1311 1174 1420 logica,

104 1445 294 1551 physica,
317 1443 485 1552 aliisque
504 1444 735 1526 liberalibus
753 1444 987 1553 disciplinis,
1008 1465 1048 1526 et
1067 1473 1178 1526 sacra

104 1575 265 1655 demum
290 1576 513 1685 theologia,
543 1604 589 1656 ac
610 1579 687 1686 piis
707 1597 746 1658 ct
769 1579 987 1659 christiano
1013 1581 1175 1658 homine

104 1708 237 1817 dignis
264 1710 443 1789 moribus
474 1710 813 1792 instituendorum
833 1714 1080 1822 germanicae
1107 1741 1178 1792 na-

102 1843 227 1921 tionis
250 1869 470 1950 puerorum
494 1871 612 1924 causa
640 1845 833 1944 erexisse,
863 1865 1016 1927 utnon
1040 1871 1113 1954 per
1135 1873 1176 1924 se

102 1978 234 2056 solum
264 1974 398 2075 docti,
432 1977 614 2085 bonique
642 1978 884 2078 evaderent,
926 1977 995 2058 sed
1025 1977 1076 2058 ad
1105 2007 1176 2088 pa-

101 2111 222 2189 triam
239 2127 457 2190 remeantes
468 2109 663 2191 habendis
680 2113 957 2210 concionibus,
981 2140 1027 2191 ac
1044 2112 1176 2220 dispu-

102 2241 351 2341 tationibus,
375 2241 598 2324 refellendis
623 2244 876 2343 haeresibus,
906 2243 1081 2353 fideique
1111 2272 1176 2323 or-

103 2374 308 2456 thodoxae
332 2377 488 2457 veritati
509 2375 788 2457 dilucidandae
814 2397 853 2458 et
885 2377 1172 2475 defendendae,

103 2537 149 2588 ac
172 2529 380 2618 practerea
405 2512 649 2593 exercendae
672 2515 893 2592 animarum
914 2539 1052 2612 curae,
1079 2512 1177 2592 aliis·

104 2673 185 2752 quc
205 2646 284 2753 piis
309 2663 349 2724 et
378 2646 522 2727 sanctis
551 2647 742 2755 operibus
772 2649 855 2755 apti
888 2664 928 2727 et
954 2644 1089 2726 idonei
1117 2675 1176 2726 es·

104 2795 206 2858 sent.
235 2811 254 2852 u
279 2779 329 2856 Et
362 2797 409 2858 ut
438 2777 542 2860 dixit
566 2779 620 2858 ob
647 2780 775 2860 varias
799 2807 932 2859 rerum
966 2778 1072 2860 vices
1098 2781 1176 2858 hoc

104 2937 225 3018 opere
239 2937 421 3009 cessasse,
438 2910 549 2992 addit
565 2941 574 2989 ε
590 2911 711 2992 «Nos
727 2931 930 3022 praeterea
949 2911 1053 2992 idem
1072 2939 1177 3019 opus

106 3041 233 3123 eidem
263 3045 416 3124 nationi
442 3045 542 3126 adeo
562 3046 659 3125 utile
686 3065 725 3126 et
758 3046 928 3126 salutare
952 3047 1047 3126 totis
1080 3045 1175 3123 viri-

106 3176 181 3256 bus
198 3177 543 3285 promovendum,
560 3181 738 3260 animum
751 3199 792 3260 et
809 3196 983 3260 mentem
999 3197 1176 3258 nostram

107 3311 396 3410 convertimus,
420 3331 535 3392 etc.»

152 3443 276 3522 Initio
310 3446 457 3525 sacculi
492 3443 636 3526 decimi
670 3446 827 3555 septimi
859 3507 868 3542 ,
900 3447 996 3526 item
1024 3445 1172 3523 Paulus

102 3577 286 3686 pontifex
309 3577 359 3656 V.
394 3580 581 3660 omnibus
605 3581 649 3658 in
673 3579 932 3687 Regularium
955 3579 1177 3687 cujuscum-

101 3740 180 3821 que
209 3707 364 3792 ordinis
389 3712 450 3793 vel
475 3714 646 3794 instituti
673 3715 820 3796 scholis
847 3713 984 3794 eadem
1008 3711 1172 3792 manda·

102 3849 179 3926 vit:
206 3881 225 3920 a
249 3847 297 3924 ln
324 3846 538 3954 cujuslibet
557 3847 733 3948 ordinis,
759 3850 822 3928 vel
855 3849 1026 3928 instituti
1050 3849 1177 3954 Regu-

100 3979 244 4059 larium
262 3978 404 4059 studiis
424 3981 503 4061 sint
524 3982 751 4090 linguarum
767 3982 981 4088 hebraeae,
996 4007 1172 4092 graecae,

100 4131 139 4192 et
162 4114 340 4209 latinae3
373 4114 416 4192 in
438 4114 658 4223 majoribus
674 4143 796 4214 veru,
827 4133 865 4196 et
889 4113 1177 4194 celebrioribus

101 4248 219 4327 etiam
248 4245 429 4327 arabicae
452 4246 650 4330 doctores.
681 4283 700 4322 n
731 4249 1049 4332 Constitutioncs
1075 4243 1177 4324 ordi·
