2964 5174
780 391 820 404 .-
840 369 878 421 gp
898 393 938 406 ..-

319 481 385 540 nico
404 477 479 540 libro
502 475 684 555 adhibitum3
695 479 780 554 quasi
797 484 844 555 et,
864 483 986 553 excepta
1001 475 1089 554 bajus
1105 475 1173 536 libri
1189 475 1398 555 adtestatione,

319 593 365 636 res
380 579 445 653 ipsa
461 593 520 636 non
540 577 620 636 clara
636 577 694 652 sit,
711 591 801 651 quam
816 575 962 636 voluimus
984 575 1053 636 hinc
1068 575 1181 636 doceri.
1195 619 1203 634 .
1217 619 1245 636 ..
1261 576 1342 636 llaec
1353 583 1401 636 est

316 681 379 736 tota
394 693 501 751 causa,
521 691 574 734 cur
587 674 699 734 dictum
717 680 795 732 esta
814 689 997 750 quocumque
1011 675 1050 732 sit
1066 672 1195 733 mamm:
1216 680 1340 749 ·raptns
1352 679 1401 734 cst

316 787 354 830 ne
366 773 479 832 malitia
496 776 622 830 mutaret
642 770 822 830 intellectum
840 774 941 847 ejus.»
957 770 1012 830 llis
1035 768 1144 846 verbis,
1165 770 1204 830 ab
1223 771 1279 832 bac
1296 777 1400 832 aucto·

316 871 400 928 ritute
414 875 525 944 cesam,
542 885 577 928 ac
598 869 683 928 aliter
704 871 894 928 ratiocinatur
915 868 1051 943 Sanctus,
1066 885 1159 944 neque
1182 868 1258 928 libro
1278 867 1402 944 Sapien-

315 968 373 1026 tiae
388 966 578 1026 Divinitatem
597 972 697 1043 negat,
711 968 842 1042 quinimo
854 971 955 1042 postea
969 973 1132 1042 opportune
1147 982 1213 1026 eam
1232 969 1329 1042 polius
1348 967 1402 1026 ad·

313 1067 410 1139 abuit,
425 1070 558 1139 utsupra
569 1064 751 1140 bechamet
763 1063 919 1123 traditione
934 1064 1140 1139 eccloeiastica,
1154 1070 1299 1140 proutque
1311 1063 1398 1122 dein-

312 1176 380 1238 ceps
393 1168 490 1237 aperte
503 1168 606 1222 contra
619 1162 736 1222 eosdem
746 1162 907 1222 haereticos
919 1161 1066 1238 loquitur:
1081 1173 1100 1212 ‘a
1113 1161 1187 1220 Eam
1201 1177 1265 1222 esse
1277 1169 1401 1222 cuntan-

311 1262 420 1320 tiouem
432 1262 520 1320 nimis
533 1259 789 1336 inconsideratam,
803 1276 879 1337 quae
890 1258 926 1318 tit
940 1266 1042 1320 matra
1055 1259 1128 1320 illud
1137 1260 1299 1320 oraculum:
1314 1293 1327 1305 ·
1340 1257 1403 1320 Ra-

311 1364 379 1433 ptus
392 1366 485 1418 estne
494 1359 606 1418 malitia
620 1364 746 1418 mumret
755 1358 934 1418 intellectum
947 1361 1022 1434 ejum
1038 1389 1051 1402 -
1064 1358 1102 1416 Et
1111 1358 1176 1418 ideo
1187 1357 1291 1419 batres
1303 1361 1403 1418 nostm

311 1472 371 1516 non
383 1457 508 1533 debent,
523 1460 574 1533 qui
594 1457 747 1516 nobiscum
763 1473 817 1534 pro
835 1455 1054 1516 catholicadide
1076 1457 1235 1531 pernicicm
1251 1456 1402 1533 pelagiam

309 1556 416 1614 erroris
429 1557 613 1632 impugnant,
629 1555 698 1614 huic
712 1554 883 1632 pelagianae
893 1556 925 1613 in
941 1559 1058 1614 mutam
1069 1553 1170 1614 larem
1186 1555 1329 1630 opinioni,
1339 1571 1403 1630 qna

309 1653 467 1726 opinantur
483 1654 609 1728 gratiam
629 1651 682 1710 Dei
695 1651 857 1711 secundum
870 1653 976 1710 merita
988 1655 1091 1710 nostra
1104 1651 1189 1725 dari,
1203 1655 1237 1709 ιιι
1253 1649 1334 1726 quod
1346 1665 1403 1710 au-

310 1747 378 1809 dere
396 1766 456 1808 non
471 1756 610 1824 possunt,
630 1751 805 1808 seutentiam
816 1748 903 1823 plane
919 1764 1022 1808 vmmn
1038 1756 1068 1808 et
1083 1751 1245 1830 antiquitus
1259 1747 1403 1808 christia·

312 1863 399 1908 nam:
417 1879 430 1892 ·
443 1849 556 1923 Raptus
582 1853 626 1908 est
654 1863 691 1906 ne
710 1847 823 1906 malitia
841 1853 918 1924 ete,
935 1847 1083 1906 damme
1098 1847 1274 1907 moliantur.
1291 1871 1304 1896 s

351 1945 481 2005 Tandem
499 1948 530 2004 in
543 1946 722 2006 haereticum
741 1944 937 2006 Gaudentimn
953 1960 1046 2021 aequo
1057 1944 1215 2022 Augustini
1232 1943 1322 2004 verba
1338 1945 1405 2004 aui-

311 2043 520 2104 mudvertenda
536 2050 614 2104 sunt.
632 2043 670 2118 (1)
685 2043 890 2102 lutereosdem
898 2045 977 2102 enim
989 2045 1136 2104 conmutio
1152 2047 1216 2106 ertu
1239 2042 1276 2102 de
1288 2042 1403 2102 usaue

311 2140 451 2217 facinore,
462 2141 541 2217 quod
553 2140 801 2200 Machabaeomm
812 2139 885 2200 liber
902 2141 1047 2201 secundus
1060 2147 1171 2200 narrat.
1188 2141 1330 2214 Quoruris
1345 2139 1402 2198 do-

311 2245 374 2298 ctor
388 2238 603 2315 quodammodo
619 2239 728 2298 Raalae
746 2244 883 2314 mortem,
896 2238 944 2298 vel
959 2238 1115 2298 suicidium
1126 2237 1249 2315 probare
1261 2242 1400 2313 nequeat,

310 2343 345 2394 ιιι
360 2353 413 2397 suo
432 2337 496 2398 loco
510 2337 546 2396 de
563 2337 609 2396 bis
627 2336 709 2396 libris
726 2353 860 2396 sermone
877 2335 1071 2410 disseremus,
1086 2341 1214 2396 attamen
1227 2351 1321 2412 neque
1334 2334 1399 2411 ille,

310 2449 404 2509 neque
422 2434 605 2494 adversarius
623 2451 659 2492 ex
673 2434 850 2494 authenticis
864 2433 1021 2510 Scripturis
1041 2433 1288 2492 Macbabacorom
1309 2431 1402 2494 histo

311 2534 387 2590 riam
410 2532 561 2594 detrahere
577 2531 713 2607 audent3
732 2534 886 2608 potiusque
905 2533 1013 2592 Baziae
1034 2531 1172 2592 facinoris
1190 2530 1399 2608 improbatioui

309 2629 476 2706 obsequitur
497 2630 602 2706 Pater,
631 2646 720 2706 quam
749 2629 913 2706 Scripturas
932 2633 1005 2690 istas
1023 2630 1206 2706 apocryphas
1233 2629 1393 2706 appellare.

312 2726 394 2784 Adeo
402 2744 472 2786 vero
483 2727 567 2787 firme
575 2728 654 2788 bunc
666 2727 815 2788 Quonam
827 2728 944 2788 tenebat
954 2726 1148 2804 Augustinus,
1159 2727 1395 2804 etexploratum,

311 2831 345 2885 ut
356 2823 432 2882 libro
446 2841 498 2883 xv.
518 2841 582 2903 cap.
608 2833 657 2884 2³.
677 2826 714 2884 de
730 2825 854 2885 Ciuitate
872 2825 946 2900 Dei,
960 2825 997 2884 de
1014 2825 1089 2884 libro
1111 2825 1212 2884 Enoch
1233 2825 1308 2884 baec
1320 2827 1393 2884 scri·

310 2921 376 2981 bat:
396 2947 409 2971 «
422 2921 576 2998 Scripsisse
591 2923 710 2999 quidem
728 2923 871 2984 nonnulla
889 2922 991 2984 divina
1008 2923 1110 2984 Enoch
1125 2925 1281 2999 septimum
1297 2922 1336 2982 ab
1356 2920 1397 2980 A·

309 3017 379 3078 dam
391 3035 498 3096 negare
513 3037 573 3080 uon
589 3037 762 3098 possumus,
776 3038 844 3082 etun
860 3020 916 3080 boc
934 3020 1091 3096 Apostolus
1108 3020 1201 3080 ludas
1214 3022 1246 3078 in
1262 3020 1395 3095 Epistola

311 3115 458 3176 Canonica
474 3117 571 3195 dicat3
595 3119 646 3180 sed
660 3137 720 3179 non
737 3125 806 3178 sunt
821 3121 854 3178 in
869 3118 986 3179 Quone
1008 3119 1233 3195 scripturarum.

350 3215 407 3276 Sed
421 3217 458 3275 de
476 3223 558 3276 tanto
573 3221 715 3295 magistro
727 3221 847 3294 ejusque
860 3218 993 3278 docuiaa
1008 3217 1088 3294 loqui
1098 3219 1165 3294 quis
1178 3216 1332 3294 probibere
1344 3232 1396 3292 po·

309 3314 399 3371 teritl
419 3313 495 3374 Nam
513 3313 549 3373 de
566 3315 729 3392 Cypriane,
743 3321 774 3374 et
786 3315 917 3390 ejusdem
935 3317 1071 3390 scriptis,
1089 3314 1223 3374 mirabile
1240 3330 1395 3391 argumen-

308 3414 372 3468 tum
392 3410 586 3472 distinetionis
602 3414 677 3470 inter
695 3414 803 3487 scripta
821 3412 944 3472 Petrum
962 3419 992 3471 et
1013 3412 1177 3488 Scripturas
1194 3427 1307 3487 sacras,
1322 3427 1395 3488 quas

309 3506 509 3582 Quamuis
531 3511 660 3586 aggressi
679 3524 793 3585 sumus,
811 3509 895 3569 nobis
910 3515 1049 3586 praestat,
1066 3509 1138 3568 dum
1157 3515 1260 3569 contm
1276 3508 1395 3568 Cresco·

308 3607 391 3663 nium
414 3605 603 3664 donatistam«
617 3606 737 3682 scribit,
758 3609 809 3682 qui
828 3610 855 3667 ei
871 3613 1013 3684 tanquam
1028 3607 1191 3668 canonicae
1210 3608 1391 3668 auctoritatis

308 3699 525 3761 firmamentum
544 3705 652 3778 scripta
672 3703 811 3781 Cypriani
834 3705 1056 3765 commendabat
1078 3708 1231 3782 inquiens:
1266 3703 1389 3764 «Primo

309 3799 426 3858 imitare
440 3802 588 3877 pietatem,
602 3799 797 3862 bumilitatem
812 3799 967 3881 Cypriani,
989 3809 1102 3862 attane
1121 3801 1219 3880 profer
1230 3802 1390 3861 Concilium

308 3894 458 3972 Cypriani.
474 3896 535 3956 Nos
551 3899 630 3958 enim
644 3898 757 3958 nullam
773 3899 920 3976 Cypriano
934 3900 1058 3960 tammus
1071 3903 1228 3978 injuriam,
1248 3916 1317 3961 cum
1330 3903 1388 3975 ejus

307 3992 452 4068 quaslibet
464 3994 576 4054 liberas
596 4012 616 4055 a
635 3995 781 4056 &nonies
796 3995 964 4057 divinamm
977 3997 1193 4072 Scripturamm
1216 4001 1384 4058 auctoritate

308 4089 524 4168 distinguimus.
540 4091 640 4174 Neque
657 4096 736 4154 enim
757 4097 819 4155 sine
835 4111 942 4174 causa,
956 4101 1018 4156 tam
1039 4095 1149 4156 salubri
1165 4096 1320 4174 uigilantia
1335 4094 1383 4153 Ca·

337 4282 428 4347 (ilbib
448 4286 514 4338 lle.
527 4288 587 4338 lilla
