3022 5178
810 382 850 396 ν-
870 353 927 412 ata
947 377 987 394 ·-·
1195 407 1200 414 .

366 474 441 532 elcut
452 472 598 546 seriptum
616 469 677 534 est:
693 497 705 510 ·
719 464 843 543 Spiritus
855 471 1061 528 eaimsanctus
1080 465 1249 544 disciplinae
1266 466 1376 549 effugiet
1387 477 1418 534 fr·

370 576 467 646 ctum,
488 574 518 626 et
530 567 641 626 auferet
654 582 686 626 se
703 581 722 625 a
736 564 976 641 cogitationibus,
995 580 1070 640 quae
1087 571 1156 628 sunt
1170 570 1232 628 sine
1251 569 1417 635 intellecm.

300 680 303 692 ·
366 664 654 728 Adlicclesiastieum
670 664 836 737 saepissime
849 661 956 737 (tlsese
973 661 1095 736 confert,
1112 663 1228 746 etillius
1245 665 1332 724 verba
1345 672 1425 728 sunit

368 765 423 822 hoe
442 763 545 822 modo:
566 786 578 812 a
596 760 715 820 Dicente
730 759 895 835 Scriptura:
912 791 923 803 -
938 760 994 831 Qui
1011 761 1137 834 tetigerit
1151 762 1256 836 picem,
1273 763 1424 837 inquinabi-
1509 805 1510 832 2

369 865 418 919 tur
435 860 473 918 ab
493 875 562 918 ea.»
583 858 619 916 In
633 858 775 917 loannem
790 856 864 914 libre
877 872 953 914 x111.
968 872 1031 931 cap.
1051 865 1098 914 18.
1116 857 1154 915 de
1167 857 1299 916 Susanna
1313 859 1379 918 haee
1389 877 1427 918 re
1509 875 1510 924 l

368 955 444 1014 fert:
465 981 478 1006 a
489 956 696 1016 Verumtamen
706 953 820 1029 judaeis
829 952 991 1027 judicatum
1006 969 1180 1028 quemquam
1200 971 1259 1012 non
1274 955 1376 1014 licebat
1386 974 1428 1014 oe·
1509 979 1510 1050 ι

368 1053 482 1128 cidere,
501 1053 558 1112 nisi
578 1067 699 1112 romano
717 1049 848 1126 praeside
861 1048 1068 1126 judicationem
1084 1050 1282 1109 confirmante.
1300 1051 1430 1110 Necvero
1509 1051 1510 1118 l

369 1151 555 1223 mirandum,
574 1148 653 1224 quod
669 1150 701 1205 in
717 1146 893 1222 babylonica
907 1149 1073 1222 captivitate
1086 1147 1248 1206 Susannam
1263 1149 1321 1207 illis
1340 1151 1431 1208 incon-
1509 1145 1510 1208 l

369 1249 447 1307 sulio
463 1247 690 1324 Babyloniorum
707 1245 836 1321 principe
853 1244 981 1319 lapidare
999 1245 1164 1317 licuisset.»
1184 1246 1264 1304 Alibi
1279 1254 1377 1304 censet
1387 1247 1433 1304 Ba·
1509 1269 1510 1300 t

370 1345 444 1404 ruob
457 1344 626 1404 oraculum:
646 1367 658 1392 «
672 1342 707 1400 ln
721 1348 799 1400 terra
811 1343 893 1400 visus
910 1348 969 1417 est,
985 1347 1094 1400 etcum
1110 1342 1276 1402 hominibus
1290 1360 1434 1404 conversa·

369 1449 428 1502 tus.
446 1466 458 1492 ι
479 1443 515 1498 lu
528 1456 592 1515 cap.
614 1427 690 1498 xum.
708 1437 898 1515 Apocalypsis
915 1438 1036 1498 loannis
1050 1439 1102 1497 lib.
1123 1447 1152 1496 8.
1168 1446 1323 1515 postquam
1339 1440 1435 1498 Danie
1509 1461 1510 1516 ι

374 1540 411 1599 lis
422 1540 621 1602 testimonium
635 1536 755 1612 probrlit
770 1538 847 1595 circa
859 1535 1085 1612 Babyloniorum
1097 1539 1179 1611 regni
1189 1537 1312 1612 gloriam
1325 1544 1355 1596 et
1367 1539 1436 1598 exal
1509 1525 1510 1600 ἶ

371 1639 530 1709 ιιιιοιιιιιι,
551 1652 567 1694 e
582 1634 656 1692 libro
671 1633 773 1696 iudith
786 1633 886 1692 eadem
904 1635 1006 1708 repetit
1025 1634 1169 1692 scribens:
1189 1659 1201 1684 «
1213 1636 1345 1710 itemque
1363 1637 1394 1692 in
1406 1635 1435 1694 li·

371 1734 425 1792 bro
447 1733 549 1792 iudith
569 1734 709 1806 scriptum
728 1735 786 1789 esta
802 1730 1013 1805 ·Praeeeperat
1038 1734 1116 1790 enim
1135 1732 1313 1806 Holopherui
1331 1731 1369 1806 (a)
1383 1731 1436 1790 Na-

373 1829 593 1892 buchodonosor
610 1844 680 1903 rex,
698 1834 732 1886 ut
746 1843 846 1886 omues
865 1827 934 1888 deos
952 1834 1046 1888 terrae
1063 1831 1284 1904 exterminaret,
1309 1829 1438 1888 videlieet

372 1935 406 1986 ut
420 1930 482 2002 ipse
498 1927 577 1986 solus
598 1925 739 1986 diceretur
766 1926 843 1985 Deus
865 1924 903 1984 ab
928 1927 965 1984 iis
988 1927 1172 2002 nationibus,
1195 1942 1270 2002 quae
1291 1927 1437 2003 subjugari

372 2026 569 2100 putruissent.»

412 2122 542 2182 Tandem
554 2123 631 2181 idem
646 2123 792 2198 Rupertus
805 2130 1015 2184 commentatus
1029 2125 1136 2184 librum
1146 2125 1304 2184 secundum
1319 2123 1435 2182 Macha-

373 2219 511 2278 bacomm
522 2219 670 2295 ,scribens
687 2220 724 2278 ad
735 2211 882 2298 (lunonem
900 2227 1010 2296 patrem
1026 2221 1161 2282 coenobii
1173 2222 1383 2298 sigebergensis
1400 2219 1440 2276 lu·

1509 4655 1510 4704 l

1509 4751 1510 4792 t

373 2316 516 2376 ualentius
536 2319 564 2376 ei
578 2319 742 2393 opinionem
757 2308 841 2376 suam
856 2317 893 2377 de
911 2318 956 2376 bis
980 2317 1135 2394 seripturis
1151 2321 1255 2394 aperit,
1275 2321 1307 2376 in
1324 2317 1400 2376 libro
1410 2333 1438 2372 x.

374 2416 411 2474 de
430 2416 553 2476 victoria
568 2415 651 2474 verbi
672 2413 741 2474 Dei:
760 2415 840 2474 «llic
855 2419 919 2491 jam
932 2421 965 2475 ut
982 2417 1162 2492 aliquatenus
1176 2416 1215 2479 ad
1227 2416 1441 2475 devotissimam

373 2515 552 2572 exactionem
566 2518 648 2572 tuam
678 2527 828 2587 assurgere
846 2514 971 2587 mssirn,
989 2528 1048 2590 qua
1064 2516 1145 2590 cupis
1164 2520 1194 2572 et
1209 2514 1303 2588 petis,
1321 2517 1357 2574 ut
1372 2511 1442 2569 litte·

375 2625 424 2668 rae
444 2611 565 2684 scriem,
581 2624 656 2684 quae
672 2607 850 2668 subobscura
867 2609 998 2686 videbar,
1019 2611 1073 2670 tibi
1091 2610 1213 2670 elucidet
1237 2625 1334 2668 semna
1354 2609 1443 2666 inten-

373 2714 441 2782 tus,
456 2713 543 2782 atquc
558 2706 705 2766 studiosus
721 2709 752 2764 in
765 2707 854 2765 verbo
867 2706 936 2783 Dei,
948 2707 1119 2772 descendere
1133 2709 1202 2772 libet
1216 2707 1254 2766 ad
1265 2707 1353 2782 illud,
1367 2706 1442 2781 quod

371 2804 518 2879 quondam
539 2802 703 2864 audivimus
721 2805 796 2862 iuter
814 2803 960 2864 scholares
986 2805 1119 2880 parvuli,
1150 2805 1201 2865 ubi
1221 2806 1376 2863 lectionem
1397 2819 1442 2860 su-

372 2903 536 2974 scipientes,
548 2902 712 2975 materiam,
726 2902 926 2977 intentionem,
943 2908 1029 2978 atque
1041 2903 1195 2962 utilitatem
1212 2902 1301 2977 hujus
1310 2902 1442 2976 proemii,

374 3013 477 3072 operae
500 2999 625 3072 pretium
652 3002 696 3054 est
717 2997 861 3058 distinctis
888 2999 1022 3074 expedire
1047 3000 1198 3075 capitulis,
1216 3003 1250 3057 ut
1271 2999 1326 3058 tali
1346 2998 1445 3056 ordine

375 3095 558 3170 aliquatenus
577 3093 735 3169 elucescat,
759 3095 837 3170 quod
856 3098 888 3153 iu
909 3099 966 3156 ista
977 3097 1073 3158 littera
1087 3097 1158 3156 dicit
1174 3096 1299 3172 Spiritus
1314 3096 1376 3170 ille,
1397 3097 1445 3170 qui

375 3194 407 3248 in
423 3193 503 3249 omni
518 3190 669 3266 Scriptura
684 3191 825 3252 divinitus
839 3195 979 3268 inspirata
994 3209 1129 3270 praesens
1142 3199 1196 3269 est,
1219 3199 1248 3252 et
1262 3192 1393 3268 loqrritur
1404 3209 1446 3250 ce

373 3288 469 3348 clesiis
485 3289 562 3365 (agit
578 3289 615 3347 de
633 3288 736 3347 litteris
748 3331 756 3363 ,
770 3306 847 3365 quae
863 3290 937 3354 libro
951 3291 1076 3350 secundo
1089 3291 1336 3350 Macchabaeorum
1357 3293 1446 3348 inser·

375 3391 422 3444 tae
439 3384 538 3460 sunt).
555 3385 696 3445 Existimo
714 3386 793 3461 quod
809 3390 941 3462 materia,
950 3390 1082 3464 intentio,
1097 3395 1184 3464 atque
1195 3387 1307 3446 utilitas
1319 3387 1445 3462 Scriptu-

376 3496 427 3542 rae
443 3482 530 3557 hujus
555 3483 713 3557 quamlibet
732 3482 847 3559 brevis,
871 3484 944 3543 tales
964 3486 1043 3560 sint,
1067 3491 1101 3544 ut
1120 3502 1139 3545 a
1157 3484 1336 3561 sapientibus
1361 3483 1446 3558 digne

375 3578 499 3637 debeant
517 3578 627 3654 audiri,
648 3583 698 3654 qui
718 3596 777 3638 nou
794 3586 863 3639 sunt
875 3583 1020 3655 sapientes
1036 3584 1068 3640 in
1086 3583 1177 3642 oculis
1197 3585 1275 3658 suis,
1291 3584 1343 3656 qui
1355 3587 1389 3640 ut
1402 3597 1446 3638 sa·

378 3675 487 3746 pientes
506 3673 590 3749 dant,
603 3676 683 3734 stulti
701 3677 858 3753 dignantur
874 3677 949 3756 fleri,
972 3681 1046 3738 idest
1058 3681 1191 3756 discipuli
1202 3697 1265 3740 esse
1277 3682 1446 3755 priusquam

377 3769 451 3828 liant
466 3773 610 3846 magistri.
634 3772 713 3833 llaec
732 3778 820 3850 igitur
835 3778 907 3852 tria,
928 3793 1002 3852 quae
1019 3779 1220 3853 proposuimus
1236 3779 1344 3836 dicuni
1361 3775 1447 3834 simul

378 3870 408 3924 et
424 3866 570 3943 audituri,
586 3871 713 3943 primum
734 3875 887 3932 matedam
901 3876 1082 3950 quaerimus,
1098 3875 1144 3934 vel
1157 3878 1357 3950 proponimus,
1371 3875 1447 3931 cirea

376 3978 466 4038 quam
482 3967 610 4024 maxime
625 3974 758 4027 versatum
782 3969 930 4044 Scriptura
953 3972 1071 4030 secundi
1090 3972 1177 4048 hujus
1203 3971 1446 4031 Machabaeorum

375 4061 453 4126 libri.
468 4086 480 4112 r
500 4062 578 4122 llaec
595 4070 664 4130 sunt
681 4083 755 4141 quae
773 4067 809 4126 de
827 4067 882 4126 boc
907 4068 982 4132 libro
999 4072 1131 4146 exposuit
1147 4071 1312 4146 Rupertus,
1330 4074 1359 4128 et
1377 4067 1446 4126 alibi

405 4269 439 4334 (1)
456 4274 553 4322 Tomi.
564 4288 588 4338 p.
601 4283 656 4328 286.
666 4276 691 4326 et
705 4276 770 4326 Eecl.
783 4292 804 4336 c.
817 4280 882 4328 lllll.
894 4305 924 4318 -
937 4279 970 4343 (a)
983 4280 1068 4330 Judilb
1079 4293 1100 4330 r.
1110 4282 1152 4330 lll.
1168 4287 1203 4330 ts.
