3094 5184
817 431 856 444 ..
876 406 915 458 46
936 429 975 442 ...

358 523 530 582 otoritatem.
556 516 588 578 Si
600 532 678 578 nuno
692 516 830 591 temporis
848 515 934 575 vaide
957 513 1091 576 taborum
1110 531 1230 575 suorum
1253 515 1432 593 deploranda

358 627 404 682 αι
423 619 562 693 mntssto,
587 622 621 676 ut
634 616 729 690 inquit
746 611 909 674 Cardinalis
921 613 1023 689 Bona,
1048 629 1122 690 quos
1144 614 1286 690 impendit
1299 617 1331 674 in
1344 619 1434 677 variis

358 716 553 792 minorum,
573 713 622 774 vei
640 712 857 774 repensiontbus
877 727 1028 772 sacrorum
1048 711 1208 772 Bibiiorum
1229 713 1436 793 eonferendis,

359 820 489 874 attamen
507 818 571 874 tato
590 809 779 888 exoperibus
797 810 871 885 suis,
889 825 965 887 quae
986 808 1083 870 adbuo
1102 817 1277 889 supersunt,
1293 815 1440 890 percipere

358 915 528 990 patrunus,
549 910 644 986 quaiis
659 915 731 970 brno
744 914 809 968 erat
824 906 1041 984 Seripbrrarom
1056 915 1189 970 veterum
1209 910 1331 987 Cmon,
1352 927 1439 988 quem

358 1009 475 1072 moenio
495 1009 556 1069 iere
568 1013 675 1083 anoea,
698 1005 828 1068 &etesia
846 1023 884 1066 en
902 1005 1109 1082 Apostolorum
1124 1005 1262 1068 manbus
1275 1016 1438 1086 noeepeat.

358 1109 384 1168 Ε
402 1111 464 1168 suis
485 1109 620 1183 seriptis,
642 1112 677 1164 ut
702 1106 797 1180 prima
820 1110 903 1180 parte
926 1105 1050 1180 expendi
1075 1105 1186 1164 deboc
1216 1108 1282 1166 vtro
1303 1107 1438 1186 loeutus,

358 1205 506 1282 ooiiigitur
522 1205 619 1279 ipsum
641 1206 756 1264 tautum
775 1203 893 1262 novisse
914 1201 1049 1278 divinas,
1076 1201 1143 1261 itas
1163 1201 1353 1279 Scripturas,
1368 1221 1440 1280 ques
1533 1229 1534 1250 r

356 1303 516 1364 oouoiilurn
534 1302 724 1362 momorum
746 1301 778 1358 iu
793 1315 847 1360 suo
862 1299 979 1360 deoreto
990 1297 1308 1360 definivitssanonieas.
1331 1300 1441 1360 Nullibi

359 1419 490 1478 unquam
510 1415 632 1461 suorum
660 1399 802 1460 iibmrum
827 1399 933 1475 iegitur
962 1397 1105 1459 divmims
1132 1399 1289 1474 inspiratas
1318 1414 1439 1458 voeasse

360 1499 524 1576 Scriptum
538 1500 612 1558 alias
629 1503 742 1573 praeter
764 1511 853 1572 supra
874 1498 1011 1556 mustus.
1035 1496 1175 1574 Quisquis
1191 1499 1223 1556 iu
1245 1499 1366 1574 seriptis
1377 1497 1438 1556 Ort·

360 1602 443 1677 genis
469 1601 508 1660 stt
526 1604 680 1672 versatus,
711 1595 791 1656 haud
819 1594 942 1656 obseura
968 1595 1005 1654 de
1032 1593 1089 1655 boe
1114 1597 1257 1672 scriptore
1277 1595 1437 1672 didioerit,

359 1703 471 1774 quante
495 1698 595 1756 eridoe
617 1701 705 1770 atque
731 1694 867 1754 aeumine
888 1693 994 1752 ments
1011 1707 1082 1754 usus
1104 1694 1168 1768 ipse
1188 1691 1278 1752 inerit
1303 1694 1337 1750 in
1359 1691 1438 1752 tibris

358 1797 451 1856 saeris
467 1793 633 1870 adigenda.
654 1791 808 1866 Euesperit
824 1792 962 1866 insuper,
985 1796 1021 1848 ut
1039 1789 1109 1850 aiibi
1124 1789 1235 1866 moui,
1255 1790 1436 1866 discrimen,

357 1892 440 1970 quod
450 1889 590 1967 Origenes
608 1889 734 1950 instituit
746 1888 784 1947 de
795 1887 894 1964 tibris,
914 1903 989 1964 quos
1008 1888 1110 1948 divisit
1127 1889 1160 1948 in
1181 1890 1348 1965 genuinos,
1370 1903 1435 1964 apo

359 1989 487 2067 erypbos
517 1989 712 2062 admixtos,
739 1993 770 2046 et
794 1988 919 2062 spurios.
947 1987 1027 2046 luter
1054 1986 1149 2046 biblia
1174 1989 1301 2064 genuina
1330 1987 1437 2064 absqm
1535 2007 1536 2024 ²

361 2087 552 2148 haesitatione
567 2093 683 2146 nostras
700 2085 841 2145 Duriores
865 2083 1029 2162 Scripturas
1050 2085 1215 2146 oobooevit.
1238 2085 1351 2162 Nequit
1372 2101 1438 2146 vero

354 2189 523 2264 excogitet,
547 2187 660 2262 quoties
683 2183 823 2261 Origene
845 2182 1021 2244 voeabuium
1041 2181 1242 2262 apocryphum
1260 2183 1437 2262 adbibuerit,

356 2286 433 2346 iilud
454 2285 641 2360 adscripsisse
659 2282 760 2342 bibliis
781 2281 1083 2342 DeuteroCanoniuis.
1104 2283 1168 2342 iioe
1184 2284 1258 2342 sads
1280 2282 1435 2358 probatura

358 2391 405 2444 est
419 2386 452 2442 in
469 2384 566 2458 prium
581 2385 679 2456 parte.-
696 2378 873 2456 Apoerypba
883 2393 1009 2455 nunqua
1024 2378 1072 2438 uei
1090 2381 1184 2438 mixta
1192 2395 1228 2438 ea
1239 2381 1355 2454 seripta
1366 2395 1437 2438 nun·

359 2483 498 2558 onpouit,
516 2496 592 2558 quae
604 2478 769 2538 decumam
783 2477 937 2552 eaplebsut
953 2479 1031 2537 veris
1043 2476 1182 2554 mosque
1192 2476 1280 2536 rebus
1294 2479 1439 2553 mutam,

359 2583 390 2638 et
401 2575 440 2636 ob
454 2577 511 2637 hoo
525 2578 646 2636 minime
667 2590 751 2634 sacro
767 2573 879 2634 Genoni
895 2575 1014 2634 inserte.
1040 2573 1122 2634 Libri
1146 2574 1242 2635 solum
1259 2575 1353 2652 panio
1373 2581 1439 2635 ante

359 2674 463 2734 oeuslti
481 2673 573 2734 vetuti
592 2673 631 2732 ab
645 2671 775 2732 &desis
795 2672 940 2748 reprobati
951 2715 961 2749 ,
974 2679 1064 2749 sunt,
1084 2689 1158 2750 quoe
1174 2673 1223 2734 iile
1243 2672 1302 2732 hoe
1321 2676 1440 2734 nomine
1537 2727 1538 2734 ,

362 2767 544 2847 apocryphos
564 2768 695 2828 donevlt.

399 2867 521 2943 Insuper
537 2884 574 2926 ex
591 2867 638 2926 bis
650 2865 786 2926 omnibus
799 2866 883 2927 nobis
896 2869 1109 2944 eonjioiendum
1125 2871 1197 2947 erit,
1214 2870 1354 2931 eumdem
1371 2871 1437 2932 Ori·

359 2982 464 3044 genem
486 2972 600 3026 textuum
622 2966 790 3027 monuo
815 2965 981 3042 asparem
1006 2982 1076 3028 oum
1097 2967 1164 3027 aliis
1189 2967 1262 3028 adeo
1286 2985 1434 3046 uponere

361 3064 514 3140 demisse,
539 3063 676 3124 utiaeite
698 3069 940 3140 exeeptuesset,
962 3065 1064 3142 quates
1084 3064 1250 3142 Scripturas
1273 3070 1438 3128 eondnmet

360 3163 551 3223 hebraeorum
568 3161 691 3237 emor,
720 3161 822 3238 was
843 3161 945 3222 Canon
963 3163 1195 3240 mnesteus,
1222 3171 1340 3241 praete·
1365 3172 1438 3244 qum

361 3265 472 3320 murae
484 3257 669 3336 apoeryphae
683 3258 729 3317 v'el
744 3260 861 3334 spuriae
873 3260 1044 3335 rejieim
1064 3268 1160 3322 erant.
1182 3263 1262 3324 liaeo
1283 3266 1386 3324 mnam
1399 3265 1437 3324 ab

358 3373 395 3417 eo
408 3356 563 3418 firmantur
587 3358 619 3416 ln
642 3372 696 3416 sua
715 3355 754 3416 ad
766 3355 939 3418 Africanum
951 3359 1093 3435 epistola,
1113 3359 1150 3420 de
1164 3360 1307 3422 librorum
1322 3362 1438 3422 divino·

359 3471 428 3518 rum
442 3456 598 3516 mustene
609 3456 744 3532 loeutus,
768 3455 820 3516 ubi
832 3451 951 3515 scribit:
977 3481 989 3508 ι
1009 3455 1128 3516 Cotiatts
1140 3473 1249 3535 magna
1263 3475 1338 3518 eura
1360 3461 1435 3519 inme

361 3569 393 3612 se
411 3553 608 3629 editionibus,
638 3559 669 3612 et
688 3552 850 3614 observatis
871 3567 973 3612 esrum
992 3552 1185 3631 diiiemtiis,
1216 3555 1260 3614 ite
1282 3561 1385 3614 mmen
1402 3562 1438 3615 ut

357 3651 507 3728 abquanto
517 3651 582 3726 pius
603 3651 710 3710 laboris
733 3651 958 3726 impenderimus
976 3649 1167 3728 Septuaginta
1190 3653 1436 3728 inmrprmaboai,

361 3763 398 3806 ne
419 3746 490 3822 qnid
503 3747 699 3806 sinteinan
722 3747 887 3808 videremur
906 3747 1044 3808 induoere
1060 3750 1092 3808 in
1104 3749 1265 3825 eutimius,
1290 3765 1369 3826 qnae
1381 3749 1437 3810 sab

361 3845 441 3905 coelo
460 3850 550 3920 sunt,
569 3851 599 3902 et
611 3851 793 3919 praetextum
811 3845 948 3906 dorsum
966 3846 1047 3923 iilis,
1066 3848 1117 3923 qui
1135 3849 1303 3906 oocasiones
1317 3853 1438 3923 captant

360 3943 491 4004 retentos
500 3941 689 4018 osiumninri,
705 3949 735 4002 et
747 3945 897 4003 emminart
910 3959 980 4019 eos,
1001 3944 1054 4020 qui
1070 3945 1103 4002 in
1119 3943 1216 4004 medio
1233 3944 1433 4019 praeiuemt·

399 4041 428 4118 s.
451 4041 488 4101 V.
510 4039 637 4118 Deinde,
663 4041 861 4101 nonsrdunm
885 4041 1089 4118 erit-probatu
1111 4041 1260 4102 Qnonem
1273 4042 1435 4102 unumne

359 4139 550 4200 tridentinum
567 4157 669 4200 revera
686 4139 819 4199 eumdem
839 4146 956 4216 ratum,
985 4147 1015 4200 et
1043 4141 1225 4216 exploratum
1238 4157 1325 4218 esse,
1349 4157 1436 4218 quem

359 4241 422 4315 ipse
443 4240 588 4316 exaplaris
608 4237 741 4316 origenis
762 4244 860 4300 textus
883 4237 1058 4314 exhibebat,
1084 4255 1119 4300 ae
1144 4247 1214 4300 tune
1236 4239 1377 4316 temporis
1402 4240 1436 4296 in

361 4337 497 4395 universa
521 4335 670 4412 tegebatur
683 4335 821 4395 Ecclesia.
848 4335 978 4398 Primum
993 4336 1049 4398 boe
1063 4337 1254 4414 probaturos
1269 4336 1435 4399 cassiodori
