3094 5184
846 401 1005 454 ..34-

385 507 550 592 confugisse
574 513 611 574 ad
631 512 720 572 diam
739 525 873 588 graecam
897 511 1112 587 Scripturarunr
1134 511 1358 588 recensionem,
1390 521 1462 588 qnae

385 612 423 672 ab
447 610 554 686 Aquila
581 609 713 670 conlecta
747 609 813 668 init.
851 609 948 670 Rabbi
978 609 1138 670 Bartenora
1169 611 1200 668 in
1229 609 1332 669 ilirm
1364 613 1466 670 essert

385 711 557 770 exercitatos
579 707 670 768 fuisse
694 705 834 768 hebraeos
862 709 895 767 in
921 709 1023 786 lingua
1049 723 1166 786 graeca.
1199 706 1295 768 ltabbi
1315 707 1464 767 Abraham
1539 759 1540 788 ,

386 807 523 883 llarophe
550 812 672 868 testeum
700 805 822 883 judaeos
849 807 1009 864 maximam
1035 811 1148 880 partem
1177 805 1209 863 ln
1236 803 1338 881 lingum
1362 819 1466 880 graeca
1539 791 1540 810 ¹

386 905 479 983 plebis
508 921 598 966 causa
620 906 789 982 scripsisse,
823 919 898 980 quaa
926 903 982 964 snb
1010 903 1119 979 templo
1151 902 1280 966 secundo
1305 905 1337 962 ln
1366 901 1465 962 mdcm
1539 903 1540 968 3

385 1007 546 1081 promptior
569 1009 633 1064 erat
653 1005 752 1063 nahvo
772 1017 935 1062 sermona-
962 1002 1033 1062 lura
1059 1017 1129 1078 ergo
1145 1000 1204 1060 dici
1225 1006 1320 1077 potest
1340 1001 1465 1060 nansia
1539 1011 1540 1020 ¹

387 1102 496 1160 tionem
519 1099 709 1176 Septuaginta
731 1102 921 1175 interpretum
942 1099 975 1158 in
998 1096 1134 1176 Aegypto
1151 1098 1329 1174 conflatam,
1351 1105 1383 1157 et
1404 1099 1466 1157 vnl-

387 1203 487 1275 gatam
511 1197 590 1274 apud
606 1197 730 1278 judaeos
751 1197 980 1271 alexandrinos,
1008 1197 1152 1272 paulatim
1179 1212 1240 1258 una
1267 1213 1337 1256 cum
1365 1213 1467 1273 macco

387 1293 489 1373 lingua
512 1295 550 1356 ad
572 1302 687 1356 exteras
710 1295 789 1354 orbis
811 1296 943 1372 regiones
966 1297 1153 1371 pervenisse,
1176 1297 1208 1354 in
1224 1293 1404 1355 chaldaeam
1418 1297 1468 1353 sci·

391 1388 472 1470 lieet,
486 1393 657 1468 Persidem,
675 1392 885 1468 Antiochiam,
901 1392 1054 1469 Judaeum,
1075 1392 1217 1469 Ciliciam,
1238 1394 1270 1452 in
1284 1395 1469 1470 graecanicae

389 1491 518 1567 insulas,
545 1497 575 1550 et
596 1491 721 1550 Romam
742 1506 836 1567 usque
861 1506 976 1567 quoqne
999 1493 1173 1568 pertigisse,
1195 1491 1246 1551 ubl
1267 1491 1407 1550 Abrahae
1426 1507 1468 1552 se·

390 1599 458 1648 men
475 1592 563 1666 juxta
584 1595 663 1649 astra
681 1589 754 1648 coeli
772 1588 948 1665 adauctum,
969 1605 1004 1648 ac
1025 1589 1126 1649 dirino
1146 1595 1220 1649 nutu
1239 1591 1270 1648 in
1293 1591 1418 1665 varlas,
1442 1596 1469 1648 ct

390 1686 509 1748 dusius
529 1693 673 1746 tenuem
692 1687 794 1763 plagas
811 1687 996 1764 dispersum,
1017 1687 1116 1747 sedem
1128 1686 1245 1748 fixerat.

429 1785 458 1860 S.
481 1785 533 1846 Vl.
557 1785 602 1846 lix
614 1784 661 1846 his
675 1785 811 1845 omnibns
830 1785 1104 1863 disquisitionibus,
1125 1785 1196 1863 quid
1217 1785 1304 1845 nobis
1323 1785 1405 1846 niue
1416 1787 1469 1846 crit
1540 1737 1541 1746 ἶ

389 1882 599 1944 inferendum?
620 1882 746 1943 ludaeos
770 1899 896 1958 nempe,
921 1883 952 1941 in
974 1884 1133 1960 synagogis
1159 1897 1260 1942 eornm
1281 1883 1412 1958 acceptis
1437 1897 1469 1941 ac

390 1980 472 2042 locis
497 1983 608 2058 graecis
632 1979 822 2057 Septuaginta
843 1983 1034 2057 interpretum
1056 1980 1174 2058 Biblils,
1201 1980 1371 2058 Scripturas
1384 1982 1468 2040 miam

390 2078 691 2140 Dantem-Canonium
716 2077 763 2138 bis
785 2081 941 2153 insertas,
973 2078 1065 2138 lectas
1087 2077 1199 2155 inime,
1223 2083 1253 2140 et
1273 2083 1309 2137 nt
1330 2077 1470 2136 dioniius

391 2178 548 2252 inspiratas
559 2183 692 2252 acceptas
707 2217 718 2252 ,
732 2182 762 2236 et
774 2174 969 2252 adprobatus,
983 2176 1070 2234 sicuti
1084 2173 1363 2234 Proto-Canonlcas.
1384 2173 1468 2233 Narn-

391 2291 449 2350 quc
461 2277 542 2335 omni
550 2278 619 2351 jure
631 2272 857 2350 excog‘tandum
874 2278 919 2332 est
939 2271 1033 2332 biblia
1051 2269 1336 2332 Dauum-dmonlea
1349 2273 1467 2348 inserta,
1541 2231 1542 2326 l

393 2387 446 2437 aen
468 2374 627 2448 intercepta
649 2371 740 2434 tuisse
760 2370 927 2432 simuiillis
947 2368 1221 2446 Proto-Canonlds,
1242 2385 1336 2445 quarn
1348 2386 1409 2428 uno
1422 2385 1469 2428 vo·

394 2469 504 2534 lumine
537 2468 647 2532 fuerint
675 2468 713 2528 ub
741 2468 939 2528 alexandrinis
965 2467 1169 2542 interpretibus
1200 2469 1385 2543 composita,
1413 2481 1468 2524 non

393 2569 509 2624 tantum
531 2567 651 2642 inpiam
672 2565 709 2626 de
725 2565 808 2626 libris
827 2565 960 2642 Tobiae,
980 2564 1104 2641 iudith,
1125 2564 1396 2640 hiarbahneornm,
1420 2563 1468 2622 Sa·

393 2663 539 2740 pientiae,
562 2668 592 2724 et
614 2661 827 2739 dedasiastlcl,
851 2677 927 2739 quac
945 2661 1110 2738 Scripturae
1131 2663 1288 2738 separatim
1314 2661 1468 2738 leguntur,

397 2775 491 2836 noque
513 2759 605 2820 ullam
625 2760 663 2822 ad
682 2763 809 2821 invicem
829 2760 981 2838 perhibent
996 2761 1185 2836 rdahoncrn,
1203 2758 1255 2820 sed
1268 2759 1378 2820 deillis
1390 2758 1468 2818 addi·

271 2877 276 2888 ·
395 2860 532 2918 mmends
557 2857 741 2934 potissimum
762 2859 893 2935 loquor,
927 2875 1003 2936 quae
1027 2857 1103 2918 libro
1128 2857 1258 2918 manens
1278 2859 1373 2918 variis
1395 2858 1468 2931 capi·

396 2951 476 3017 abus
499 2955 601 3016 eadem
621 2951 743 3032 lingna,
763 2961 794 3016 et
814 2956 914 3032 phrasi
927 2963 957 3016 et
969 2956 1243 3032 cengrneadpnsita
1263 2961 1355 3031 snnt;
1375 2955 1412 3014 de
1424 2955 1471 3012 illo

396 3052 511 3114 Baruch
534 3052 630 3130 libro,
650 3055 702 3130 qui
720 3070 797 3116 unus
820 3054 943 3116 hahetur
965 3071 1033 3115 cum
1056 3053 1209 3132 prophetia
1227 3054 1414 3131 Hieremiae,
1441 3060 1471 3113 nt
1542 3043 1543 3050 '

395 3151 484 3227 paulo
507 3158 575 3212 ante
600 3151 682 3229 dixi,
709 3159 740 3213 ct
758 3155 882 3214 strictim
904 3155 1086 3214 oomccumr
1115 3153 1277 3214 liierendoe
1306 3155 1397 3230 capiti
1424 3167 1470 3228 po

397 3255 517 3326 suerro,
532 3255 566 3310 ut
579 3249 659 3310 inira
673 3250 798 3327 dicetur,
810 3252 847 3311 dc
857 3250 977 3312 Gaudeo
985 3253 1075 3310 trium
1087 3265 1243 3326 puerorum
1258 3249 1339 3326 qnod
1349 3247 1471 3309 haidis

396 3361 461 3422 cap.
478 3361 532 3405 ιιι.
557 3352 671 3422 purtem
694 3351 867 3424 constitum
892 3347 1096 3409 de‘Snsaanae
1113 3347 1236 3408 historia
1258 3363 1336 3424 qnae
1359 3349 1469 3407 initium

397 3449 442 3504 est
464 3443 533 3504 iibri
555 3444 685 3522 eisdem
709 3445 890 3522 Prophetae,
916 3463 951 3507 oe
970 3446 1006 3506 de
1028 3447 1115 3524 Belo,
1141 3452 1171 3508 et
1187 3447 1331 3506 Dracone.
1358 3445 1397 3506 Et
1420 3445 1470 3505 hoc

396 3547 539 3611 munus
561 3544 704 3618 primaevi
720 3543 872 3606 cmuuon
895 3547 1049 3621 scriptores
1074 3547 1125 3622 qul
1148 3544 1187 3605 ab
1208 3542 1361 3620 Apostolis
1382 3544 1429 3604 uel
1446 3559 1470 3602 a·

396 3636 445 3700 liis
464 3639 502 3698 ab
522 3638 654 3703 hebraeis
676 3640 715 3702 ad
738 3640 827 3702 lidan
844 3644 992 3704 conversis
1015 3643 1081 3704 illos
1100 3642 1266 3718 Scripturas
1289 3645 1467 3718 cormunt,

398 3731 446 3804 his
472 3734 554 3796 libris
573 3743 604 3796 et
622 3737 819 3800 additionibus
831 3747 974 3816 ornatas,
994 3742 1071 3800 inter
1090 3755 1163 3818 quos
1185 3737 1350 3799 Theodotio
1359 3739 1469 3816 judaeo

399 3830 598 3912 christianus,
619 3837 669 3912 qni
680 3838 711 3895 in
723 3853 793 3898 suae
803 3838 942 3914 simplicis
960 3840 1102 3898 versionis
1121 3837 1239 3914 codice,
1261 3838 1349 3895 initio
1363 3833 1470 3896 secundi

399 3931 465 3990 aevi
497 3931 639 4010 collatae,
673 3935 728 3994 bas
760 3935 922 3996 additiones
946 3937 1105 4012 inscripsit.
1132 3935 1242 3996 Deinde
1266 3936 1300 3994 ln
1324 3934 1468 3994 Occidente

399 4025 537 4088 irenaeus
567 4030 757 4108 lugdunensis
786 4034 964 4109 episcopus,
1001 4034 1112 4093 homae
1142 4033 1276 4094 clemens
1312 4034 1418 4110 Papa,
1442 4032 1468 4088 in

398 4121 500 4184 Amce
519 4125 737 4204 Tertullianus,
772 4128 967 4189 Alexandriae
993 4129 1148 4207 Clemens,
1177 4137 1207 4191 et
1231 4131 1376 4210 Origenes
1401 4131 1467 4190 iliius

398 4219 578 4302 discipulus,
599 4227 650 4302 qui
670 4225 784 4286 codices
805 4230 901 4287 varios
922 4230 1072 4304 inspexit,
1093 4234 1122 4288 et
1136 4232 1264 4290 maxime
1283 4225 1466 4288 codicemie-

399 4323 553 4397 ptuaginta
574 4321 773 4399 apographum
791 4340 860 4400 prae
877 4327 1013 4388 manibus
1032 4326 1157 4402 habuit,
1190 4326 1244 4389 has
1273 4343 1378 4387 omnes
1396 4324 1466 4386 addi·
