3086 5182
611 435 651 450 *-
674 415 752 465 ⁸1¹*

138 543 242 590 coram
266 532 332 604 eis,
358 541 432 604 quus
451 523 646 585 coutcdernut.
679 523 713 582 in
738 522 810 582 actis
835 521 1002 597 apostolicis
1032 519 1070 597 (t)
1099 525 1219 601 augelus

137 627 256 688 Domini
284 627 396 686 adstitit
414 623 502 684 Petro
528 625 558 682 in
581 637 718 698 carcere,
739 635 756 680 e
777 635 879 679 somno
905 621 1046 680 excitavit
1071 635 1162 699 eum;
1191 629 1220 683 et

138 726 369 802 circumcingens
399 723 502 783 Petrus
531 721 735 781 vestimentum
767 733 854 778 suum
883 717 1056 794 sequebatur
1084 720 1220 796 angeium

138 839 233 900 usque
253 824 291 882 ad
310 827 423 898 portam
446 820 588 894 terream,
609 833 684 894 quae
703 817 781 876 uitm
799 821 900 893 aperta
917 821 962 875 est
979 817 1031 876 eis.
1054 815 1134 876 Nihli
1151 833 1220 894 ergo

137 920 306 982 mirandum
331 919 367 979 de
386 933 441 994 eo,
462 915 541 992 qnod
559 915 677 975 exhibet
694 914 816 974 historie
833 912 942 974 Tohiuo
959 915 1037 974 circa
1052 913 1220 990 huuusmodi
1292 936 1295 946 ·

139 1019 236 1098 angeli
259 1017 521 1078 conversationem.

180 1117 330 1179 Voeahniu
348 1129 452 1194 porro,
472 1113 577 1190 quihus
597 1113 629 1172 in
649 1112 740 1172 sacris
759 1109 840 1170 libris
862 1115 1069 1187 nuncupantur
1087 1117 1149 1171 tum
1171 1127 1221 1170 an-

139 1216 196 1296 geii
217 1215 292 1292 Dei,
314 1229 382 1274 cum
404 1211 473 1272 mah
493 1212 630 1288 spiritus,
652 1208 698 1270 vei
716 1209 893 1284 daemones,
914 1209 985 1268 tatia
1005 1208 1167 1285 hahentur,
1185 1216 1219 1270 ut

137 1313 356 1375 conformentur
374 1309 535 1372 sedenibus
549 1306 595 1367 vel
613 1307 795 1384 ministeriis,
812 1305 918 1382 quibus
936 1313 1084 1383 praesunt.
1110 1305 1147 1366 Et
1161 1307 1218 1368 hoc

139 1412 298 1473 clarissime
321 1412 432 1470 eruitur
457 1423 473 1467 e
498 1407 599 1484 lingua
625 1403 787 1481 hebraica,
813 1419 870 1480 qua
896 1405 989 1464 sancti
1013 1405 1066 1464 Dei
1086 1405 1218 1464 homines

139 1510 330 1570 hebraeorum
351 1513 431 1585 gestu
449 1511 617 1566 exararunt.
640 1503 675 1562 in
694 1503 751 1562 Job
769 1519 817 1562 ex.
841 1519 885 1581 gr.
904 1503 1036 1562 daemon
1058 1503 1219 1579 appellatur

2 1613 10 1705 s
138 1611 234 1673 &ton
253 1610 328 1670 idest
347 1607 546 1681 occasuram,
567 1606 723 1664 inimicus.-
744 1604 822 1680 qnod
837 1603 947 1662 scilicet
963 1603 1055 1662 hostis
1068 1602 1217 1678 perhibea-

137 1716 189 1771 tur
203 1711 302 1787 pietati
316 1706 443 1784 ejusdem
460 1707 527 1764 viri.
551 1705 586 1763 ln
600 1703 693 1764 Tohia
708 1703 815 1762 dicitur
834 1701 1014 1762 Asmodaeus
1026 1706 1114 1780 Juxta
1142 1701 1220 1762 iilius

1 1797 11 1852 i
137 1813 259 1886 etymon
278 1817 363 1871 qipa*
385 1802 519 1863 sciomcd
533 1800 846 1880 perdidit,oosiooit,
865 1801 971 1876 quippe
982 1801 1033 1876 qui
1051 1799 1222 1877 disperdidit

1 1911 11 1953 s
135 1905 228 1966 Sarae
249 1906 380 1965 maritos.
403 1901 514 1962 Ibidem
535 1899 655 1977 angelus
668 1899 721 1957 liei
740 1900 907 1958 nominatur
927 1897 1065 1976 Ropboel
1083 1915 1120 1958 ea
1144 1907 1219 1966 snt

137 2010 168 2066 et
191 1985 235 2069 St!
258 2001 356 2080 rupim
376 1999 426 2060 bel
444 1999 591 2058 medicina
618 1997 676 2057 Dei
695 1999 803 2073 quippe
829 1998 945 2056 sauovit
970 1996 1093 2056 'sobiam
1118 2013 1134 2055 e
1160 2013 1222 2056 coe·

137 2105 227 2164 citate
245 2109 275 2161 et
294 2099 397 2160 Seram
416 2115 434 2158 a
452 2096 602 2156 daemone.
625 2094 733 2154 Eadem
747 2097 858 2154 ratione
877 2093 1218 2154 omnimodamque.

138 2199 306 2280 qois‘sicut
324 2198 423 2273 Decem
445 2211 480 2256 ac
501 2195 543 2253 ita
563 2209 582 2253 e
599 2192 717 2252 Daniele
734 2191 862 2269 dicitur,
883 2197 912 2250 et
931 2193 961 2250 iu
980 2192 1139 2270 Evangelio
1166 2175 1222 2252 (ic-

140 2297 244 2373 int'cl,
265 2297 360 2356 utrem
381 2293 449 2354 Det.
1125 2305 1127 2315 ·

178 2395 205 2472 S.
228 2393 281 2454 ΙΙΙ.
305 2393 389 2466 Quod
409 2397 504 2452 autem
526 2388 662 2450 scribitur
681 2390 712 2448 iu
731 2387 825 2447 Tohia
843 2387 881 2446 de
900 2387 1021 2464 angelo,
1043 2389 1094 2464 qui
1114 2405 1218 2466 appre-

136 2493 241 2554 hendit
266 2491 452 2550 daemonium
468 2493 497 2548 et
513 2488 616 2566 ligavit
634 2487 708 2546 iiiud
727 2487 758 2543 in
772 2484 885 2544 deserto
905 2487 1060 2561 superioris
1081 2485 1219 2564 Aegypti,

136 2593 235 2652 iocum
254 2590 387 2667 respicit,
407 2588 458 2664 qui
476 2586 513 2646 ah
534 2586 703 2645 hominihus
721 2585 851 2644 desertus
870 2589 931 2661 cst,
952 2583 1061 2644 idcirco
1078 2586 1152 2645 nuiii
1172 2588 1222 2646 hc·

136 2693 252 2750 minum
271 2703 376 2748 nocere
394 2691 487 2764 potest
506 2684 640 2746 daemon.
662 2685 753 2761 Regio
768 2685 847 2743 enim
864 2685 1004 2760 superior·
1015 2682 1158 2762 Aegypti,
1180 2687 1222 2745 cit

135 2787 251 2848 Caimet
267 2789 299 2846 iu
319 2785 525 2846 Dissertatione
544 2783 580 2842 de
596 2782 737 2842 daemone
752 2779 932 2857 Acmodaeo,
949 2783 1069 2858 sterilis,
1087 2797 1220 2860 arenosa,

137 2885 278 2960 monim,
303 2890 332 2944 et
357 2883 460 2944 iucoiis
485 2898 599 2958 vacua,
614 2885 706 2958 ejecto
730 2881 865 2941 daemoni
894 2881 1038 2942 destinata
1068 2889 1122 2942 est.
1149 2881 1222 2942 Cum

141 2983 270 3059 Aegypti
284 2981 380 3041 solum
399 2979 481 3040 nuiio
498 2979 585 3038 imbri
602 2981 753 3056 irrigetur,
770 2985 858 3056 atque
870 2980 1044 3040 exundantis
1058 2980 1117 3040 Niii
1130 2997 1223 3059 equae

138 3095 179 3138 ne
198 3079 373 3154 superiorem
394 3079 541 3154 regionem
558 3073 752 3151 foecundent,
775 3093 879 3154 aggere
897 3080 1041 3137 montium
1059 3084 1088 3137 et
1106 3079 1163 3138 soii
1182 3079 1223 3140 al·

137 3175 265 3236 titudine
284 3175 514 3252 prohibeantur,
536 3187 665 3232 arescere
686 3173 767 3231 iiiam
789 3180 817 3232 et
837 3174 980 3250 squaiiere
998 3190 1114 3234 necesse
1133 3181 1188 3234 est.
1205 3201 1218 3226 υ

138 3273 241 3334 Eidem
262 3273 430 3349 obsequitur
450 3272 645 3348 Huhigantius
663 3272 694 3329 tn
715 3269 794 3329 huno
813 3270 919 3329 librum
942 3273 1063 3332 diceus:
1095 3272 1221 3350 «Ligari

137 3373 264 3432 daemon
286 3371 414 3449 dicitur,
447 3386 515 3430 cum
536 3375 662 3445 potestas
685 3371 749 3445 ejus
775 3374 947 3445 coercetur,
973 3385 1066 3446 neque
1096 3385 1166 3429 vero
1188 3373 1220 3429 iu

138 3469 390 3546 reprehensionem
414 3471 563 3528 incurrere
588 3472 682 3544 potest
702 3465 803 3526 eadem
828 3466 965 3542 loquendi
988 3465 1105 3545 forma,
1130 3483 1221 3545 quam

138 3566 274 3627 adhibuit
292 3569 324 3626 in
345 3566 504 3643 Evangelio
524 3565 656 3625 Christus
679 3563 831 3623 Dominus.
856 3564 924 3623 ideo
945 3579 1014 3624 vero
1037 3567 1068 3623 iu
1089 3565 1223 3644 Aegypto

137 3665 281 3740 superiori
305 3664 448 3742 relegatus
471 3663 546 3739 fait,
567 3666 636 3740 quia
658 3663 730 3723 haec
750 3669 848 3722 erata
869 3661 965 3721 Media
992 3661 1158 3740 longissime
1179 3679 1222 3725 re·

138 3767 220 3822 mota
241 3764 298 3838 ita,
317 3767 351 3821 ut
368 3760 548 3821 Acmodaens
563 3765 626 3839 jam
644 3777 703 3820 non
719 3767 816 3838 posset
833 3775 939 3819 sexam
953 3763 1075 3837 juvenes
1089 3762 1220 3821 mantes.
1279 3788 1282 3794 ¹

137 3860 215 3920 Nam
244 3860 398 3921 doemonia
420 3874 527 3920 vexare
553 3860 684 3920 homines
709 3875 768 3919 non
790 3865 936 3938 possunt,
961 3861 1017 3919 nisi
1050 3859 1147 3921 adsint
1166 3861 1224 3936 ipsi
1324 3849 1347 3864 “¹

138 3957 217 4034 apud
238 3955 393 4034 homiues,
414 3963 444 4016 et
463 3959 520 4018 nisi
535 3956 581 4016 his
607 3955 712 4032 rebus,
740 3973 815 4034 quae
836 3959 963 4017 interra
985 3962 1134 4035 eveniunt,
1155 3963 1221 4036 tany

136 4071 228 4134 quum
241 4055 361 4133 objectis
376 4055 576 4131 praesentibus
594 4063 776 4116 moveantur.
798 4055 851 4115 Dei
869 4061 913 4116 est
930 4056 1020 4117 soiius
1037 4055 1145 4132 ubique
1161 4069 1224 4116 esse

137 4160 332 4230 praesentari.
356 4153 470 4214 Montes
491 4154 710 4216 daemonicmm
731 4155 860 4231 adsunt,
881 4169 949 4214 cum
971 4155 1012 4214 eis
1034 4153 1224 4228 conceditur,

186 4345 221 4408 (ι)
238 4349 289 4398 ,ici
302 4349 383 4410 apost.
397 4359 419 4400 c.
432 4351 485 4398 xu.
