3022 5178
835 370 1014 423 -168-

387 482 519 556 spiratis,
544 480 653 540 eisdem
674 478 900 554 propugnabant
918 493 1016 553 nova,
1043 483 1072 534 et
1097 475 1172 534 false
1195 491 1292 534 eorum
1309 476 1435 553 dogmata.

387 578 467 636 llaec
486 579 585 635 omnia
604 577 715 651 cuivis,
737 577 788 651 qui
808 583 942 634 accurate
959 591 1048 651 supra
1067 580 1203 648 excerpta
1219 581 1330 650 pahum
1345 576 1437 653 legerit,

387 673 505 734 obviam
523 680 619 733 erunt.
639 672 724 747 Quod
745 674 770 731 sl
786 673 835 748 (ut
855 676 983 731 maxime
997 673 1045 730 hic
1064 671 1226 730 notandum
1239 671 1293 745 est)
1307 673 1440 732 initiosm

385 771 443 830 cull
464 773 559 848 quinti
574 775 606 829 in
621 771 725 831 Galliis
743 771 920 848 vigilantius
941 772 1069 847 aliique,
1097 777 1131 828 ut
1144 785 1212 828 suos
1224 785 1331 828 errores
1347 777 1441 830 111111

386 877 453 947 tur,
476 878 617 947 tanquam
640 888 700 931 non
717 872 878 930 Canonicos
890 873 945 930 hos
965 870 1129 947 Scripturas
1149 871 1238 930 libros
1253 872 1442 946 respuerint,et
1468 849 1471 862 ⁴

383 969 457 1026 alios
476 971 590 1044 spurios
616 976 650 1028 ut
669 969 831 1029 Canonicos
853 970 993 1044 iecerint3
1016 972 1080 1044 pari
1111 969 1215 1045 modo,
1234 968 1442 1027 animadverten-

387 1064 458 1124 dum
473 1067 558 1125 nobis
574 1073 635 1143 est,
654 1068 706 1125 vix
724 1067 762 1125 ob
783 1067 943 1125 haereticos
966 1065 1128 1125 Galliamm
1148 1065 1247 1125 fideles
1269 1064 1305 1123 de
1323 1066 1442 1124 libmrun

387 1162 540 1223 divinitate
548 1165 731 1241 dubitarunt,
748 1165 850 1223 divum
867 1165 1069 1223 Innocentium
1083 1167 1210 1240 primum
1223 1163 1385 1223 Pontificem
1396 1181 1443 1222 rne-

288 1333 292 1338 ,
385 1263 518 1338 minum,
540 1265 713 1322 auctoritate
732 1270 761 1321 et
778 1262 985 1322 infallibilitate
1000 1262 1179 1338 praeditum,
1201 1261 1260 1320 illis
1276 1261 1368 1320 verbis
1389 1261 1443 1320 lesu

391 1357 499 1417 Christi
521 1359 559 1417 ad
581 1359 701 1420 Petrum
729 1361 910 1419 usum1aEt
930 1366 963 1420 tn
983 1360 1141 1437 aliqnando
1156 1375 1312 1419 conversas
1327 1359 1444 1417 coniirna

386 1455 491 1515 fratres
508 1464 600 1516 tuos»
617 1458 695 1516 illius
716 1474 831 1518 summa
848 1459 1003 1535 vigilantia
1017 1465 1046 1518 et
1064 1464 1225 1534 opportune
1239 1457 1277 1516 ad
1289 1457 1443 1533 Exuperiam

389 1555 556 1630 episcopum
568 1556 735 1615 tolosanum
757 1559 906 1632 scripsisse
928 1557 1090 1631 epistolam,
1105 1573 1164 1632 qua
1179 1554 1345 1614 divinorum
1357 1554 1442 1612 Riblie

390 1667 456 1710 rum
471 1653 573 1712 Canon
586 1654 799 1714 inscribebatur
812 1656 908 1730 idem,
923 1659 974 1731 qui
986 1663 1057 1714 tunc
1069 1657 1219 1731 temporis,
1232 1660 1261 1712 et
1271 1659 1354 1712 antea
1364 1654 1393 1709 in
1403 1651 1443 1710 Ec·

387 1749 475 1808 alesia
493 1757 591 1828 ratus,
611 1758 640 1810 et
656 1754 687 1809 in
703 1751 832 1812 Concilio
854 1753 1010 1812 tridentino
1030 1752 1191 1811 firmandus
1211 1757 1285 1810 erat.

434 1848 461 1923 S.
485 1849 565 1908 XIX.
589 1849 678 1909 blodo
705 1867 776 1909 vero
796 1851 833 1909 ad
855 1851 1076 1926 expendendum
1104 1853 1252 1925 reversis,
1274 1864 1331 1924 qua
1355 1848 1444 1905 ratione

386 1945 518 2006 doctores
540 1948 659 2023 quidam
686 1949 823 2008 ecclesiae
849 1948 1124 2026 hierosolymitanae
1136 1950 1340 2023 potissimum,
1359 1946 1444 2019 alique

386 2044 523 2103 ecelesiae
543 2061 662 2122 graecae
680 2062 784 2122 parum
804 2050 918 2123 seriptis
943 2049 1004 2106 suis
1023 2049 1189 2106 testimonia
1211 2043 1347 2103 eBibliis
1361 2042 1443 2100 Dene-

386 2144 426 2201 ris
454 2145 544 2218 petita
557 2145 747 2220 inseruerint,
772 2152 801 2204 et
823 2157 839 2204 c
862 2152 964 2205 contra
979 2146 1099 2205 ccclesia
1117 2145 1220 2219 latina,
1244 2142 1380 2215 africana,
1402 2139 1443 2197 ale

386 2239 548 2317 xandrine,
568 2258 676 2319 magna
693 2246 776 2318 copia
794 2259 862 2302 suos
880 2244 969 2303 libros
987 2244 1067 2302 hisce
1084 2242 1242 2318 scripturis
1262 2241 1443 2300 disseminave-

338 2367 340 2374 ·
385 2338 445 2395 rint
454 2380 463 2413 ,
472 2338 567 2397 facihs
580 2340 668 2417 hujus
681 2344 723 2399 rei
739 2343 794 2400 erit
807 2341 922 2401 solutio.
938 2341 1120 2418 Quemquam
1134 2356 1193 2399 non
1209 2339 1292 2412 latet,
1307 2336 1393 2412 qualis
1403 2335 1444 2390 ini·

385 2438 496 2496 micitia
516 2443 544 2496 et
564 2439 664 2498 odium
685 2437 892 2516 hebraeorum,
912 2442 1007 2515 primo
1026 2439 1170 2499 Ecclesiae
1190 2436 1300 2495 Christi
1318 2435 1443 2507 manah-

385 2540 502 2609 ruperat
522 2542 624 2594 contra
643 2536 833 2614 christianos,
852 2539 903 2613 qui
920 2553 1039 2597 suarum
1051 2537 1277 2612 promissionum
1288 2537 1371 2609 Juxta
1386 2530 1443 2588 Seri·

385 2637 486 2705 ptures
501 2641 656 2692 evaserant
670 2637 836 2710 participes,
857 2637 1019 2711 quinimmo
1039 2637 1069 2694 in
1092 2649 1193 2692 eorum
1221 2632 1443 2692 haereditatema

384 2727 577 2804 Redemptore
597 2734 693 2790 vocati
713 2739 811 2808 erant,
829 2733 926 2792 electis
941 2732 1093 2808 gentibus,
1108 2732 1228 2790 seclusis
1241 2731 1364 2807 judaeis.
1384 2727 1443 2786 llaec

384 2829 483 2884 omnia
503 2844 519 2885 c
536 2828 644 2888 divinis
662 2829 818 2908 scripturis¹
840 2829 1029 2890 hebraeorum
1052 2836 1166 2907 gentse,
1183 2845 1260 2906 quae
1273 2832 1305 2888 in
1318 2824 1442 2888 lucernis

385 2924 513 3000 vangelii
531 2927 732 3016 vocabantur,
755 2927 791 2986 de
817 2943 848 2986 se
870 2927 1017 3003 praedicta
1044 2935 1145 2987 contra
1172 2927 1238 2986 illos
1266 2925 1441 3002 explicabant,

383 3039 557 3101 omnemque
574 3025 725 3103 Evangelii
745 3028 959 3085 institutionem
975 3043 1011 3085 ex
1025 3027 1143 3086 illorum
1159 3025 1325 3101 probabant
1339 3021 1442 3098 Prophe

382 3123 431 3180 tis.
449 3122 578 3199 Idcirco,
594 3129 680 3199 prout
694 3127 759 3199 quis
773 3124 830 3183 sibi
844 3124 962 3200 suadet,
975 3125 1150 3200 judaeorum
1165 3139 1253 3182 curae
1271 3123 1385 3196 multae,
1397 3133 1442 3176 ma·

349 3261 351 3268 i
385 3236 499 3297 gnaque
519 3224 674 3280 conamina
693 3222 793 3298 tuere,
808 3229 842 3281 ut
864 3223 920 3280 hac
944 3225 975 3280 in
997 3229 1079 3299 parte
1102 3221 1277 3280 christianos
1299 3221 1443 3279 accusarent

383 3321 467 3393 qnasi
484 3320 607 3396 idiotas,
622 3327 651 3379 et
673 3321 888 3396 scripturarum
908 3323 1030 3396 inscios,
1055 3337 1090 3378 ac
1106 3319 1210 3379 deinde
1230 3336 1246 3378 e
1270 3322 1349 3394 suis,
1370 3329 1443 3390 apic

378 3416 504 3493 selytis,
526 3417 564 3475 ab
578 3417 701 3478 ethnicis
721 3435 835 3495 quoque
858 3418 966 3478 Christi
982 3436 1109 3495 nomen,
1128 3419 1266 3493 illiusque
1287 3418 1442 3492 Religionem

381 3513 577 3588 prohiberent.
600 3515 737 3575 Pluribus
760 3533 776 3574 e
796 3515 920 3592 studiis,
943 3517 1049 3593 quibus
1063 3517 1164 3593 judaei
1178 3517 1326 3575 doctrinas
1342 3525 1442 3586 evange-

382 3610 454 3670 licas
472 3617 569 3672 conati
591 3621 660 3674 sunt
677 3614 884 3690 obtenebrare,
908 3618 1070 3674 marimum
1088 3615 1144 3674 iuit
1159 3615 1250 3691 illud,
1266 3614 1442 3674 demonstrare

380 3725 501 3785 nempe,
533 3713 678 3787 quomodo
709 3713 860 3772 christiani
888 3720 921 3772 ut
945 3713 1109 3790 Scripturas
1137 3714 1279 3774 revelatas
1316 3711 1441 3771 crederent

380 3807 474 3868 Biblia
492 3810 794 3888 Demere-Canopica,
814 3813 957 3888 simulque
977 3813 1102 3888 honore,
1119 3819 1148 3871 et
1165 3816 1337 3872 anctoritate
1358 3807 1440 3868 ceteris

380 3905 530 3967 Prioribus
551 3911 633 3984 paria
655 3912 863 3969 existimarent.
880 3911 960 3968 Haec
980 3927 1026 3969 res
1049 3911 1126 3986 apud
1146 3927 1195 3969 eos
1212 3912 1313 3987 magni
1326 3906 1440 3984 ponderis

377 4011 457 4080 crat,
480 4013 510 4064 et
528 4023 563 4065 eo
577 4011 696 4083 majoris
711 4010 851 4066 momenti
865 4009 955 4084 vrdgo
971 4011 1047 4067 inter
1067 4024 1116 4066 eos
1135 4009 1191 4067 hoc
1206 4013 1369 4084 reputatum
1384 4004 1437 4074 init,

379 4103 498 4178 quando
516 4104 635 4181 Aquila,
653 4091 700 4164 vel
721 4109 852 4182 quisquis
866 4106 941 4166 alius
959 4107 1007 4165 ille
1032 4106 1135 4182 luerit,
1150 4122 1258 4166 novam
1279 4123 1295 4164 e
1313 4101 1439 4163 codicibus

378 4199 521 4260 hebraicis
539 4202 707 4262 divinarum
731 4203 945 4280 Scripturarum
971 4207 1237 4282 interpretationem
1256 4201 1439 4274 conflavitct

380 4299 504 4373 publicis
520 4302 597 4376 juris
623 4301 706 4377 iecit,
725 4318 813 4378 equa
826 4305 945 4362 omnino
966 4303 1085 4364 seclusit
1097 4319 1198 4363 omnes
1218 4303 1306 4362 libros
1323 4301 1438 4359 Deutero-
