3094 5184
416 638 761 700 PROPOSITIO
801 642 825 698 1.

80 839 129 900 De
153 837 270 898 Conone
288 836 455 896 divinorum
473 835 641 896 Bibliorom
660 853 680 894 o
698 835 802 896 Facto
815 836 924 896 canito
932 880 942 910 ,
965 837 1001 896 de
1014 836 1153 899 Philonis

117 939 258 1014 aeqyptii
276 937 310 994 io
329 933 386 994 hoc
404 953 436 994 re
455 937 607 1012 opinione,
637 951 673 992 oc
685 933 721 993 cle
735 933 803 993 aliis
826 932 1015 994 hebraeorum
1032 939 1149 1014 scriptis

117 1031 165 1092 od
182 1032 260 1112 hone
279 1048 369 1109 aesque
388 1035 514 1092 oetatem
523 1051 534 1105 ;
556 1035 587 1091 et
605 1031 676 1091 laneo
696 1035 796 1091 omnio
814 1035 959 1092 accuratis
977 1032 1151 1094 ohservatio-

118 1131 228 1207 m‘lme,
252 1131 350 1209 quood
359 1133 432 1209 fleri
446 1135 563 1209 potest,
588 1131 756 1190 nodantur.

118 1327 150 1401 S.
174 1327 199 1385 1.
221 1325 292 1386 Fide
311 1325 460 1402 hucusque
479 1326 623 1385 Ecclesiae
642 1325 821 1387 Christianae
845 1326 1151 1388 Catholicae'ostensa

75 1439 153 1501 erga
177 1423 477 1484 Dentato-Canonicas
496 1425 601 1482 veteris
621 1423 798 1482 Testamenti
822 1423 983 1499 Scripturas
1011 1441 1047 1484 ex
1072 1426 1150 1485 illius
1211 1429 1212 1432 ’

75 1527 147 1580 ortu
173 1520 213 1580 ad
235 1521 292 1580 hoc
315 1537 406 1598 usque
426 1537 553 1596 aevum,
583 1536 699 1580 necesse
726 1536 840 1596 quoque
866 1523 921 1580 erit
946 1528 979 1580 ut
1003 1525 1152 1598 opiniones

75 1617 371 1694 animadvertamus,
400 1634 505 1695 easque
524 1617 745 1694 pmpulsemus,
771 1634 845 1694 quas
865 1617 981 1678 hebraei
1004 1628 1070 1694 post
1088 1620 1151 1680 illo·

75 1732 146 1774 rum
159 1716 402 1791 ¹reprobationem
428 1719 488 1776 suis
513 1717 650 1792 scriptis,
680 1715 727 1774 vel
754 1718 820 1774 voci
846 1716 1017 1776 rnandantes
1041 1717 1077 1776 de
1097 1717 1152 1778 hoc

75 1814 201 1872 Canone
220 1813 367 1890 extulere3
397 1820 427 1872 et
445 1813 482 1872 ob
502 1813 558 1872 hoc
578 1813 763 1888 blasphemiis
781 1815 813 1872 in
830 1814 1029 1874 christifideles
1048 1818 1152 1875 irrum-

75 1917 175 1987 punt,
209 1918 242 1972 ut
265 1915 307 1971 ait
331 1913 535 1989 Hieronymus.
563 1911 687 1986 ideoque
706 1913 828 1969 maximi
847 1911 1004 1987 ponderis,
1036 1929 1072 1972 ex
1092 1929 1151 1989 quo

70 2013 261 2086 potissimum
280 2011 385 2086 pendet
405 2013 535 2071 veritatis
554 2009 745 2086 trophaeum,
767 2017 970 2086 argumentum
984 2019 1048 2086 cst,
1070 2013 1150 2088 quod

75 2125 182 2168 coram
198 2109 314 2184 judaeis
333 2111 450 2186 suisque
470 2111 501 2167 in
521 2106 577 2166 hac
596 2109 740 2166 sententia
759 2108 1022 2184 commilitonibus,
1049 2115 1078 2167 et
1097 2110 1151 2168 Ec·

76 2207 189 2267 clasiae
209 2206 373 2266 Catholicae
400 2205 530 2266 hostibus
554 2205 739 2281 ejusdemque
763 2207 829 2264 vocl
848 2205 966 2280 surdis,
998 2207 1150 2265 enuclean-

75 2303 154 2362 dum
174 2303 255 2362 subit
273 2303 323 2379 (1).

114 2402 146 2476 s.
169 2401 211 2460 Il.
233 2401 277 2460 Ex
297 2399 447 2476 hebraeis,
480 2402 531 2476 qui
553 2402 664 2477 primus
683 2400 751 2460 huic
769 2399 899 2476 dogmati
912 2400 1051 2477 obsistat,
1069 2401 1152 2462 adest

72 2499 225 2576 tosepnns
243 2499 383 2575 Flavius,
404 2501 455 2575 qui
473 2499 596 2558 obeunte
615 2499 730 2559 saeculo
750 2497 857 2558 Christi
875 2501 970 2574 primo
994 2499 1148 2560 scribebat.

74 2599 128 2674 Is,
152 2599 295 2673 inquam,
316 2599 391 2656 inter
406 2596 528 2673 judaeos
549 2595 669 2671 doctus,
689 2601 821 2654 veterum
834 2595 1048 2673 scripturarum
1062 2597 1152 2656 libros

71 2697 265 2771 numeravit,
296 2711 330 2755 ac
354 2695 471 2770 insuper
491 2693 714 2769 discrepantiam
733 2693 891 2770 quamdam
910 2693 968 2752 illis
988 2693 1147 2771 adposuit,

73 2799 109 2852 ut
130 2791 223 2852 modo
242 2793 417 2868 excipiemus
436 2808 453 2851 e
472 2793 533 2851 suis
547 2793 681 2867 scriptis,
701 2793 733 2850 in
751 2795 833 2868 cujus
846 2790 943 2850 verbis
956 2791 1151 2867 expendendis

71 2890 239 2950 admodum
268 2893 435 2950 attentionis
463 2906 541 2950 meos
572 2889 692 2949 lectores
711 2889 843 2966 postulo,
872 2905 978 2966 eosque
997 2905 1089 2966 rogo,
1119 2895 1153 2948 ut

70 3005 170 3065 sana,
203 3003 237 3048 ac
256 2988 370 3065 placida
388 2995 484 3049 mente
507 2989 645 3072 utiliaque
670 2991 904 3064 praesumptione
927 2986 1007 3047 ducti
1031 3004 1078 3047 ma
1102 3003 1146 3046 se-

69 3092 218 3163 quantur.
239 3087 353 3148 nterea
372 3093 469 3146 autem
489 3085 561 3144 haee
574 3085 751 3144 suntFlavii
763 3085 861 3161 dicta,
882 3101 957 3162 quae
969 3084 1044 3143 libro
1052 3087 1147 3160 primo

69 3201 142 3260 cap.
151 3199 227 3243 vm.
239 3184 637 3261 contrahpionemprotulit:
658 3207 671 3234 α
687 3183 788 3259 Itaque
802 3182 879 3258 apud
894 3197 948 3242 nos
961 3197 1145 3258 nequaquam

68 3283 299 3342 innumerabilis
319 3289 363 3342 est
381 3283 521 3342 librorum
540 3279 696 3340 multitudo
708 3279 958 3354 dissentientium,
979 3283 1009 3337 et
1027 3279 1103 3336 inter
1115 3291 1147 3334 se

72 3383 298 3459 pugnantium,
319 3381 371 3441 sed
389 3380 448 3440 duo
467 3380 623 3440 dumtaxat
642 3383 672 3437 et
692 3379 794 3454 viginti
820 3376 888 3434 libri
911 3377 1000 3434 totius
1011 3376 1149 3450 temporis

67 3480 234 3540 historiam
253 3478 497 3555 complectentes,
530 3479 581 3553 qui
604 3477 707 3534 metito
731 3474 890 3534 creduntur
910 3473 1014 3532 divini.
1036 3471 1082 3530 Ex
1101 3469 1148 3530 his

69 3579 211 3655 quinque
230 3575 347 3652 quidem
366 3581 435 3636 sunt
454 3575 586 3653 Moysis,
607 3576 658 3652 qui
677 3579 706 3632 et
725 3572 803 3650 leges
816 3573 982 3645 continent,
1003 3572 1033 3628 et
1045 3569 1148 3628 seriem

109 3816 150 3881 (ι)
166 3817 198 3865 ln
213 3815 292 3881 prima
307 3816 380 3879 hujus
395 3816 475 3880 operis
497 3819 566 3880 parte
587 3814 780 3868 adversariorum
796 3815 971 3880 propositiones
996 3812 1097 3877 censui,
1119 3825 1149 3862 ac

66 3896 205 3964 expendi,
230 3907 294 3960 qnae
307 3909 363 3960 pag.
375 3903 398 3948 s.
416 3896 439 3960 §.
451 3900 472 3946 1.
487 3897 580 3960 apag.
596 3903 619 3947 a.
636 3895 658 3958 §.
671 3898 705 3945 Π.
723 3907 849 3958 expressae
864 3893 967 3944 suntab
982 3895 1104 3943 llomaec.
1119 3893 1149 3941 In

64 3981 119 4031 bac
146 3977 257 4028 oecunds
275 3980 344 4042 parte
365 3978 471 4028 rationes
490 3977 663 4041 proferuntur,
689 3976 779 4039 ortibus
802 3975 962 4026 hebraeorum
985 3972 1100 4024 doctrina
1115 3971 1147 4022 de

64 4063 179 4112 Quone
194 4071 264 4110 sacro
279 4058 416 4120 refellitur;
440 4057 529 4108 deinde
545 4056 664 4108 accedam
678 4055 827 4106 adminicula
850 4053 932 4105 omnia
941 4090 949 4118 ‚
975 4052 1065 4116 quibus
1082 4065 1148 4102 com·

65 4139 199 4206 probatur
222 4139 353 4190 auomriias
373 4139 462 4190 horum
481 4138 625 4190 Bibliorutn.
648 4137 679 4188 ln
699 4136 771 4186 tertia
792 4136 874 4185 aulem
894 4133 975 4197 agitur
996 4131 1027 4206 de
1047 4130 1150 4195 singulis

60 4222 165 4284 libris,
187 4219 226 4269 vel
240 4218 406 4270 additionibus
420 4215 665 4270 Dantem-canonicis
679 4215 780 4268 seorsim
804 4215 923 4279 sumptis,
950 4226 980 4264 ac
1000 4211 1090 4262 ibidem
1113 4209 1150 4260 di·

60 4301 214 4353 sentientur
233 4313 317 4350 omnes
331 4299 463 4351 sentcntiae
478 4313 494 4348 a
507 4297 628 4348 celebrato
640 4298 739 4346 auctore
753 4296 838 4348 contra
856 4295 900 4344 hes
913 4293 1049 4355 scripturas
1062 4303 1144 4341 excer-

59 4382 149 4446 ptae,
173 4379 246 4430 sicuti
261 4379 287 4430 in
302 4381 407 4443 aniame
426 4379 518 4444 primae
533 4377 609 4442 partis
622 4375 746 4440 descripsi.
