3070 5180
785 415 825 428 ..
845 401 909 444 ω
927 415 968 428 -

339 533 433 585 cum
455 503 518 582 his
546 528 687 582 manus
712 525 944 598 conserere,
976 516 1014 579 et
1041 527 1116 607 pro
1147 501 1310 580 veritate
1332 529 1417 611 pu-

340 637 491 745 gnare?
508 634 749 715 Soandalum
777 635 904 742 majus
923 635 966 712 in
985 650 1105 741 eaput
1131 661 1270 713 eorum
1283 651 1417 714 verte·

325 785 479 869 retur,
514 788 554 851 et
575 785 825 850 sacrosancto
853 766 1068 848 sacerdotis
1095 770 1322 847 charactere
1342 767 1417 848 de-

340 922 498 1014 specto,
528 922 567 984 et
586 903 849 1011 apostolicum
872 902 1136 981 ministerium
1159 902 1322 982 minime
1344 930 1415 980 ve-

341 1041 468 1120 nerati
491 1039 614 1146 magis
613 1039 684 1160 sin
706 1038 911 1145 propriam
928 1034 1196 1144 perditionem
1217 1063 1418 1142 provoca-

339 1189 492 1252 rentur.
523 1171 579 1249 Ut
596 1198 692 1276 ergo
713 1187 854 1249 contra
876 1169 971 1248 istos
986 1168 1110 1248 libere
1131 1167 1414 1276 procedamus,

340 1307 515 1414 exeeptis
537 1303 623 1382 aliis
636 1302 892 1401 notionibus,
918 1300 1069 1408 quibus
1087 1319 1225 1380 contra
1244 1329 1312 1380 eos
1325 1300 1417 1407 ¹agi-

341 1438 715 1536 mua,necessarium
726 1463 893 1545 quoque
906 1451 964 1515 est
976 1437 1205 1544 linguarum
1216 1434 1413 1528 studium,

341 1572 492 1678 quibus
516 1571 690 1677 partim,
718 1586 756 1648 et
783 1567 973 1648 radicitus
1004 1597 1143 1650 eorum
1179 1569 1298 1648 falsae
1324 1570 1416 1676 opi-

341 1704 484 1782 niones
507 1703 739 1782 evellantur.
767 1704 817 1780 Et
844 1700 1182 1810 quemadmodum
1202 1702 1417 1812 superiori-

340 1837 419 1916 bus
446 1838 643 1917 aetatibus
661 1863 816 1914 errores
847 1837 890 1914 in
917 1835 1055 1915 orbem
1082 1836 1344 1915 christianum
1362 1836 1415 1913 ir-

342 1987 535 2067 ruerunt,
564 1986 603 2048 et
634 1967 859 2048 doctrinam
886 1968 1093 2075 Evangelii
1114 1968 1340 2066 vexabant,
1371 1984 1415 2048 et

343 2119 500 2201 contra,
517 2101 638 2210 hujus
656 2129 772 2180 verae
789 2102 986 2182 Ecclesiae
1006 2099 1212 2199 doctores,
1242 2102 1315 2209 qui
1340 2103 1412 2180 ho

342 2253 420 2316 stes
445 2235 618 2322 viriliter,
626 2232 973 2343 aggrediebantur,
998 2253 1129 2316 cetera
1154 2236 1259 2314 inter
1281 2263 1412 2333 arma,

340 2369 489 2475 linguis
512 2369 732 2467 hebraicis,
763 2385 802 2448 et
828 2369 979 2476 graecis
1006 2371 1050 2448 in
1077 2370 1184 2477 ipsos
1210 2370 1273 2448 usi
1298 2387 1409 2468 sunt,

343 2518 484 2608 utpote
507 2502 551 2578 in
573 2501 733 2609 quibus¹
750 2499 977 2611 Scripturae
1008 2500 1201 2600 divinae,
1241 2519 1281 2580 et
1314 2529 1414 2609 apo-

342 2635 481 2715 stoliea
506 2633 668 2715 traditio
693 2637 979 2735 servabantur,
1011 2652 1051 2715 et
1074 2637 1245 2714 maxime
1270 2634 1321 2717 de
1347 2635 1412 2732 bis

339 2767 601 2847 versabantur
623 2769 908 2867 hebraeorum,
936 2785 976 2848 et
999 2769 1290 2848 haereticorum
1312 2795 1410 2846 oon-

338 2902 537 2981 tentiones
555 2931 565 2999 ;
594 2901 731 2981 eadem
747 2903 939 3003 ratione,
968 2919 1008 2983 et
1033 2904 1214 3012 profecto
1239 2902 1405 3010 majori,

336 3063 448 3115 nunc
461 3037 649 3143 temporis
663 3036 819 3116 illarum
833 3038 1061 3146 linguarum
1079 3038 1197 3118 nobis
1214 3037 1289 3116 erit
1306 3064 1410 3116 com·

335 3167 514 3276 paranda
535 3170 737 3278 cognitio,
759 3199 865 3279 quae
882 3172 1132 3280 potissimum
1151 3200 1225 3251 nos
1252 3167 1303 3250 ad
1321 3170 1408 3250 illas

337 3303 520 3383 veritates
543 3302 857 3411 propugnandas
878 3304 1018 3403 ducit,
1049 3305 1200 3413 quibus
1227 3303 1410 3384 adversa·

336 3434 386 3511 rii
413 3436 678 3514 mentiuntur.
717 3438 924 3516 Praeterea
955 3438 1047 3516 satis
1079 3455 1136 3517 est
1167 3440 1210 3516 in
1239 3454 1402 3545 aperto,

336 3583 534 3674 quantum
556 3570 717 3677 linguae
745 3570 840 3651 istae
867 3569 987 3650 modo
1014 3574 1058 3650 in
1085 3571 1316 3681 regionibus
1338 3599 1406 3650 oo·

335 3700 601 3782 cidentalibus
628 3703 899 3802 excoluntur,
930 3703 1006 3783 illis
1033 3705 1222 3813 iuquam,
1252 3705 1324 3784 ubi
1343 3732 1405 3784 cr-

335 3861 403 3912 ror
434 3834 613 3944 incepit,
648 3853 688 3914 et
715 3835 849 3916 adhuc
876 3837 1101 3937 invalescit,
1132 3855 1171 3918 et
1195 3834 1402 3945 quomodo

334 3984 473 4046 contra
509 3997 583 4048 nos
611 3969 690 4069 illi,
722 3970 786 4050 his
807 3970 949 4050 studiis
983 3973 1257 4070 insolescunt,
1288 3971 1404 4079 quasi

334 4101 438 4180 avia
457 4120 648 4202 errantes,
670 4131 791 4211 quam
811 4105 1014 4185 calcarunt
1030 4123 1162 4215 patres
1180 4107 1318 4186 nostri.
1341 4104 1403 4184 Ne

333 4260 428 4340 ergo
450 4235 610 4314 illorum
637 4236 778 4317 studiis
804 4238 1011 4319 inferiores
1038 4239 1181 4339 simuS,
1209 4266 1342 4347 neque
1361 4239 1403 4317 il·
