3070 5180
798 355 839 369 ,..
859 341 893 383 v,
916 357 957 368 ..

324 519 328 527 f
394 439 635 549 Hujusmodi
652 467 775 546 porro
791 439 900 518 sonis
920 438 970 515 ab
994 438 1079 544 ipsa
1099 433 1235 514 divina
1253 433 1418 543 Sapien-

340 577 395 655 tia
418 574 716 670 emanantibus,
742 574 851 651 Deus
865 571 971 650 idem
990 569 1145 649 Adamo
1163 570 1327 678 suisque
1345 598 1419 677 po-

340 710 454 788 steris
476 707 699 786 collocutus
721 723 805 803 cst,
833 732 1028 813 suamque
1051 704 1128 782 illis
1150 701 1418 781 manifestavit

344 842 589 921 voluntatem
611 867 741 948 usque
771 837 868 918 dum
890 839 967 945 ipsi
987 837 1068 943 (1),
1093 865 1184 916 cum
1214 853 1343 915 essent
1366 836 1422 913 la-

341 974 398 1053 bii
424 974 572 1069 unius,
607 989 649 1050 et
678 970 907 1050 sermonum
942 968 1206 1068 eorumdem,
1243 967 1417 1077 profecti
1515 945 1523 958 ’

341 1106 392 1186 de
421 1086 575 1185 oriente
604 1104 889 1195 habitaverunt
914 1104 957 1183 in
980 1131 1122 1212 campo
1143 1104 1187 1182 in
1212 1120 1317 1181 terra
1345 1100 1417 1182 Se-

341 1266 460 1335 naar,
486 1257 526 1317 et
544 1238 668 1317 coctis
687 1212 889 1346 lapidibus
910 1234 1220 1317 aedificaverunt
1241 1237 1412 1332 turrim,

344 1389 389 1450 ut
415 1400 563 1451 nomen
587 1401 704 1450 suum
728 1371 987 1451 celebrarent.
1016 1371 1213 1450 Dominus
1236 1396 1331 1448 vero
1355 1369 1417 1447 vi-

343 1507 395 1584 sis
418 1533 558 1584 eorum
571 1505 897 1613 cogitationibus,
915 1503 1100 1583 confudit
1119 1503 1296 1610 linguam
1315 1503 1418 1611 ipso

343 1668 456 1736 rum,
483 1657 523 1718 et
546 1638 680 1718 divisit
700 1667 768 1718 eos
791 1667 841 1717 ex
856 1638 925 1716 illo
948 1638 1038 1716 loco
1058 1637 1100 1715 in
1120 1637 1324 1715 universas
1341 1655 1418 1716 ter-

342 1800 418 1850 ras.
447 1774 532 1851 Hac
552 1773 728 1870 ratione,
753 1773 891 1879 lingua
910 1771 1112 1879 primitiva
1131 1769 1321 1869 confusa,
1348 1799 1417 1850 no

344 1933 415 1985 vae
433 1905 559 1986 factae
573 1924 667 1985 sunt
680 1906 855 2012 linguae,
877 1923 917 1985 et
930 1906 1052 2013 paulo
1065 1922 1156 2012 post
1170 1902 1414 2012 pedetentim

343 2065 487 2118 vocum
521 2037 833 2146 significatione,
872 2038 1184 2135 terminatione,
1216 2056 1256 2116 et
1289 2037 1416 2116 forma

342 2173 574 2270 immutatis,
593 2173 737 2252 alterae
755 2171 805 2252 ab
824 2172 956 2251 alteris
973 2172 1192 2270 variarunt,
1215 2190 1415 2280 quantum

344 2303 614 2384 habitationes
637 2306 872 2403 bominum,
900 2332 1123 2413 eorumque
1137 2305 1343 2386 societates
1364 2305 1416 2384 ab

342 2438 515 2514 invicem
532 2454 755 2544 segregatae
775 2437 898 2544 magis
912 2437 1092 2516 minusve
1112 2437 1325 2535 distarent,
1349 2437 1418 2517 do

343 2596 418 2648 nec
449 2569 615 2677 singulis
637 2571 870 2677 regionibus
893 2569 1085 2651 dialectus
1107 2572 1270 2679 propria
1302 2571 1418 2650 insti-

344 2721 434 2783 tuta
457 2720 529 2782 est.

399 2836 569 2935 Interea,
596 2865 688 2916 cum
708 2837 848 2945 religio
870 2833 1003 2918 cordis
1025 2837 1323 2947 quodammodo
1350 2867 1418 2918 va-

343 2967 411 3048 riis
433 2967 663 3068 affectibus,
681 2968 816 3050 dubiis
827 2969 922 3051 inde
938 3031 948 3071 ,
974 2989 1013 3049 et
1027 2948 1290 3079 opinionibus
1307 2999 1417 3078 prae·

335 3121 561 3211 occupata,
586 3105 762 3183 humana
795 3105 1051 3212 generatione
1080 3103 1192 3184 faede
1226 3105 1411 3211 originali

341 3237 460 3346 culpa
481 3242 691 3346 corrupta,
706 3267 799 3317 eum
821 3239 945 3348 magis
971 3267 1016 3317 ac
1038 3239 1161 3345 magis
1183 3268 1207 3318 a
1229 3255 1336 3317 recta
1354 3265 1415 3317 se-

341 3370 436 3450 mita
458 3369 700 3469 declinaret,
729 3398 887 3450 neeesse
909 3369 1014 3467 fuit,
1041 3387 1088 3450 ut
1114 3369 1249 3450 divina
1270 3398 1315 3451 ac
1338 3372 1417 3478 pri-

340 3530 477 3582 maeva
493 3506 680 3584 revelatio
695 3505 1051 3614 protoparentibus
1063 3504 1168 3604 data,
1187 3534 1237 3584 ne
1251 3506 1417 3586 oblivio

345 3638 386 3724 ni
422 3636 610 3737 cederet,
641 3640 784 3722 litteris
820 3641 1147 3746 consignaretur,
1166 3667 1417 3743 ,revocaren-

342 3788 493 3878 turque
519 3773 702 3852 homines
724 3773 775 3852 ab
796 3773 1000 3853 erroribus
1023 3774 1188 3881 iniquis.

393 3903 549 4012 Moyses
578 3905 657 3986 fuit
690 3908 755 3987 ille
787 3908 941 4014 primus
972 3906 1128 3987 adhoc
1165 3925 1269 4014 opus
1294 3933 1410 4015 pera-

343 4036 519 4144 gendum
562 4067 585 4118 a
618 4040 704 4119 Deo
743 4041 974 4142 institutus,
995 4031 1060 4120 ¹ut
1078 4041 1416 4119 -Patriarcharum

384 4201 421 4276 lt)
438 4201 542 4260 Genes.
556 4219 583 4261 c.
602 4201 654 4262 xt.
746 4272 749 4281 ¹
