2964 5174
498 360 540 372 --
562 337 619 389 129
638 361 679 371 -

79 447 217 522 ι’Ἀντῖοχος
235 447 273 512 εἷς
286 447 330 508 criu
344 446 480 520 Ἁῖγοπτον
497 446 648 501 ἐστείλατο·
663 443 724 500 εἶτα
740 443 765 500 ἔν
785 446 856 518 μέσον
870 446 885 502 ό
899 448 1062 521 compugnat
1076 449 1134 506 τίνο

77 543 123 614 ngr*
140 545 181 602 τῆς
196 542 240 596 τῶν
260 538 338 596 νοἨιον
354 538 505 614 Ἀρχοορέων
526 538 683 612 φιλονεικίας
700 537 805 604 εἰρηκώς
827 536 956 611 ἐπήγαγε·
972 543 1136 614 προσπεσόν·

19 677 20 682 ,
76 651 110 684 τον
129 631 157 684 δέ4
172 633 204 703 τῷ
224 633 335 687 Βασιλεῖ
353 633 412 705 περὶ
435 634 481 684 τοῖν
500 631 658 703 γεγονότων,
678 629 808 696 ὁπέλαβεν
828 629 990 688 ἀποστατεῖν
1009 633 1054 692 τήν
1071 631 1138 688 ’lou-

76 721 148 786 ναίον,
160 723 179 780 i.
197 738 222 782 e.
244 722 334 782 Docet
354 730 452 784 autam
471 739 526 782 nos
539 722 760 783 hoaseeundus
781 721 1044 800 Machabaeorum3
1065 723 1137 785 dicit

77 823 138 880 edm
148 823 200 880 sic:
212 852 224 865 ·
235 821 318 881 Circa
331 822 388 881 hoo
401 830 515 897 tempus
526 820 655 880 secunda
666 821 850 896 expeditione
860 819 1023 879 Antiochus
1036 824 1069 880 in
1082 821 1137 882 Ae-

76 925 178 996 gyptum
190 920 334 996 pmfeotus
348 926 407 978 est:
424 919 558 978 ·Deinde
572 920 603 976 in
617 917 714 976 medio
728 920 867 994 scriptor,
889 934 958 978 cum
978 919 1077 995 eliqua
1094 919 1137 980 di-

75 1019 148 1075 xisset
167 1016 201 1076 de
220 1020 403 1078 contentione
426 1019 593 1094 principum
613 1015 818 1092 sacerdotum,
840 1019 892 1093 qui
911 1016 991 1076 haud
1013 1017 1137 1096 legitimi

75 1120 157 1192 eruut,
170 1101 336 1194 subjunxit:
357 1114 461 1176 «Cum
482 1115 555 1175 haec
583 1113 757 1176 accidissent
769 1117 831 1192 regi
845 1131 900 1190 pro
920 1115 1006 1176 rehus
1026 1119 1135 1194 gestis,

74 1216 215 1288 suspicatus
237 1221 282 1274 est
293 1215 416 1276 delirare
435 1213 589 1274 iudaeam·
612 1213 697 1274 Unde
710 1229 844 1274 reversus
858 1231 896 1272 ex
909 1213 1044 1294 Aegypto
1065 1214 1136 1277 eile-

74 1319 139 1372 utus
157 1315 268 1392 animo,
289 1305 379 1374 armis
397 1313 501 1374 ruhem
518 1314 628 1390 coepit,
644 1314 791 1390 jussitque
804 1311 963 1389 militibus,
984 1320 1018 1373 ut
1035 1313 1138 1376 obvios

74 1425 250 1490 quoscumque
276 1413 351 1473 nulli
376 1419 528 1490 parcentes
550 1411 705 1472 caederent
722 1417 779 1472 eto.
807 1437 820 1464 υ
843 1411 908 1472 Hac
928 1415 1057 1490 ratione,
1079 1414 1138 1474 Da·

74 1509 141 1568 melis
153 1512 332 1589 prophetiam
345 1512 556 1589 explanaturus
569 1513 665 1590 pergit
676 1509 891 1586 Theodoretus,
905 1514 989 1588 cujus
1001 1513 1137 1590 omnino,

19 1601 23 1613 '
74 1607 97 1662 in
113 1607 226 1668 hiatoria
240 1610 488 1671 Machabaeorum
507 1626 664 1687 exsurgere
678 1615 832 1685 eventum,
845 1607 1009 1685 Scripturas
1023 1609 1077 1670 hus
1101 1612 1154 1672 ad

73 1705 180 1766 invicem
198 1709 367 1786 conferens,
390 1707 511 1785 pmbnt3
535 1710 621 1768 sicuti
643 1713 730 1768 autea
751 1709 783 1766 in
800 1707 899 1766 verbis
918 1707 1048 1784 ejusdem
1066 1707 1139 1768 Pro·

74 1801 159 1878 phetae
169 1821 341 1881 capena:
357 1831 370 1858 «
384 1806 650 1884 Etmegnllleatum
661 1812 706 1866 est
718 1821 811 1882 usque
822 1805 860 1866 ad
870 1807 1010 1866 uirtutem
1021 1807 1105 1885 caeli:
1124 1833 1136 1858 ιι

73 1898 230 1962 Antiochum
250 1904 430 1980 Epiphanem
447 1907 604 1980 inspiciens
623 1907 733 1981 inquit:
754 1929 767 1954 «ι
785 1905 877 1958 Ταῦτα
891 1904 1053 1978 σαφέστερον
1069 1907 1140 1976 ἡμᾶς

72 1997 140 2054 lviv
155 2001 331 2068 Μονναβαίων
349 2001 458 2068 βίβλος,
480 2000 498 2062 ἥ
517 2024 544 2055 rr
565 2002 666 2075 πρότνι,
686 2003 730 2058 καὶ
751 2001 767 2061 ἦ
790 1999 895 2072 δευτέρον
917 1996 1049 2062 diducant,
1068 2001 1089 2056 i.
1110 2016 1137 2058 e.

73 2090 138 2151 llaec
154 2098 281 2172 apertius
298 2113 353 2156 nos
372 2097 620 2158 Machahaeorum
634 2097 707 2157 liber
726 2099 855 2174 primus,
874 2102 903 2156 et
922 2095 1067 2156 secundus
1081 2095 1138 2171 ,do-

74 2193 116 2247 eet.
142 2216 153 2242 ν
175 2191 325 2253 Adversus
342 2195 567 2257 macedonianos
583 2195 620 2272 (1)
637 2189 802 2270 Sapientiae
825 2194 1028 2254 auctoritatem
1049 2197 1140 2256 sumit

74 2284 171 2348 dietus:
190 2316 202 2341 α
220 2290 274 2346 ΚοιιΙ
289 2295 342 2356 πῶς
362 2291 465 2358 ἀκούεις
487 2297 534 2348 τοῦ
554 2294 686 2366 λέγοντος·
707 2289 746 2348 ὅτι
762 2295 864 2364 πνεῦμα
882 2290 969 2366 κυρίου
991 2293 1138 2364 πεπλήρωκε

73 2383 106 2440 rr't
126 2385 292 2460 οἰκουμένην,
310 2396 355 2447 καὶ
373 2395 402 2448 τό
424 2394 535 2468 συνέχον
558 2396 592 2448 τοὶ
607 2396 694 2450 πάντα
712 2396 805 2466 γνῶσιν
824 2392 882 2466 ἔχει
904 2395 1001 2466 φωνῆς,
1016 2393 1038 2450 i.
1055 2409 1081 2452 e.
1103 2393 1141 2454 llt

75 2482 200 2552 quomodo
211 2486 297 2547 audis
309 2487 411 2566 illum,
428 2493 479 2567 qui
490 2491 578 2550 dicit:
591 2521 603 2533 ·
615 2491 758 2564 Quoniam
777 2488 902 2565 Spiritus
916 2488 1035 2548 Domini
1052 2491 1141 2567 reple

73 2576 107 2636 vit
120 2579 213 2640 orbem
232 2591 444 2665 terraemot
461 2588 540 2666 quod
557 2591 687 2648 continet
703 2590 803 2646 omnia
821 2589 973 2648 scientiam
988 2586 1077 2648 habet
1093 2607 1143 2650 vo

73 2672 113 2732 o‘s.
131 2701 142 2725 ν
157 2679 191 2738 ln
203 2684 386 2756 praefatione
399 2685 512 2746 Canhoi
524 2686 711 2746 Cunhcorum
724 2686 854 2763 eiusdem
870 2685 938 2748 libri
950 2685 1041 2746 verba
1054 2686 1139 2764 legit:

76 2770 259 2855 -contempto
276 2779 386 2858 Spiritu
404 2783 511 2846 Sancto
531 2789 663 2863 proprias
683 2787 835 2862 opiniones
855 2790 1075 2859 consectemur3
1099 2788 1146 2846 tin·

72 2867 202 2943 πιθομένοις
222 2881 258 2948 τῷ
279 2884 363 2945 καλῶς
382 2881 507 2956 ιῖροκὸτι·
526 2885 655 2956 λογισμοοΙ
679 2880 813 2955 ἀνθρώπων
827 2878 862 2942 (2)
878 2882 975 2946 δείλοι,
994 2879 1142 2940 i.e.N01l

73 2969 203 3034 audientes
213 2993 299 3054 enm,
312 2980 362 3054 qul
373 2980 522 3054 praeclare
532 2979 619 3040 dixit:
634 3005 647 3030 ιι
659 2977 856 3056 Cogitationes
865 2979 1019 3038 hominum
1028 2978 1112 3036 viles:
1126 3003 1138 3028 n

72 3065 137 3128 Alibi
157 3075 278 3150 epistola
298 3083 371 3136 114.
394 3078 527 3136 eumdem
550 3077 658 3136 librum
681 3077 803 3154 redigit:
829 3102 840 3126 κ
867 3093 916 3136 eos
936 3076 1073 3154 quidem,
1101 3075 1140 3152 (a)

71 3165 161 3238 quihus
177 3177 304 3250 majores
322 3174 552 3252 dispensationes
568 3179 731 3252 commisit,
753 3178 878 3252 majores
895 3176 986 3251 exigit
1001 3172 1138 3232 ultiones.

72 3261 156 3339 lnquit
175 3272 255 3330 enim
276 3271 425 3348 Scriptura
445 3275 562 3334 divina:
584 3306 596 3318 ·
615 3273 750 3334 Potentes
773 3280 905 3349 potenter
921 3277 1066 3330 tormenta
1088 3286 1139 3350 pa·

72 3361 175 3426 lientur.
194 3394 207 3420 ν
233 3369 317 3430 llaec
333 3377 447 3450 autem,
468 3387 543 3448 quae
560 3388 639 3432 nunc
666 3371 777 3432 contuli
802 3371 987 3446 testimonia,
1010 3367 1142 3430 Theodo-

72 3465 138 3522 fetui
164 3461 288 3544 quasia
312 3468 463 3546 Scriptura
485 3470 587 3530 divina
607 3472 699 3566 petita
721 3468 867 3545 ostendit,
894 3468 932 3528 ab
957 3468 1009 3528 illa
1033 3466 1143 3530 scilicet

71 3552 222 3642 scriptula,
241 3581 318 3644 qliae
335 3569 367 3626 ln
384 3566 576 3630 psalterium:
597 3596 610 3624 o
628 3570 718 3642 Γραφή
740 3568 843 3622 παλαιοί
865 3588 892 3618 τε
916 3567 961 3620 καὶ
980 3566 1054 3624 καινοὶ
1079 3569 1143 3620 (dra-

69 3659 196 3727 urtam,
215 3667 236 3724 l.
259 3681 286 3724 e.
308 3665 457 3745 Scrlpmra
474 3671 595 3746 antiqua
614 3677 643 3732 et
663 3686 740 3730 nova
759 3671 901 3730 divinitis
921 3670 1087 3744 inspirata»
1103 3667 1142 3730 ab

71 3756 225 3822 mdlcitur.
249 3763 287 3840 (4)
904 3847 907 3852 Δ

104 3853 128 3928 S·
149 3858 200 3919 IX.
223 3862 334 3922 Eadem
348 3871 442 3926 aetate
454 3864 625 3926 Patriareha
642 3866 768 3943 Dadjesu
788 3866 978 3926 Nestorianus
987 3870 1076 3942 juxta
1086 3863 1142 3926 Aa·

71 3959 209 4018 semanim
220 3958 401 4024 Bibliotheca
416 3961 558 4024 Orientali
569 3967 809 4026 commentarium
820 3965 983 4040 composuit
993 3961 1031 4039 (5)
1047 3963 1078 4020 in
1090 3961 1145 4020 ali·

93 4179 126 4243 (1)
136 4185 204 4236 rom.
217 4191 247 4240 v.
259 4197 312 4242 aas.
325 4195 409 4257 sapa
426 4195 446 4244 1.
459 4221 489 4232 -
500 4197 534 4260 (r)
545 4199 601 4260 sap.
613 4209 635 4245 ο.
648 4197 691 4246 rx.
705 4203 742 4246 ra
755 4195 829 4260 -ot
840 4198 911 4246 ron.
921 4193 987 4244 aa
997 4193 1054 4255 sup.
1066 4204 1088 4240 c.
1101 4192 1145 4244 tr.

74 4258 93 4304 ⁷·
104 4284 131 4298 -
139 4263 172 4328 (4)
183 4269 211 4318 ln
222 4271 326 4322 Praelat.
337 4275 407 4326 Tem.
421 4279 451 4326 V.
465 4301 495 4314 -
503 4275 537 4339 (a)
548 4279 617 4327 Tom.
631 4278 665 4326 lll
687 4289 711 4340 p.
725 4280 778 4328 tlt.

88 4341 196 4413 Purtl.
778 4367 796 4414 tt
