2964 5174
494 359 653 412 ..gg-

356 563 689 626 PROPOSITIO
722 564 794 624 til.

50 763 86 822 ite
102 761 236 822 Ecclesia
251 761 347 822 ludeo
365 759 517 840 africano,
531 779 581 823 seo
595 761 816 839 carthaginensi
824 803 833 836 ,
849 760 989 839 illiusque
1008 761 1114 824 doctri·

78 877 114 920 aa
133 863 216 920 droa
227 861 396 938 Scripturas
408 859 713 922 camedonensem
726 877 742 919 c
751 861 859 938 primis
871 859 1018 920 ,Ecclesiae
1031 861 1115 922 Clam·

77 963 114 1020 att
126 959 383 1038 oetnttduanaoque
396 958 437 1018 od
445 957 594 1020 succulum
607 961 735 1020 eentum.

76 1155 100 1230 s.
115 1155 140 1214 l.
156 1155 334 1234 Priusquam
347 1159 508 1216 mmmmm
520 1169 675 1232 pergarnus
689 1153 727 1216 ad
740 1153 934 1216 Mauritaniae
947 1172 1014 1216 oras
1025 1171 1115 1217 evam

48 1253 127 1330 gdlea
149 1255 281 1331 semina,
299 1269 374 1331 quae
389 1253 431 1314 lbi
454 1253 585 1330 dispersa
613 1253 747 1328 inerunt,
767 1255 933 1330 pariterque
957 1254 993 1314 de
1014 1253 1116 1317 Blhllts

48 1351 332 1412 Etutam-Canonicls
343 1351 422 1412 illius
440 1351 586 1412 Ecclesiae
597 1351 782 1427 documenta,
796 1367 958 1429 congruum
970 1351 1116 1412 uidebitur

47 1449 192 1510 nonnullas
210 1449 475 1510 animadversiones
491 1449 602 1526 iacere,
625 1465 700 1526 quae
711 1449 790 1510 illius
804 1451 1008 1527 antiquitatem
1022 1457 1118 1510 osten·

47 1547 122 1624 dant,
136 1547 285 1626 simulque
302 1546 517 1625 Scripturarum
534 1564 631 1609 usum,
650 1547 800 1625 Primum,
819 1551 933 1624 punicis
947 1552 979 1609 tn
992 1551 1117 1626 regioni·

48 1645 91 1706 tu
101 1647 290 1725 evangelicae
305 1647 527 1723 praedicationis
547 1647 664 1706 initium
676 1647 938 1724 investigantibus,
958 1664 1017 1706 non
1032 1649 1118 1724 longe

48 1744 91 1803 eit
100 1744 174 1804 illud
188 1761 228 1804 ex
243 1751 337 1806 aetate
356 1745 512 1822 apostolica
529 1746 718 1821 constituere,
737 1747 823 1806 sicsuti
836 1747 924 1804 etlam
939 1745 978 1804 ab
990 1745 1118 1804 Ecclesia

47 1839 256 1902 domnnalllius
272 1841 414 1902 advocare
421 1845 572 1920 originem.
588 1843 691 1918 Quoad
704 1850 803 1902 nutem
811 1843 954 1920 Apostoli,
965 1843 1012 1902 uel
1024 1845 1118 1903 satius

48 1935 113 1998 Patri
138 1937 296 2016 discipuli,
322 1939 429 2000 Christi
450 1939 602 2002 unitatem
622 1942 652 1998 ln
674 1947 767 2000 terras
784 1940 862 2000 illius
883 1942 1009 2017 regionis
1026 1939 1119 2000 bonas

47 2033 310 2116 disseminaverint,
329 2039 366 2098 ab
382 2037 527 2100 historicis
546 2037 747 2098 ecclesiasticis
759 2044 884 2114 oonstat‚
897 2040 986 2098 aetati
1004 2045 1119 2114 aposto·

48 2133 108 2194 llaae
125 2137 288 2213 proximis,
303 2138 353 2214 qul
364 2135 547 2214 Religionem
559 2135 749 2196 christianam
762 2135 863 2212 longe,
879 2136 993 2210 lataque
1002 2139 1066 2211 jam
1082 2135 1120 2194 ah

48 2234 99 2308 titis
118 2232 242 2294 exordio
262 2233 402 2294 diffusam
417 2235 548 2294 uadunt.
563 2233 629 2292 Huc
645 2249 760 2309 quoque
784 2231 916 2308 accedit,
936 2233 1014 2308 quod
1040 2247 1120 2292 mau-

50 2345 134 2390 rorum
150 2337 249 2392 terrae
266 2347 386 2392 romano
402 2333 523 2409 imperio
539 2331 672 2392 subditae
688 2337 810 2408 essent,
821 2337 850 2390 et
865 2336 958 2406 artes,
975 2335 1005 2390 et
1023 2331 1120 2390 studia

50 2425 82 2484 iti
96 2429 230 2506 exemto,
248 2435 278 2490 et
297 2430 414 2490 maiduo
430 2432 546 2518 negotia
560 2445 627 2489 cum
639 2429 742 2490 lisdem
760 2430 889 2488 romanis
908 2433 1121 2503 exercerent3e

53 2525 146 2598 quihus
160 2543 254 2606 aeapm
271 2529 375 2606 conjici
388 2535 496 2605 posset,
511 2535 610 2604 gentes
627 2527 772 2588 airieanas
785 2543 803 2586 a
816 2527 981 2594 christianis
992 2527 1121 2586 romanis

52 2621 191 2702 Evangelii
209 2627 347 2687 verimtes
366 2625 483 2686 edoctas
500 2625 601 2686 luisse.
623 2625 687 2685 Hoc
703 2625 821 2702 quidem
839 2641 857 2684 a
876 2625 1056 2685 Tertulliano
1073 2624 1121 2683 ilr-
1193 2613 1194 2618 ’

52 2727 153 2800 mur,
176 2723 229 2800 qul
254 2729 408 2801 postquam
431 2723 557 2784 liomam
582 2723 788 2800 celebraverit,
814 2723 892 2799 quod
915 2722 1120 2799 Apostolorum

52 2815 408 2897 Peur‚ea1>auii‚toannis
420 2821 716 2882 docuinanobllitata
727 2827 814 2897 meet,
826 2819 1030 2899 subjunglttlt)
1047 2819 1120 2880 «Vi-

52 2913 159 2976 dcamus
174 2917 246 2995 quid
264 2918 412 2995 didicerit,
430 2918 502 2996 quid
516 2919 661 2994 docuerit,
680 2920 752 2995 quid
767 2935 835 2979 cum
849 2918 986 2978 africanis
1004 2933 1121 2995 quoque

53 3011 175 3076 uaeas
194 3018 406 3076 contesserarit.
427 3017 655 3078 »Innocentius
666 3016 797 3092 pontifex
814 3019 846 3075 in
863 3015 985 3092 epistola
1007 3015 1045 3074 ad
1063 3013 1121 3074 De·

53 3115 167 3174 mudum
182 3115 353 3192 iguvinum:
372 3115 430 3174 «In
447 3130 564 3175 omnem
581 3115 696 3174 ltaliam
712 3115 770 3190 (t),
789 3115 899 3191 inquit,
918 3111 1041 3187 Gallias,
1066 3111 1120 3171 Hi·

54 3213 173 3287 spumas,
188 3211 335 3288 Africana,
350 3219 437 3289 atque
453 3211 597 3289 siciliam,
612 3213 778 3288 insulasque
789 3213 993 3286 interjacentes
1006 3209 1120 3268 nullum

55 3307 201 3370 manneae
222 3309 384 3386 Ecclesias,
405 3312 463 3370 nisi
481 3325 546 3386 cos,
560 3325 633 3388 quos
649 3309 823 3370 venerabilis
831 3306 988 3384 Apostolus
1004 3305 1119 3382 Petrus,

54 3411 97 3465 aut
107 3411 169 3484 alus
182 3423 361 3468 summeurae
374 3410 575 3470 consuluerint
588 3408 783 3468 sacerdotes.»
803 3407 827 3465 E
844 3405 949 3482 quihus
959 3404 1056 3464 verbis
1069 3403 1122 3463 Ec·

55 3501 161 3564 ciceiam
177 3504 339 3565 ahicanam
357 3523 375 3566 a
391 3506 525 3567 Romane
542 3512 637 3566 ortam
656 3521 718 3564 esse
738 3505 838 3582 liquet.

85 3601 111 3674 S.
131 3601 170 3662 11.
192 3603 257 3664 Hoc
272 3603 310 3664 de
326 3603 405 3665 illius
421 3606 532 3682 arigium
548 3603 658 3664 dicum
671 3605 725 3679 sit3
749 3602 785 3662 de
803 3601 932 3679 ejusdcm
954 3616 1024 3660 vero
1044 3602 1121 3660 auti·

55 3701 153 3771 quun
178 3701 262 3762 nohis
285 3709 489 3780 argumentum
512 3707 660 3778 praestant
680 3703 786 3760 ueteris
808 3701 953 3761 Ecclesiae
978 3701 1036 3758 viri
1063 3700 1123 3759 lra-

56 3811 146 3875 naeus,
165 3799 361 3877 Epiphanius,
371 3806 401 3860 et
416 3801 543 3860 manime
559 3800 692 3860 Jusdnus
707 3799 745 3874 (a)
762 3799 799 3858 ab
809 3799 1014 3875 Apostolorum
1028 3802 1124 3856 aetate

57 3907 108 3952 non
119 3895 202 3974 longe
213 3897 337 3974 dhtana
352 3900 403 3976 qul
413 3897 701 3974 christianosublque
711 3897 801 3957 fuisse
812 3903 945 3956 testatum
966 3895 1047 3955 «Nec
1059 3909 1120 3953 ma·

59 3991 97 4064 gls
112 3992 218 4054 diliusa
235 4001 278 4056 est
293 3997 391 4056 aalma
416 4011 467 4072 per
489 3997 617 4072 corporis
642 3995 788 4072 membra,
807 4009 896 4072 quam
913 3994 956 4056 llll
971 4009 1023 4070 per
1042 3991 1124 4052 orbis

61 4091 191 4152 terrarum
208 4092 328 4154 urbas.»
344 4093 539 4154 Tertullianus
556 4093 649 4169 idern,
670 4095 720 4171 qui
740 4092 944 4169 Apostolorum
966 4089 1123 4167 discipulos

85 4297 93 4356 i
98 4297 117 4358 1)
131 4301 164 4352 lie
173 4305 314 4370 praescript.
327 4307 492 4357 c.llllel.-
501 4305 535 4371 (t)
546 4306 696 4358 condiniani
705 4307 787 4358 tomi.
797 4305 869 4369 -(t)
880 4305 956 4369 Epist.
966 4301 998 4354 ad
1008 4301 1110 4364 Diogne.
