3094 5184
829 357 970 408 ...3.-

359 482 452 528 annos
473 465 590 542 ser-ipsit
607 467 673 540 post
693 461 841 540 marom,
867 472 919 526 ant
939 463 1157 542 paulominus,
1180 467 1212 524 ni
1233 465 1342 544 ioiior,
1366 475 1429 544 post

358 567 547 626 Artamrsem
567 562 671 639 iilum,
698 561 736 621 de
759 577 818 639 quo
837 564 899 639 ipse
923 565 1100 622 mentionem
1113 562 1204 640 iecit,
1229 571 1264 626 nt
1287 565 1429 626 niihidis·

360 679 502 724 seminus.

399 759 512 836 Sexto,
544 761 570 819 si
590 758 690 818 sedulo
720 760 810 818 eiteto
837 757 968 818 historici
990 757 1080 818 verbo
1101 759 1371 820 animadvertantur
1389 760 1432 818 di·
1537 717 1538 726 ἵ

359 861 476 919 eeutis:
514 881 528 910 a
543 856 678 918 Ceterm
710 857 749 916 nh
783 859 905 932 imperio
929 856 1102 916 Artaxerxis
1127 865 1197 917 snut
1229 857 1348 933 quidem
1376 859 1433 916 sin·
1537 886 1538 918 r

359 957 429 1034 gule
454 955 559 1016 litteris
590 954 746 1032 mandata,
783 953 842 1014 fida
868 970 939 1014 vero
967 971 1028 1014 uon
1052 955 1117 1030 pari
1143 955 1180 1012 iis
1210 959 1344 1029 reputate
1368 960 1435 1015 snut

359 1065 435 1132 quae
458 1058 544 1112 auten
567 1052 705 1129 ineram,
729 1068 763 1110 eo
791 1052 869 1128 quod
893 1069 954 1112 uon
975 1053 1064 1112 inerit
1076 1051 1288 1127 Prophetarum
1301 1059 1434 1112 eeeureto

361 1152 507 1212 sneeessio
521 1174 559 1226 n,
588 1153 620 1208 iu
635 1150 726 1209 olium
745 1151 896 1225 soopuinm
910 1149 1013 1213 inridit
1030 1149 1160 1210 Flavius.
1184 1149 1273 1208 Nulla
1296 1155 1341 1210 est
1360 1153 1435 1210 enim

359 1249 388 1306 ei
400 1253 481 1308 reeta
499 1246 643 1324 arguendi
665 1247 740 1306 ratio
757 1246 828 1306 dnm
846 1250 888 1306 eit
900 1245 1064 1323 Scripturas
1076 1261 1175 1306 suares
1188 1253 1254 1322 post
1266 1245 1435 1308 Artaxerxis

357 1349 483 1404 mtetem
504 1343 596 1402 editos
619 1345 763 1404 minorem
781 1347 985 1404 anctoritatem
998 1344 1203 1421 praeseferre,
1230 1361 1265 1404 eo
1284 1346 1433 1422 quednon

358 1441 449 1514 interit¹
478 1441 691 1517 Prophetarum
719 1448 857 1501 eoeureta
884 1445 1039 1502 sneosssio.
1067 1443 1204 1518 Quisquis
1224 1445 1322 1519 sepit,
1344 1443 1435 1520 juder

360 1541 400 1600 sit
423 1539 511 1616 hujus
531 1540 593 1615 rei,
618 1544 649 1598 et
672 1541 848 1616 ‹prieumque
869 1543 953 1600 uouit
971 1543 1138 1618 radonem,
1175 1557 1233 1618 qno
1265 1541 1369 1600 divino
1391 1557 1435 1601 re·

358 1637 467 1698 relatm
501 1636 636 1696 homines
665 1643 753 1714 agat,
786 1643 816 1697 et
847 1634 901 1695 Dei
933 1639 1053 1712 spiritns
1085 1653 1187 1698 eorum
1219 1639 1311 1697 menti
1337 1639 1433 1698 instet.

361 1735 490 1796 Historia
513 1735 654 1812 forsitan,
679 1736 728 1795 vel
752 1735 833 1795 aliud
851 1738 993 1812 seriptum
1008 1736 1235 1818 quodcumque,
1257 1741 1291 1795 ut
1304 1736 1436 1796 divinum

361 1833 541 1910 appelletur,
570 1839 600 1894 et
623 1833 741 1892 meiesti
761 1834 882 1892 omnino
903 1835 1093 1908 inspiratione
1123 1833 1249 1893 ditatum
1279 1833 1434 1908 medetur,

361 1947 478 1992 neeesse
499 1934 573 2009 erit,
595 1937 630 1991 nt
651 1931 783 1991 humens
805 1932 963 1991 auetoritos
976 1930 1050 1990 iilud
1068 1930 1240 2008 suiiuieint,
1264 1932 1435 1991 etvirorum

359 2029 538 2105 multitudo,
562 2031 614 2106 qui
635 2031 688 2088 uni
709 2029 793 2088 eiteri
814 2028 973 2088 ordinatim
988 2029 1167 2105 meeednnt,
1193 2029 1231 2088 ed
1243 2028 1346 2106 rebus,
1361 2044 1434 2106 qnae

360 2133 556 2204 enarrentur,
578 2125 785 2188 conterendum
798 2128 1021 2188 testimoninm?
1039 2126 1087 2204 Si,
1096 2131 1184 2204 Juxta
1197 2127 1354 2188 hebraeum
1367 2131 1436 2188 smi-

358 2229 493 2301 ptorem,
517 2226 590 2284 haee
612 2241 671 2286 uua
695 2227 770 2286 ratio
792 2233 888 2301 esset,
914 2225 952 2286 ad
976 2226 1118 2286 hbrornm
1130 2227 1321 2286 beuoerornm
1334 2232 1432 2286 αιιεω-

361 2324 478 2382 ritatem
490 2324 741 2400 imminuendoru,
766 2323 924 2384 admodum
935 2327 1032 2384 tenuis
1046 2324 1266 2402 mihiridetur,
1291 2324 1436 2385 nedieum

360 2419 493 2496 insulsa,
525 2436 560 2480 ee
585 2422 717 2500 indigno
748 2425 908 2499 nnomris,
942 2423 994 2498 qui
1017 2425 1049 2480 in
1075 2439 1227 2501 synagoge
1243 2423 1364 2500 judeiea
1384 2423 1436 2482 do-

361 2520 450 2578 etoris
480 2524 510 2577 et
531 2521 697 2595 interpretis
714 2519 832 2579 divinae
857 2519 930 2597 legis
951 2537 1058 2581 nomeu
1076 2525 1181 2598 jeetet.
1207 2520 1265 2580 Ubi
1281 2520 1435 2579 historiens

362 2615 436 2676 mihi
447 2619 609 2693 muressis,
634 2617 689 2676 hns
700 2617 865 2694 Scriptores
878 2617 995 2678 divinas
1013 2633 1100 2695 esse,
1126 2617 1205 2696 qnod
1221 2633 1238 2676 o
1254 2619 1317 2677 suis
1328 2617 1435 2677 eisdem

271 2725 272 2730 ’
360 2713 445 2774 dietis
467 2717 600 2791 eruitm,
626 2731 720 2795 neque
736 2718 798 2792 ipse
819 2723 928 2793 negat,
951 2718 1049 2776 neseio
1070 2716 1141 2791 quid
1160 2714 1344 2776 differentiae
1362 2717 1436 2775 iuter

361 2812 416 2872 hes
444 2812 618 2872 subintroire
639 2817 756 2890 possit,
794 2814 866 2874 dum
887 2830 988 2873 omnes
1007 2817 1115 2890 pariter
1135 2829 1152 2872 e
1175 2814 1277 2873 divino
1301 2812 1383 2872 fonte
1408 2817 1437 2872 et

361 2909 463 2968 eadem
484 2912 605 2971 rerimte
624 2919 773 2972 emanant.
796 2911 850 2972 Vei
862 2914 888 2970 si
900 2913 958 2972 aiio
974 2911 1060 2972 modo
1077 2913 1166 2972 sentit
1177 2911 1354 2988 historiens,
1369 2925 1435 2970 sau·

361 3011 477 3067 etornm
500 3007 661 3068 Bibhornm
688 3009 871 3068 divinitatem
896 3025 913 3066 e
940 3009 1122 3068 sueeessione
1146 3007 1362 3084 Prophetarum
1389 3005 1436 3066 rei

361 3105 536 3182 scriptorum
557 3109 684 3184 exoriri,
711 3110 762 3183 qui
783 3107 883 3166 sedudo
909 3106 1015 3182 robus,
1049 3121 1125 3184 qnae
1149 3106 1188 3166 oh
1211 3121 1313 3164 eorum
1337 3103 1437 3164 oeulos

362 3202 546 3281 aesiderant,
583 3204 779 3264 descrihendis
812 3211 974 3281 vacarunt3
1010 3207 1041 3263 in
1065 3203 1144 3280 hoe,
1183 3206 1328 3280 inquom,
1368 3217 1437 3262 sune

360 3303 466 3362 mentis
493 3303 696 3362 rectitudinem
726 3302 849 3378 prohero
877 3318 1008 3380 nequeo,
1034 3317 1102 3362 eum
1129 3301 1203 3360 mihi
1221 3301 1437 3376 Scriptumrum

360 3399 547 3461 divinitatem
576 3401 696 3478 obiiciat
716 3417 754 3460 ex
780 3401 933 3460 hominnm
961 3411 1053 3476 eura,
1087 3406 1118 3459 et
1142 3399 1316 3476 diligentia,
1344 3413 1437 3474 nequa

360 3511 377 3554 s
401 3497 525 3573 simpliei
551 3497 605 3558 Dei
627 3498 828 3574 providentia,
852 3499 921 3574 qni,
944 3505 983 3558 ut,
998 3498 1060 3558 sihi
1080 3497 1193 3574 pieeet,
1224 3497 1263 3557 ad
1286 3501 1435 3556 ereeturos

359 3594 510 3672 requiam,
531 3611 581 3656 ees
605 3599 666 3656 suis
685 3597 717 3654 in
737 3596 850 3656 antibus
865 3595 982 3674 dirigit,
1007 3599 1068 3656 suis
1081 3595 1306 3674 eogitationihus
1319 3599 1435 3670 praesto

361 3690 477 3767 adstet,
510 3708 547 3751 ee
569 3693 692 3753 dirersis
712 3693 920 3770 temporibus,
946 3695 1092 3770 'varioque
1116 3709 1262 3768 sermone,
1280 3692 1434 3766 homiues,

361 3791 481 3848 omuino
499 3805 600 3850 eornm
621 3794 719 3866 euris,
746 3807 783 3852 ee
809 3791 905 3850 shrdio
929 3793 1086 3867 sepositis,
1113 3805 1163 3852 eos
1190 3789 1229 3849 ad
1250 3787 1436 3850 scribendum

361 3894 459 3946 votat.

401 3981 549 4062 Septimo,
570 3989 641 4046 satis
662 3993 777 4047 oonstat
794 3987 938 4063 judaeos,
962 3988 1097 4063 quamvis
1109 3985 1242 4061 debiles,
1265 3983 1432 4057 instobiies,

360 4085 391 4139 at
420 4080 459 4140 ad
486 4082 558 4159 legis
590 4087 850 4161 transgressionem
879 4099 1012 4160 pronos,
1051 4089 1180 4144 attam
1217 4083 1300 4141 veris
1333 4080 1435 4140 didus

359 4193 449 4240 manu
468 4195 619 4256 pereussos
642 4182 680 4242 ad
702 4184 827 4258 priorem
848 4182 969 4259 legum,
998 4187 1027 4242 et
1048 4181 1196 4258 religionis
1218 4177 1433 4240 observantium

359 4292 490 4339 reversos
510 4293 594 4353 esse;
615 4285 644 4338 et
667 4278 705 4338 oh
731 4280 786 4340 hoe
810 4282 904 4340 ineis
926 4296 943 4340 a
965 4277 1068 4357 Moyse
1089 4295 1182 4355 usque
1204 4277 1243 4338 ad
1271 4274 1429 4338 Seivetoris
