3086 5182
420 499 509 562 mam
528 485 601 547 illud
624 487 732 546 faciant
753 503 921 563 synagogae
937 487 1090 548 hebraicae
1106 490 1246 565 magistri.
1264 491 1395 574 Chaldaei,
1414 513 1448 560 ao

419 585 532 662 gyptii,
554 585 666 661 graeci,
688 587 801 644 romani
815 587 942 660 persicae
963 580 1150 646 monarchiae
1169 589 1342 663 assignarunt
1356 602 1448 657 acrama

415 681 476 742 lere
494 681 656 743 biscentum
679 693 843 759 annorum,
865 679 969 760 quibus
993 687 1077 742 varia
1099 683 1246 761 multaque
1264 687 1319 746 lata
1336 691 1409 752 subiit
1423 696 1447 752 il·

415 775 467 840 lud
487 783 650 856 imperium.
671 778 877 856 Xenophontas
893 797 930 842 ex
947 779 1016 858 illis,
1038 777 1189 860 Polybius,
1210 777 1377 864 Priamum,
1396 789 1446 850 Cor·

415 880 510 940 nelius
535 879 656 957 Nepos,
681 876 823 940 Diodorus
843 875 957 940 Siculus
980 881 1114 942 veterum
1141 883 1269 959 gentium
1292 883 1372 944 lasus
1391 889 1449 948 oolli-

415 979 526 1056 gentes,
548 991 649 1056 regom
668 979 846 1054 persicomm
865 981 1030 1038 censionem
1049 978 1166 1056 iecere,
1187 983 1237 1056 qul
1256 987 1345 1056 aperte
1361 990 1452 1046 maun

416 1074 594 1153 praedictam
614 1077 800 1138 confirment.
823 1078 867 1136 Ex
889 1077 998 1138 eisdem
1017 1071 1206 1154 scriptoribus
1227 1073 1350 1140 educitur
1367 1099 1451 1143 monar-

416 1177 514 1236 chiam
531 1193 682 1254 persarum
696 1221 706 1253 ,
723 1179 810 1254 juxta
823 1179 927 1236 seriem
945 1183 1111 1238 accuratam
1125 1219 1134 1252 ,
1156 1171 1305 1238 duodecim
1317 1195 1363 1240 sen
1372 1183 1450 1242 oste

416 1277 474 1334 cim
499 1289 584 1352 reges
606 1285 780 1351 numerare,
808 1276 860 1351 qui
884 1273 1021 1336 deantur
1044 1275 1163 1354 Cyrus,
1185 1273 1360 1354 Canrbyses,
1378 1279 1450 1356 Magi,

415 1371 522 1433 Darius
551 1374 737 1451 Hystaspes,
762 1373 900 1451 Xerxes,
926 1375 1104 1434 Artaxerxes
1127 1375 1352 1452 Longomanus,
1372 1376 1451 1438 Xerxe

416 1473 571 1546 secundus,
584 1471 690 1532 Darius
699 1471 825 1548 Nothns,
840 1471 1017 1533 Artaxerxes
1031 1465 1182 1550 Memnon,
1192 1469 1361 1534 Artaxerxes
1373 1474 1451 1550 Ocho,

416 1570 554 1629 Arsames
575 1569 650 1631 Ochi
674 1567 776 1647 filius,
802 1563 907 1630 Darius
938 1569 1132 1630 Godonranus.
1155 1572 1295 1644 Quereris
1317 1577 1453 1648 autemut

418 1669 572 1746 dicebam,
594 1673 735 1746 omnaque
752 1665 870 1728 illorum
884 1671 954 1728 anni
972 1685 1032 1729 non
1056 1669 1221 1730 habeantur
1240 1672 1326 1746 certi,
1344 1669 1452 1730 alhibni

416 1782 472 1826 nus
495 1767 531 1826 de
549 1769 687 1828 universa
706 1765 892 1826 monarchiae
913 1773 1006 1828 aetate
1025 1767 1087 1827 fere
1106 1771 1286 1829 conveniunt
1298 1769 1453 1843 praediciti

415 1867 524 1925 storiei.
548 1864 605 1926 Sed
619 1881 724 1942 param
745 1871 820 1924 esset
842 1865 879 1924 ab
899 1865 1083 1926 ethnicorum
1101 1868 1290 1926 monimentis
1310 1867 1379 1926 banc
1394 1867 1452 1926 oola-

413 1967 523 2024 tionem
536 1977 700 2039 excerpere,
717 1963 774 2023 nisi
789 1959 934 2025 Ecclesiae
947 1967 1102 2041 scriptores
1120 1981 1237 2042 quoque
1251 1964 1332 2024 nobis
1349 1965 1453 2042 suffragi·

414 2070 524 2122 rentur.
546 2057 679 2122 Clemens
699 2055 907 2123 alexandrlnus
921 2059 996 2122 libro
1011 2081 1035 2122 1.
1054 2063 1235 2124 stromatum
1255 2065 1310 2123 alt:
1335 2062 1381 2122 «A
1396 2070 1451 2138 caph

414 2168 511 2221 autam
533 2159 683 2238 babylone
702 2160 740 2220 ad
764 2167 887 2220 mortem
904 2159 1089 2237 Alexandri,
1118 2163 1196 2228 anni,
1209 2167 1326 2221 centum
1343 2164 1451 2236 octogim

413 2277 499 2322 sex.»
522 2256 680 2321 Africanus
696 2263 823 2338 pariter,
842 2261 1003 2339 Eusebius,
1023 2260 1239 2339 Hieronymus,
1261 2259 1451 2339 Syooellushrir

414 2361 543 2435 opinioni
561 2358 727 2418 cohaerent.
749 2360 882 2436 Vossius,
903 2359 1045 2436 Pridaux,
1067 2355 1178 2418 Pearon
1198 2359 1325 2436 aliiqne,
1344 2371 1452 2432 mmamn
1501 2423 1502 2454 1

414 2473 517 2534 regum
536 2455 640 2516 seriem
658 2455 697 2516 ad
712 2473 778 2517 eam
793 2464 916 2517 aetatem
929 2459 1068 2534 retulere,
1089 2475 1128 2518 cx
1141 2472 1199 2534 quo
1213 2457 1346 2516 hauritur
1361 2454 1452 2514 mulos
1501 2477 1502 2553 y

414 2560 443 2614 et
464 2553 639 2615 cbrbtianos
663 2557 817 2632 scriptores
838 2555 895 2616 boc
916 2557 947 2615 in
971 2573 1061 2616 censu
1086 2557 1254 2616 cnvenire.
1282 2551 1452 2615 Tantummodo

409 2654 508 2728 judaei
534 2654 618 2716 nobis
637 2655 668 2714 in
688 2649 745 2714 hoc
768 2655 985 2731 adversantur,
1017 2655 1116 2715 multis
1136 2657 1216 2714 auhn
1238 2655 1350 2714 silentio
1367 2649 1450 2710 manh-

413 2755 453 2812 tts
474 2769 624 2828 persarum
642 2750 781 2830 regibus,
802 2753 887 2812 firmo
907 2759 1007 2813 tenent
1026 2769 1148 2830 regnum
1166 2753 1314 2829 persicum
1330 2753 1359 2809 in
1369 2747 1453 2823 Assyr'e

414 2866 466 2924 per
485 2866 577 2910 annos
595 2854 709 2910 tantum
730 2851 924 2928 quadraginta
950 2851 1024 2912 duos
1046 2853 1170 2911 stetisse.
1192 2848 1254 2910 Sed
1272 2843 1452 2926 hujusmodili·

415 2952 601 3025 screpantia,
627 2955 656 3008 et
683 2949 800 3026 quidem
827 2952 971 3025 maxima,
996 2955 1126 3008 nostram
1145 2947 1453 3018 reuocauerunt

413 3047 550 3122 probetur
569 3047 634 3124 quis
659 3046 777 3122 horum,
800 3053 899 3106 nuum
922 3041 1062 3120 hebraei,
1087 3062 1126 3106 an
1148 3047 1273 3124 gentiles
1294 3051 1321 3104 et
1338 3039 1451 3102 christani

414 3145 502 3205 iidem
520 3151 650 3204 nostram
671 3149 846 3204 mercantur.
868 3144 1027 3204 Christiani
1041 3145 1070 3204 et
1083 3147 1255 3220 praesertim
1277 3143 1388 3221 gentiles
1402 3137 1453 3196 obit

414 3246 483 3304 stati
509 3250 579 3303 sunt
601 3245 663 3303 sine
684 3246 811 3319 partium
831 3243 928 3303 studio
949 3243 1148 3303 monarchiam
1168 3259 1321 3319 persarum
1339 3245 1378 3298 tot
1397 3235 1452 3294 anub

414 3345 628 3419 permansisse,
649 3341 869 3416 historicorum,
891 3343 941 3418 qui
961 3357 1010 3401 eos
1024 3355 1225 3418 praecessere,
1248 3331 1453 3401 auemmatesri·

414 3441 490 3501 fulti.
517 3441 558 3500 At
577 3445 679 3500 eontm
698 3443 830 3517 arguitur
850 3439 887 3498 de
906 3433 1060 3516 hebraels,
1082 3441 1133 3516 qui
1152 3439 1234 3498 hand
1254 3437 1361 3512 absque
1376 3430 1453 3491 nabit

413 3549 476 3602 tam
497 3541 616 3600 brevem
638 3543 760 3599 aetatem
783 3544 987 3598 concesserunt
1003 3553 1153 3612 persarum
1173 3538 1297 3612 imperio
1316 3531 1345 3591 in
1357 3527 1452 3604 lapi·

414 3639 533 3698 Flavius
554 3639 686 3698 censetur
701 3639 776 3696 inter
791 3652 858 3712 eos,
880 3637 963 3712 quasi
987 3637 1115 3711 primns,
1136 3636 1186 3712 qui
1208 3637 1241 3692 in'
1264 3632 1344 3691 libris
1361 3625 1452 3687 Ambit

413 3738 508 3814 lagiae
526 3737 679 3796 hebraicae
699 3731 778 3794 huno
797 3734 943 3794 caleulum
962 3733 1094 3809 reducit,
1124 3735 1172 3792 cui
1190 3731 1280 3792 ceteri
1296 3725 1412 3805 megisti
1424 3736 1455 3796 ll·
1498 3769 1499 3778 κ

411 3852 544 3913 nagogae
560 3835 767 3911 obsequuntur.
790 3833 825 3893 ld
842 3832 920 3893 clare
938 3832 1064 3892 adsumi
1084 3847 1178 3908 nuper
1195 3831 1355 3890 celebratm
1373 3825 1453 3884 Perit

412 3936 506 4011 capite
525 3933 678 3992 undecimo
689 3932 751 3992 -De
770 3931 951 4008 Antiquitatc
974 3935 1182 4008 temporum.
1203 3930 1232 3989 Is
1247 3934 1347 3988 contm
1364 3920 1453 4000 judaeo

412 4031 545 4108 disserit,
560 4046 619 4089 non
632 4037 757 4106 quatuor
775 4031 891 4091 tantum
910 4031 1058 4088 nummati
1078 4043 1160 4105 reges
1179 4041 1349 4104 persarum,
1367 4018 1455 4090 molt

413 4129 533 4190 scribit:
559 4128 664 4188 «llaec
685 4129 785 4204 utiquc
800 4125 959 4188 artlbcmsa
976 4133 1021 4187 est
1033 4125 1224 4186 hebraeorum
1240 4120 1397 4200 ignorantia
1407 4125 1453 4170 mr

413 4228 470 4286 nisi
488 4243 525 4286 cx
541 4228 645 4285 intima
659 4225 777 4286 illomm
789 4224 974 4302 improbitate
987 4239 1137 4284 emanans.
1155 4223 1264 4282 Eorum
1282 4229 1399 4291 namque
1412 4221 1453 4268 1¹1⁸·

413 4325 496 4400 gistri
518 4323 591 4382 bene
613 4328 759 4382 noverunt
785 4338 927 4400 graecos,
954 4336 1117 4398 romanos,
1145 4321 1241 4398 plures
1263 4329 1402 4395 persarum
1425 4320 1452 4363 ii*
1497 4315 1498 4320 ’
