2964 5174
562 227 568 257 i

715 364 747 384 κ
788 335 971 388 ··--138-·.Α

337 442 473 521 Origene,
490 445 574 504 lacile
587 446 697 520 percipi
713 451 807 519 potest
824 444 919 520 qualis
935 443 1023 503 luerit
1039 443 1167 520 ejusdem
1184 445 1333 506 Alexandri
1349 449 1389 510 da-

338 544 433 600 ctriaa
461 545 493 600 in
513 544 739 618 palaestinorum
766 544 883 620 regione
912 541 1077 619 praedicata
1100 539 1136 602 de
1154 542 1253 603 Bibliis
1268 543 1391 607 uuum.

337 639 401 699 Hoc
417 657 532 717 quoque
544 641 678 700 firmatur
695 659 732 702 ex
743 641 881 701 Africano
898 642 1058 718 palaestino
1074 643 1212 717 scriptore
1228 641 1339 719 Origem
1349 648 1394 721 ipsi

296 753 302 770 ⁸
335 739 461 815 aequali,
476 741 527 816 qui
546 739 584 798 ad
600 740 734 800 eumdem
757 740 858 799 scribit
876 740 1030 799 considens
1051 739 1088 799 de
1104 741 1226 799 historia
1245 741 1393 818 susannae,

337 853 426 911 quam
446 837 562 897 hebraei
583 839 765 914 respuebant.
789 839 824 896 ln
841 839 941 897 eadem
960 838 1081 913 epistola
1097 854 1167 896 vero
1177 837 1327 898 Africanus
1342 839 1395 898 Ori-
1439 835 1440 882 l

337 938 403 1012 geni
421 934 531 1012 objiciit
545 936 653 996 librum
669 937 795 1012 Tobiae,
811 953 898 1014 wem
916 940 1026 1012 pariter
1043 939 1158 1012 uirique
1174 952 1277 996 verum
1290 952 1322 994 ac
1335 937 1397 995 diri·

338 1050 410 1098 num
428 1035 617 1111 accipiebant.
636 1037 754 1096 Praeter
767 1037 859 1112 haee,
874 1035 1089 1095 animadvertas
1102 1034 1170 1093 volo
1190 1051 1243 1110 pro
1269 1051 1300 1092 re
1313 1041 1398 1094 nosue
1441 1035 1443 1092 i

336 1129 489 1210 origenem
508 1151 559 1210 per
578 1135 686 1194 multos
703 1151 795 1194 annos
811 1133 968 1194 Caesareae
976 1133 1157 1193 Palaestinae
1167 1133 1299 1191 docuisse
1315 1147 1398 1192 sacras

337 1229 519 1308 Scripturas,
541 1231 732 1308 undequaque
749 1232 787 1291 ob
805 1232 861 1291 hoc
877 1231 1090 1291 confluentibus
1108 1229 1298 1289 auditoribus.

375 1329 402 1404 S.
419 1329 471 1388 IX.
489 1330 601 1389 Saeculi
615 1334 713 1408 quarti
725 1333 826 1407 initio,
840 1329 982 1390 Eusebius
996 1329 1151 1388 Caesareae
1164 1328 1343 1388 Palaestinae
1354 1331 1400 1404 epl·
1446 1331 1447 1346 ¹

336 1442 440 1501 scopus
461 1428 582 1504 claruit,
605 1433 688 1506 cujus
707 1429 859 1488 volumina
878 1429 1006 1505 plurima
1025 1428 1063 1486 ab
1083 1444 1117 1486 eo
1138 1426 1216 1485 edita
1234 1427 1314 1484 illius
1334 1428 1400 1503 inge
1447 1404 1449 1484 Ῐ

336 1525 437 1600 ulum,
462 1525 661 1603 diligentiam,
683 1527 812 1586 studium
835 1526 1009 1604 ostendunt,
1028 1533 1057 1584 et
1080 1527 1111 1584 in
1133 1525 1242 1584 divinis
1262 1523 1401 1600 seripturis
1449 1545 1450 1562 ¹

337 1626 499 1684 maximum
512 1625 664 1698 perhibent
679 1627 927 1702 investigatorem.
941 1625 965 1682 Ε
978 1628 1039 1683 suis
1053 1626 1168 1701 seriptis
1181 1625 1276 1683 multa
1289 1625 1401 1698 periere,
1450 1617 1451 1636 ¹

338 1721 383 1780 vel
401 1722 532 1780 nondum
551 1723 589 1781 ab
602 1722 724 1782 occultis
742 1725 852 1800 cryptis
871 1729 1003 1782 veterum
1019 1721 1262 1780 bibliothecarum
1279 1724 1310 1778 in
1323 1720 1403 1779 luoem
1452 1761 1453 1778 .

336 1817 535 1893 prodiverunt.
552 1819 597 1879 Ex
613 1820 660 1879 his
678 1819 784 1898 modo,
799 1837 874 1898 quae
888 1826 1060 1897 supersunt,
1079 1821 1291 1906 inuestigantes
1303 1817 1404 1878 Eusebi
1453 1831 1454 1844 ¹

336 1915 540 1993 deScripturis
552 1917 1137 1978 Beatam-Canonicisueterisiestamenti
1147 1915 1404 1991 sententiam,heee
1454 1901 1456 1978 Ὗ

337 2031 353 2072 e
371 2017 432 2073 'suis
445 2014 528 2074 libris
543 2019 674 2091 excipere
689 2019 781 2092 potui.
804 2015 927 2075 Messiae
942 2016 1099 2075 adventum
1114 2030 1132 2073 a
1146 2015 1250 2090 priscis
1267 2013 1404 2088 Prophetis

336 2112 463 2188 probans
480 2114 518 2190 (1)
533 2117 609 2173 inter
629 2115 702 2172 alios
721 2120 818 2174 censet
834 2114 967 2189 Baruch,
978 2117 1027 2190 qui
1041 2117 1083 2172 sic
1103 2115 1220 2191 incipit:
1242 2140 1255 2164 a
1277 2115 1325 2174 Tlr
1338 2110 1405 2176 ἀνέβη
1457 2117 1459 2192 ᾗ

337 2207 375 2272 εἰς
393 2212 436 2264 τόν
453 2212 575 2286 ου’ρανόν,
589 2214 635 2267 aar*
652 2209 746 2276 ἔλαβεν
763 2213 954 2279 αὐτῆν;(δη“λοι
968 2213 994 2264 δέ
1008 2212 1053 2270 τήν
1063 2212 1170 2285 σοφίαν]
1181 2214 1224 2266 καί
1242 2209 1405 2277 κατεβίβασεν
1459 2257 1460 2268 ,

334 2299 414 2358 au'rn'u
434 2301 461 2356 ἐκ
483 2307 528 2356 τῶν
545 2305 651 2376 sepibus
663 2321 669 2363 ;
730 2306 809 2356 ..καὶ
827 2303 882 2365 τοῖς
896 2301 1034 2375 ἀνθρώποις
1050 2305 1257 2378 σοναοεστροίφη·
1276 2303 1347 2356 οὐδὲν
1361 2301 1404 2354 a’rr·

334 2395 421 2464 λὲγειν
444 2396 483 2448 δεῖ
501 2398 560 2456 ταῖς
586 2394 670 2458 Sarnade
691 2399 803 2468 φωναῖς,
823 2396 932 2469 ἐναργῶς
954 2395 988 2464 τῷ
1006 2393 1171 2467 προβλήματι
1193 2395 1408 2467 παρισταμένας,
1461 2403 1462 2408 ’

335 2487 356 2542 i.
372 2501 398 2543 e.
415 2487 487 2559 Quis
505 2487 635 2546 ascendit
647 2489 679 2544 in
692 2487 824 2563 eoelum,
842 2493 871 2546 et
888 2489 997 2562 accepit
1010 2487 1095 2544 eam?
1113 2485 1235 2560 (indicat
1252 2492 1353 2545 autem
1365 2485 1407 2544 Sa·

335 2584 487 2659 pientiam)
510 2591 539 2644 et
552 2585 673 2645 deduxit
690 2602 755 2644 earn
774 2586 811 2645 de
829 2585 978 2644 nubibus?
1000 2584 1044 2659 (et
1061 2586 1191 2660 sequitur
1208 2600 1306 2660 usqua
1319 2583 1356 2643 ad
1368 2599 1406 2642 ca·

335 2681 403 2755 pitis
416 2680 522 2758 linem)
538 2687 567 2742 et
580 2699 648 2744 oum
660 2683 828 2743 hominibus
842 2689 1032 2743 conversatus
1044 2689 1098 2741 est.
1121 2681 1202 2740 Nihil
1215 2681 1325 2741 addere
1337 2698 1408 2758 opor·

334 2783 377 2837 tet
388 2779 497 2839 divinis
511 2781 648 2858 vocibus,
661 2797 735 2858 quae
750 2773 997 2840 abundantissime
1007 2782 1187 2856 propesitum
1197 2778 1381 2839 confirmant.
1395 2805 1405 2827 a

336 2875 485 2937 Adversus
499 2879 669 2939 Marcellum
685 2881 735 2939 lib.
754 2897 792 2939 ιι.
810 2897 874 2957 cap.
892 2897 915 2939 1.
933 2880 971 2939 ad
985 2877 1118 2938 eumdem
1132 2877 1313 2954 Prophetam
1326 2879 1406 2938 redit:

339 3001 350 3024 a
373 2979 426 3029 Καὶ
448 2978 541 3049 reodola
561 2977 621 3044 ἕξῆς
637 2979 759 3052 Ἱερεμίου
780 2981 826 3031 τοῦ
844 2978 974 3051 προφήτου
994 2979 1052 3050 περὶ
1072 2978 1118 3039 τῆς
1138 2975 1355 3050 ἕνανθραπήσεως
1372 2983 1409 3028 τοῦ

333 3075 449 3145 Σωτῆρος
469 3079 555 3146 σαφῶς
576 3074 717 3146 εἰρηκότος
740 3077 807 3146 perol
828 3079 912 3130 ταῦτα
931 3076 974 3130 ε’πὶ
991 3078 1036 3137 τῆς
1052 3077 1101 3148 γῆς
1120 3073 1212 3148 ὤφθη,
1232 3076 1277 3128 καὶ
1301 3076 1356 3136 τοῖς
1373 3075 1409 3125 οἷο-

333 3165 442 3238 &pauore
463 3167 668 3240 ουνοινεστροὶφη·
691 3169 733 3222 r'rrr'
754 3171 796 3222 τάν
811 3168 909 3240 πατέρα
923 3167 1044 3241 ἀναφέρει
1061 3170 1091 3221 ro'
1104 3166 1192 3239 λογίον
1206 3167 1312 3241 φάσκων
1328 3167 1409 3228 αὐτοῖς

331 3259 461 3331 ῥήμασιν,
481 3262 502 3317 i.
525 3276 550 3318 c.
572 3260 608 3319 Et
627 3259 786 3335 procedens
805 3260 873 3319 inde
892 3259 1076 3335 (Marcellus)
1097 3275 1165 3318 cum
1182 3257 1331 3333 Propheta
1348 3259 1407 3318 llic-

335 3359 439 3416 remias
450 3358 558 3417 diceret
571 3365 669 3432 aperte
682 3358 718 3415 dc
731 3355 1101 3416 lncernationesalratoris
1111 3374 1118 3413 :
1130 3354 1223 3414 -Posi
1233 3354 1307 3414 haec
1321 3357 1407 3414 inter

334 3472 367 3514 ra
380 3459 462 3516 alsus
474 3464 533 3532 est,
543 3463 572 3516 et
585 3473 652 3516 cum
665 3456 832 3515 hominibus
842 3461 1046 3514 conversatus:
1059 3487 1072 3499 ·
1081 3453 1128 3513 Ad
1137 3454 1254 3513 Patrem
1265 3453 1340 3513 illud
1352 3470 1408 3512 ora-

333 3553 433 3613 culum
449 3555 537 3613 refert
550 3556 650 3614 dicens
664 3555 709 3613 his
729 3555 835 3613 verbis.
856 3579 868 3603 »
886 3552 974 3629 Apud
990 3553 1163 3628 Procopium
1182 3557 1262 3610 extat
1278 3553 1367 3610 index
1380 3551 1407 3608 li·

333 3651 452 3710 brorum
473 3651 711 3727 Propheiicorum
727 3657 814 3729 juxta
835 3650 1010 3726 Eusebium,
1031 3652 1083 3727 qui
1105 3651 1273 3709 summatim
1294 3651 1357 3725 agit
1376 3647 1408 3705 de
1432 3665 1434 3669 ’

334 3751 419 3809 rebus
435 3769 507 3828 quies
525 3755 647 3830 quisque
663 3753 807 3830 Propheta
822 3752 1031 3826 complectitur.
1048 3751 1082 3808 ln
1098 3750 1143 3809 his
1157 3757 1327 3808 numeratur
1340 3763 1406 3824 quo·

333 3865 390 3925 qne
407 3849 540 3927 Baruch,
561 3852 597 3910 dc
615 3867 674 3927 quo
692 3852 846 3910 stolatus:
867 3877 879 3900 a
895 3851 999 3908 Ἐπειδὴ
1020 3845 1093 3911 οὗτος
1112 3847 1221 3921 γράψας
1240 3847 1295 3935 ιτότᾰΙ
1315 3847 1408 3918 στὸμα-

332 3969 375 4009 τος
392 3948 517 4034 Ἱερεμίοο
537 3952 596 4012 τούς
616 3950 641 4001 ἐν
661 3952 695 4017 τῷ
711 3948 802 4017 βιβλίῳ
819 3949 934 4021 λόγους,
955 3949 1051 4021 ἀνέγνω
1070 3949 1095 4003 e’s
1115 3951 1146 4022 τῇ
1163 3949 1295 4014 Βοβυλῶοι
1310 3947 1407 4019 αι’χμοι-

330 4037 494 4104 λωτισθεῖσι,
509 4038 743 4112 παραμυθούμενος
758 4041 863 4104 αὐτούς,
879 4044 925 4095 καί
939 4040 1166 4114 ἐπαγγελλόμενος
1178 4039 1268 4103 αὐτοῖς
1283 4042 1327 4098 τὴν
1341 4038 1406 4108 παρά

359 4264 393 4325 (i)
408 4267 532 4314 Dcruonsl.
545 4268 621 4312 Esau.
634 4265 686 4314 Lib.
698 4267 739 4314 Vl.
749 4279 771 4314 c.
786 4267 849 4314 Xlx.
861 4267 885 4314 ci
895 4264 991 4314 Bartsch
1012 4277 1033 4313 c.
1044 4266 1087 4314 lll.
