3022 5178
826 361 865 370 -
888 337 946 387 23⁰
968 361 1008 370 -

372 439 485 507 leant:
505 471 517 494 «
533 447 588 504 uro
605 445 828 504 resarciamus
841 451 871 502 et
887 443 1051 504 scerdotes
1067 444 1159 519 ioqui,
1175 451 1205 504 et
1220 453 1322 508 cenae
1338 461 1420 514 ensa

373 546 496 620 impios,
511 547 598 619 juxta
618 541 799 617 scripturam
822 541 983 600 dieemem:
999 573 1012 585 ·
1024 541 1073 600 Ad
1090 548 1214 608 mortem
1234 560 1319 620 nsque
1341 565 1422 625 pugna

372 659 426 718 pro
445 645 582 716 veritate,
599 647 630 700 et
644 641 785 700 Dominus
800 640 944 716 pugnabit
956 656 1010 715 pro
1028 646 1068 698 te.
1083 665 1096 690 ι

411 740 439 816 s.
462 741 500 798 V.
522 740 644 798 Coumlii
662 740 812 815 nosiejaui
824 740 856 796 in
869 755 946 815 pago
958 741 1125 798 suessonico
1141 738 1235 798 babiti
1257 741 1309 799 snb
1320 743 1424 804 llerimo

371 839 495 896 remearat
505 838 651 911 episcopo,
665 835 774 894 Christi
791 851 870 894 anno
884 842 942 892 9⁰9
961 842 1049 910 eaput
1067 839 1195 910 primum
1214 836 1250 895 de
1265 838 1370 914 regibus
1388 857 1424 898 co

370 949 494 1010 rumque
511 934 617 994 officiis
629 937 827 1001 testiniomm
842 934 961 992 exhibet
976 935 1078 993 alibro
1087 934 1259 1009 Sapientiae:
1272 937 1308 1010 (t)
1321 937 1424 997 «Atten-

370 1033 462 1107 dant,
477 1034 590 1108 inquit,
609 1048 710 1109 reges,
725 1032 797 1108 quid
812 1031 961 1107 Sapientia
976 1029 1061 1090 dicit:
1078 1063 1091 1075 ·
1104 1031 1222 1108 Diligite
1241 1036 1376 1108 justitiam
1386 1040 1426 1111 qui

366 1129 507 1206 judicatis
519 1136 644 1188 terram
657 1173 664 1188 .
677 1174 684 1187 .
696 1174 704 1188 .
719 1129 828 1189 Audite
844 1143 943 1205 reges,
958 1129 1047 1205 alibi,
1061 1135 1091 1188 ct
1103 1129 1273 1206 intelligite,
1290 1131 1381 1190 discite
1388 1136 1425 1208 ju·

372 1227 451 1286 dieea
469 1227 574 1287 tioium
591 1234 705 1303 terrae,
727 1227 862 1303 praebete
881 1242 967 1286 aures
984 1243 1056 1302 vos,
1075 1229 1127 1303 qui
1148 1230 1300 1288 senonens
1318 1229 1427 1315 multitu·

370 1325 453 1386 dines
467 1331 497 1384 et
510 1325 630 1400 placetis
644 1325 727 1384 vobis
740 1328 772 1384 in
785 1325 879 1384 turbis
892 1326 1045 1384 pauonum
1055 1342 1064 1381 ε
1076 1357 1089 1368 -
1098 1325 1235 1384 Existunt
1247 1332 1276 1384 et
1288 1325 1343 1384 alia
1353 1327 1427 1386 muln

370 1439 521 1482 marum
540 1423 756 1500 scripturarum
775 1426 942 1484 testimonia
960 1426 1040 1500 regio
1056 1425 1170 1482 nomini
1185 1430 1214 1482 et
1230 1423 1327 1482 officio
1342 1439 1426 1484 conve

370 1522 493 1580 nientia.
508 1546 521 1570 υ
540 1519 641 1596 Capite
658 1537 735 1578 1111.
755 1520 886 1596 ejusdem
903 1521 940 1578 de
957 1521 1109 1580 mendacio
1133 1523 1176 1581 sie
1198 1538 1237 1581 ex
1257 1522 1354 1580 eodem
1369 1521 1428 1582 libro

370 1620 482 1693 arguit:
501 1641 514 1668 a
523 1617 688 1676 Attestante
701 1620 840 1676 nimirum
854 1618 1022 1694 Scriptura:
1038 1651 1051 1662 ·
1064 1618 1105 1676 0s
1120 1619 1200 1694 qnod
1219 1622 1354 1678 mentitur
1368 1622 1427 1676 occi·

370 1714 415 1773 dit
436 1717 576 1774 animam.
591 1741 604 1768 n
620 1715 721 1791 Capite
735 1734 780 1774 vr.
796 1715 833 1774 de
846 1716 1042 1775 oblan'onibus
1059 1723 1089 1776 et
1102 1717 1223 1776 decimis
1244 1717 1380 1776 Fcclesiae
1392 1717 1428 1776 de

369 1812 458 1888 bitis,
479 1819 579 1888 utpote
593 1814 723 1889 probatis
741 1831 758 1872 e
773 1814 923 1890 Scriptura
936 1813 1067 1872 Moseica
1086 1813 1122 1872 de
1137 1814 1306 1873 Abrahamo
1321 1820 1348 1872 et
1363 1815 1428 1874 laco

370 1909 428 1986 bo,
453 1910 587 1970 additur:
608 1912 675 1970 «De
690 1918 792 1971 saneto
809 1929 925 1988 quoqne
947 1911 1039 1970 Tobia
1058 1911 1178 1988 legitur:
1193 1944 1206 1955 ·
1218 1913 1295 1985 Quia
1313 1913 1428 1990 pergebat

369 2011 409 2068 ad
424 2010 625 2084 Hierusalem,
643 2010 682 2068 ad
709 2010 850 2085 templum
870 2011 1003 2085 Domini,
1024 2016 1053 2068 et
1074 2011 1115 2068 ibi
1134 2010 1277 2069 adorabat
1294 2011 1428 2070 Dominum

369 2109 463 2168 Deam
478 2109 585 2185 lsrael,
607 2111 708 2166 omnia
726 2111 875 2184 primitiva
889 2125 960 2184 sua,
978 2116 1009 2168 et
1027 2108 1154 2167 decimas
1171 2108 1295 2168 fideliter
1311 2109 1426 2169 diluens:

368 2238 380 2250 ·
392 2207 467 2266 Euae
484 2206 575 2266 habes
588 2223 664 2282 quae
677 2209 798 2264 imiteris
810 2213 977 2266 sanctorum
988 2213 1105 2282 patrum
1115 2205 1260 2284 exempla.
1276 2232 1288 2256 υ
1302 2206 1366 2282 Cap.
1379 2224 1426 2264 m.

369 2305 407 2365 de
424 2307 547 2381 rapinis,
555 2305 751 2364 Ecclesiastici
767 2305 858 2363 verba
870 2305 961 2364 reluta
974 2305 1096 2379 suntin)
1109 2330 1121 2354 a
1133 2303 1220 2380 Sane,
1231 2305 1375 2379 scribitur,
1386 2311 1429 2364 ste

370 2410 435 2462 tuta
456 2403 603 2462 Ecclesiae
622 2405 759 2478 aun'quae
777 2405 959 2477 praecipiunt
983 2405 1175 2478 eorum,an
1191 2419 1333 2478 pauperes
1354 2405 1429 2478 oppri-

371 2507 475 2576 munt,
497 2500 577 2560 dona
592 2517 610 2559 a
628 2500 827 2560 sacerdotibus
851 2517 914 2560 esse
935 2499 1106 2576 refutanda,
1125 2507 1155 2559 et
1173 2503 1280 2560 merito
1302 2517 1365 2560 cum
1384 2503 1430 2559 sint

370 2599 448 2674 apud
461 2598 619 2660 Dominum
633 2597 839 2656 abominabilia
852 2641 861 2674 ,
882 2604 1006 2658 testante
1021 2614 1108 2672 snper
1125 2597 1181 2656 hoe
1194 2598 1352 2674 Scriptura:
1365 2599 1428 2670 -ooi
1492 2621 1493 2630 ¹

369 2696 468 2768 offert,
484 2698 591 2771 iuquit,
606 2696 781 2754 sacrificinm
796 2695 833 2754 de
849 2696 1014 2755 substantia
1030 2699 1181 2771 pauperis,
1200 2699 1288 2772 quasi
1303 2699 1352 2772 qni
1364 2698 1429 2754 vict

367 2801 430 2852 mat
442 2795 536 2853 lilium
549 2797 581 2852 in
594 2801 750 2868 conspectu
763 2795 865 2867 putris.
879 2817 892 2842 ι
910 2792 1011 2870 Capite
1026 2811 1073 2851 rx.
1089 2793 1126 2852 de
1141 2795 1372 2855 accusationibus
1383 2794 1428 2852 dis

367 2897 494 2950 serentes
508 2897 616 2965 patres,
630 2891 780 2950 Susannoe
797 2889 950 2949 historiam
963 2891 1165 2967 protulemnt:
1184 2919 1198 2944 ι
1214 2892 1273 2952 Sed
1281 2896 1349 2970 quia
1359 2896 1387 2952 in
1397 2892 1430 2950 hi

367 2991 457 3048 storia
475 2989 625 3048 Susannae
639 2990 699 3048 dno
716 2995 821 3063 testes,
840 2991 892 3064 qui
906 2989 1009 3048 idonei
1020 2989 1214 3066 videbantur,
1233 2998 1264 3052 et
1277 2995 1308 3050 in
1329 2992 1429 3050 minda

369 3087 518 3161 Nabatae,
533 3103 637 3147 vemm
649 3094 678 3146 et
695 3090 725 3146 in
746 3087 869 3148 historia
881 3090 1025 3163 passionis
1039 3088 1156 3146 Domini
1168 3093 1261 3148 nostri
1275 3090 1348 3150 duos
1359 3095 1429 3148 tete

366 3185 476 3244 dixisse
494 3179 694 3244 testimonium
709 3185 853 3261 legimns,
873 3192 957 3244 ete.»

407 3283 434 3356 5.
460 3284 511 3342 VI.
527 3284 562 3342 In
575 3283 689 3360 synodo
700 3283 889 3342 attrebatensi
900 3299 918 3340 a
931 3281 1067 3342 Gerando
1083 3286 1219 3360 episcopo
1238 3285 1378 3344 celebrata
1388 3299 1428 3340 an·

308 3397 314 3412 ·
365 3393 406 3438 uo
431 3389 521 3454 1⁰25,
542 3397 606 3456 cap.
630 3397 675 3438 rx.
696 3379 732 3438 de
749 3397 784 3438 eo
801 3379 880 3455 quod
904 3381 1081 3454 poenitentia
1105 3387 1316 3456 postmortem
1334 3382 1426 3457 prosit,

368 3477 614 3550 Macbabaeorpm
632 3478 701 3537 libri
716 3478 836 3537 secundi
857 3478 956 3538 attulit
979 3481 1198 3538 auctoritatem:
1217 3505 1230 3530 α
1244 3480 1323 3540 unde
1343 3484 1429 3555 jures

364 3579 456 3632 saeris
475 3576 644 3635 doctoribus
662 3567 849 3652 purgatorius
875 3579 952 3654 ignis
974 3593 1037 3636 esse
1062 3577 1186 3652 dicitur,
1205 3578 1286 3654 quod
1307 3594 1357 3654 per
1375 3590 1428 3634 eun

364 3680 483 3746 peecata
499 3675 599 3749 aliqua
614 3682 792 3751 purgantur,
811 3684 900 3752 prout
916 3679 1068 3749 viventes,
1089 3682 1142 3736 ant
1162 3678 1371 3754 eleemosynis,
1387 3678 1428 3732 aut

364 3769 533 3848 sacrificiis,
549 3777 601 3832 aut
613 3780 709 3847 certe,
720 3776 796 3832 sicut
809 3781 895 3832 antea
910 3774 1039 3832 diximus
1049 3815 1058 3848 ,
1069 3776 1178 3834 cicada
1194 3776 1382 3850 poenitentiae
1392 3786 1428 3828 su

362 3867 474 3927 lun'oue
496 3868 636 3930 obtinere.
661 3871 746 3931 Unde
763 3878 792 3930 et
816 3871 926 3932 Paulus
940 3874 981 3932 ait
996 3872 1069 3947 (boc
1084 3871 1148 3932 loeo
1167 3873 1249 3932 adest
1261 3872 1428 3932 mendumet

361 3963 562 4028 desiderantur
573 3967 706 4044 Apostoli
723 3969 831 4044 verba>
847 3969 952 4029 deinde
968 3972 1117 4046 sequitur:
1135 3971 1236 4044 ·Quia
1254 3973 1301 4030 vir
1315 3967 1422 4029 tortissi-

360 4078 428 4122 mus
445 4062 550 4141 ludas,
562 4066 718 4126 collatione
735 4067 825 4142 facta,
845 4069 925 4126 niislt
937 4067 1170 4145 Hierosolymam
1186 4067 1338 4128 duodecim
1351 4064 1427 4124 millia

389 4273 423 4334 (t)
434 4276 490 4337 Sap.
500 4289 522 4324 c.
538 4283 558 4324 i.
570 4301 601 4312 -
613 4276 648 4338 (i)
667 4277 732 4324 Eeel.
745 4289 767 4325 c.
781 4279 889 4325 xxxiv.
