3086 5182
575 400 716 450 ..1-

465 603 783 668 PROPOSITIO
811 607 837 666 Ι.

506 801 558 862 Dc
575 800 684 862 Tobiae
703 799 790 864 uno.
898 843 900 849 ι

148 995 177 1072 s.
199 995 224 1056 1.
246 993 355 1058 Tobiae
372 994 524 1074 Scriptura
542 999 777 1075 supplementum
796 1000 961 1074 nuncupari
984 1002 1079 1074 potest
1101 999 1193 1086 histo·
1284 1037 1287 1043 ·

110 1095 187 1174 riae,
205 1112 296 1172 quam
315 1096 440 1174 legimns
459 1100 490 1157 ln
507 1096 589 1157 libris
606 1097 732 1174 Regum.
755 1096 931 1174 Huiusmodi
950 1099 1029 1158 enim
1051 1106 1122 1158 sunt
1141 1099 1195 1161 hu·

105 1197 159 1271 jus
184 1195 280 1254 sancti
301 1194 358 1254 viri
380 1201 462 1272 gesta
486 1195 653 1272 mirabiim,
679 1201 708 1256 ct
730 1197 810 1256 vices
833 1193 952 1272 piures,
977 1194 1084 1271 ombus
1105 1195 1195 1257 subiit

110 1294 142 1352 iu
170 1295 233 1352 vita
257 1309 333 1370 suo,
359 1300 394 1354 ut
419 1293 574 1370 peculiaris
598 1294 678 1354 iilius
704 1295 813 1354 mentio
834 1295 911 1354 iuter
935 1309 1020 1356 secra
1043 1294 1195 1356 volumine

109 1397 286 1452 cerneretur.
314 1390 410 1452 Sumit
433 1391 587 1452 exordium
608 1392 688 1460 iliius
704 1398 807 1454 auctor
829 1408 868 1452 ex
892 1391 1007 1468 Regum
1022 1392 1122 1469 iesus,
1142 1393 1194 1454 ubi

111 1503 195 1548 sacer
220 1488 376 1550 historicus
404 1487 442 1566 (1)
471 1488 572 1550 decem
597 1489 728 1550 uibuum
755 1488 845 1548 Israel
872 1491 1071 1566 captivitatem
1095 1500 1198 1554 narrat

113 1588 145 1647 in
168 1589 300 1666 regiones
321 1587 429 1648 Ninive
449 1586 506 1649 sub
528 1587 730 1648 salmanasaro
747 1603 834 1664 rege,
855 1591 907 1665 qni
925 1603 1014 1665 regno
1033 1589 1122 1650 lsrael
1142 1605 1193 1666 po·

3 1745 8 1778 r
110 1685 182 1746 utus
200 1687 359 1746 munnam
379 1685 570 1748 hebraeorum
588 1692 701 1762 partem
711 1689 877 1762 exportavit
892 1689 925 1746 in
937 1687 1077 1763 Medium,
1093 1689 1138 1748 uti
1155 1689 1195 1748 le·

110 1785 213 1861 gitur:
245 1783 305 1844 «Et
321 1785 472 1844 uansuriit
488 1784 578 1846 lsrael
594 1786 626 1842 in
651 1786 800 1862 amyrios3
822 1787 976 1862 posuitque
996 1799 1046 1844 eos
1061 1786 1093 1844 in
1109 1785 1196 1861 Heia,

109 1888 142 1942 et
163 1883 195 1942 in
214 1881 315 1944 Habor
333 1886 421 1959 Juxta
438 1881 563 1942 fluvium
585 1882 685 1942 Gozan
704 1885 736 1941 iu
755 1881 922 1945 civitatibus
940 1883 1103 1944 medorum.
1118 1907 1131 1934 ν
1150 1884 1198 1942 Ιιι-

4 1998 8 2026 t
109 1983 156 2040 ter
178 1979 233 2040 hos
257 1981 389 2056 captivos
411 1980 513 2041 aderat
533 1995 652 2057 quoque
671 1978 801 2057 Toum,
828 1983 880 2057 qui
899 1979 938 2040 ob
959 1997 1044 2041 suam
1067 1982 1197 2056 aequita-

3 2073 8 2108 ι
111 2084 174 2138 tem
196 2094 215 2138 a
237 2078 298 2138 Deo
319 2093 380 2138 non
402 2084 446 2138 est
468 2079 640 2156 derelictus,
661 2095 696 2138 ac
718 2081 832 2141 etiarnsi
853 2078 1013 2156 promtus,
1034 2085 1070 2140 ut
1091 2094 1197 2139 aurum

2 2158 9 2258 ξ
110 2179 142 2234 in
161 2176 294 2255 fornace,
315 2179 404 2236 variis
420 2179 572 2254 angustiis,
589 2183 688 2236 tamen
704 2179 784 2236 riom
801 2178 981 2238 rectitudinis
996 2194 1056 2237 non
1071 2178 1198 2239 desernit

3 2259 5 2274 ’
115 2281 146 2336 et
166 2274 205 2334 ob
224 2275 280 2336 hoc
299 2291 319 2335 a
338 2275 464 2336 Domino
484 2276 573 2334 etiam
595 2277 699 2335 vivens
720 2273 898 2350 glorificatus
920 2274 994 2350 iultr,
1014 2275 1095 2351 qnod
1115 2291 1197 2350 pme·

109 2377 231 2449 cipunm
249 2379 455 2450 argumentum
474 2374 625 2434 ωιιιιιιιιιι
644 2374 721 2432 sacri
738 2373 897 2449 scriptoris.

150 2471 247 2548 Hujus
268 2470 408 2532 historiae
424 2472 578 2548 expositio,
590 2477 689 2548 aetas,
712 2487 746 2531 ao
766 2476 879 2547 cetera,
900 2486 976 2548 quae
990 2471 1070 2530 hunc
1089 2469 1197 2530 librum

2 2564 8 2598 ³
111 2575 311 2646 componunt,
332 2569 405 2630 adeo
423 2569 564 2630 claritatis
583 2569 805 2646 damnentur,
825 2576 861 2628 ut
877 2585 1026 2629 removere
1042 2568 1197 2630 vueanm

2 2645 7 2678 ¹
112 2666 187 2728 illud
207 2673 378 2728 accuratum
398 2667 549 2744 studium,
570 2665 650 2744 quod
669 2667 707 2728 ab
727 2667 932 2745 interpretibus
955 2683 1106 2728 sacrarum
1122 2665 1198 2727 Scri·

4 2831 6 2840 ,
110 2769 265 2840 ptnremm
286 2780 373 2842 saepe
395 2767 577 2844 exquiritur,
597 2767 643 2827 nti
660 2771 784 2826 testatur
805 2765 944 2842 Origenes
964 2764 1001 2824 de
1022 2763 1199 2826 obscuritate

4 2849 6 2880 ³
109 2861 257 2924 ἀιιιιιιιιιιι
276 2862 444 2924 divlnorum
463 2863 658 2942 eloquiorum.
673 2863 812 2925 Attamen
831 2870 932 2924 nostra
951 2868 1044 2924 aetate
1063 2863 1129 2922 allis
1143 2863 1199 2924 sub

110 2961 275 3023 rationibus
303 2962 566 3023 animadvertentes
591 2963 700 3024 iibmm
723 2963 904 3040 revomant,
932 2964 1074 3040 plurimas
1096 2967 1200 3022 oontm

109 3059 190 3120 iilius
206 3059 391 3122 divinitatem
406 3067 559 3137 opponunt
579 3061 776 3122 monitans.
800 3061 926 3136 Ideoque
940 3063 971 3120 ln
990 3063 1026 3120 iis
1039 3059 1198 3136 explanan-

110 3158 159 3218 dis
179 3159 250 3218 totis
268 3158 382 3220 viribus
402 3158 517 3220 instabo
539 3157 600 3236 (ι).

151 3256 180 3333 s.
202 3257 242 3316 11.
265 3255 365 3316 Prima
385 3263 518 3318 versetur
536 3255 569 3314 in
588 3255 646 3315 iilis
665 3253 762 3315 verbis
781 3255 818 3314 de
838 3253 926 3315 Sera:
952 3254 1122 3328 «Quoniam
1137 3259 1197 3312 tre·

111 3353 175 3415 dita
195 3353 292 3416 iuerat
312 3361 423 3432 septem
444 3356 539 3431 virle,
569 3361 599 3414 ct
619 3353 806 3414 daemonium
830 3354 948 3413 nomine
971 3351 1126 3412 A'smodaei
1147 3366 1195 3410 oc-

111 3452 225 3513 ciderat
247 3469 297 3514 eos
321 3470 391 3514 mox
414 3459 449 3514 nt
470 3455 594 3530 ingressi
621 3451 739 3512 fuerent
765 3453 802 3512 ad
827 3467 933 3510 eam.»
964 3449 1030 3510 Non
1051 3456 1096 3510 est
1119 3449 1198 3526 qrrod

109 3549 169 3610 hoc
189 3553 256 3611 loco
277 3567 396 3628 operam
413 3551 580 3628 impendam
600 3551 751 3628 explicans
772 3549 949 3610 vocaturum
967 3551 1078 3626 septem
1096 3550 1127 3606 in
1150 3562 1196 3606 sa·

109 3651 171 3708 cris
190 3647 347 3726 Scripturis
367 3649 515 3710 indefinite
534 3652 627 3726 accipi
649 3649 829 3725 ademptio
849 3648 946 3708 citatis
964 3645 1061 3706 verbis
1082 3645 1197 3706 dicetur

109 3747 237 3808 daemon
252 3745 433 3808 Interfecisse
453 3747 608 3808 nonnuiios
627 3749 728 3824 viros,
749 3749 800 3824 qui
817 3747 935 3823 nuptias
954 3761 1021 3806 cum
1039 3743 1112 3805 Sara
1129 3744 1199 3802 inie-

112 3850 201 3923 rant3
221 3861 290 3906 cum
312 3852 342 3907 ct
357 3848 444 3924 plura
462 3847 595 3923 exempla
612 3846 701 3924 hujus
718 3847 830 3923 generis
848 3847 880 3906 in
899 3845 982 3905 libris
1000 3845 1091 3904 sacris
1105 3843 1202 3919 legan-

112 3949 184 4022 tur,
206 3961 253 4005 ex.
274 3961 321 4022 gr.
360 3943 495 4021 «Septies
517 3944 597 4006 cadit
618 3948 740 4022 justus,
761 3950 790 4004 et
810 3949 942 4021 resurget
960 3949 1016 4003 etc.
1039 3941 1149 4018 Septies
1167 3940 1199 3998 in

138 4175 175 4239 (ι)
191 4180 214 4226 4.
226 4179 283 4240 licg.
295 4189 317 4227 c.
329 4178 405 4228 xvil.
417 4183 440 4227 6.
454 4202 484 4215 -·
495 4175 530 4240 (a)
545 4177 613 4233 Quae
631 4174 662 4224 ab
675 4174 730 4224 aliis
749 4175 775 4224 in
791 4176 838 4226 hoc
853 4176 878 4225 et
896 4173 1053 4237 sequentihus
1069 4169 1139 4220 libris
1155 4183 1197 4219 cx·

113 4255 207 4318 plicato
225 4258 300 4319 sunt,
317 4257 385 4310 brevi
405 4269 545 4320 percurram
560 4267 691 4318 sermone,
709 4257 788 4306 cetera
803 4267 880 4316 vero,
906 4267 969 4318 quae
984 4251 1129 4303 accuratiori
1157 4265 1197 4299 ex·

114 4337 255 4400 piscatione
271 4336 344 4400 digna
360 4340 512 4402 reputentur,
529 4335 624 4400 longius
640 4335 764 4386 disseram.

178 4417 248 4478 Por.
272 4417 337 4478 111.
1025 4423 1036 4473 1
