3070 5180
582 391 623 402 ...
643 366 662 418 9
682 390 723 402 ..-

106 478 203 536 auctor
220 474 348 535 omnino
361 489 379 533 a
391 471 493 534 divina
509 475 699 550 inspiratione
712 473 822 546 dhtate
835 473 992 540 mndata
1012 475 1112 536 «Etsi
1126 480 1191 554 qui·

105 574 168 632 dem
183 572 287 648 hene,
309 579 338 632 et
357 579 391 632 ut
403 572 541 632 historiae
558 575 710 649 competit,
729 571 785 632 hoc
800 579 830 631 et
843 575 905 647 lpse
919 575 1008 632 velim
1018 591 1025 633 :
1037 576 1191 636 sinautem

104 672 197 730 minus
220 670 318 748 digne
336 670 551 733 eoncedendum
569 677 615 742 ast
625 671 699 730 mihi
715 694 728 721 »
746 679 775 730 2.
798 670 935 730 Machah.
958 687 985 730 c.
1001 688 1053 730 xv.
1071 680 1119 732 ta.

137 781 142 792 ·
178 776 212 826 4.
230 767 402 843 Scripturae
414 768 598 844 apocryphae
609 769 641 826 in
654 767 771 831 Quone
781 783 864 826 sacro
878 766 1050 844 synagogae
1056 769 1192 845 judaicae

106 881 163 924 non
176 871 319 942 receptae
336 866 434 941 farere,
454 866 574 942 ideoque
588 881 642 924 nec
659 865 837 924 aSalvatore
855 870 955 922 nostro
972 869 1110 926 sancitae.

178 961 433 1040 Apoeryphorum
442 979 510 1038 pars
521 963 583 1022 ulla
594 979 688 1038 neque
699 979 717 1021 a
727 961 842 1025 Christo
859 961 939 1038 lesu,
954 978 1047 1038 neque
1062 964 1099 1022 ab
1111 962 1190 1039 Apo-

102 1059 180 1118 stolis
195 1061 366 1135 appellatur
381 1060 429 1118 vel
447 1066 611 1136 spectatur,
625 1059 710 1118 Philo
723 1065 820 1118 autem
838 1064 867 1117 et
881 1058 1042 1136 Josephus,
1061 1062 1113 1136 qui
1126 1075 1189 1120 sae-

104 1156 166 1214 culo
185 1159 291 1232 primo
304 1157 412 1216 Christi
429 1157 605 1232 scribebant,
622 1173 741 1232 prorsus
757 1156 794 1215 de
807 1157 871 1214 istis
887 1155 990 1219 silent,

138 1254 178 1312 ll.
194 1254 286 1314 Libri
301 1255 462 1331 apocryphi
474 1257 506 1313 in
519 1253 636 1314 canone
652 1253 818 1330 scripturae
835 1259 960 1329 quatuor
975 1253 1120 1312 Ecclesiae
1132 1255 1190 1330 pri·

103 1353 155 1410 nris
172 1352 307 1410 saeculis
321 1367 383 1412 non
398 1351 599 1411 censebantur.
946 1423 949 1430 1

138 1447 192 1508 Isti
207 1465 275 1506 non
298 1448 515 1526 legebanturin
532 1447 664 1526 catalogo
679 1447 821 1508 librorum
838 1446 1006 1508 divinorum
1021 1464 1040 1506 a
1053 1447 1191 1508 Melitene

105 1546 226 1622 collato,
245 1549 302 1624 qui
319 1547 446 1606 secundo
465 1545 573 1606 Christi
589 1547 706 1606 saeculo
723 1549 817 1622 vixit,
833 1561 927 1622 neque
941 1547 973 1604 in
993 1545 1127 1622 Origenis
1146 1563 1193 1606 ca·

105 1657 189 1720 none,
201 1659 305 1720 neque
317 1642 483 1719 Athanasii,
495 1644 612 1720 Hilarii,
623 1643 725 1720 (lyr-illi
739 1643 1009 1720 hierosolymitani,
1023 1643 1192 1721 Epiphanii,

105 1739 233 1816 Gregorii
246 1741 278 1800 N
280 1743 439 1818 amantem,
453 1740 662 1820 anphilochii,
678 1741 862 1818 Hieronymi,
876 1739 1191 1818 Ruissni,eliorumque

106 1838 209 1896 saeculi
236 1839 340 1914 quarti
366 1838 536 1914 doctorum3
558 1855 613 1896 neo
630 1840 663 1904 in
689 1838 832 1899 librorum
852 1836 1065 1898 Canonicorunr
1082 1840 1156 1898 serie
1173 1854 1194 1898 a

106 1931 230 1994 Concilio
251 1935 420 1996 Laodiceuo
437 1935 572 2012 firmata,
588 1935 668 2012 quod
685 1937 716 1994 in
733 1936 836 1994 eadem
854 1941 948 1995 aetate
972 1933 1104 1995 habitum
1122 1934 1190 2013 fuit,

109 2035 184 2108 cujus
195 2095 198 2103 ,
208 2049 342 2092 canones
357 2033 395 2094 ab
408 2033 537 2095 Ecclesia
554 2033 703 2092 (laibolica
716 2035 827 2110 accepti
844 2033 936 2108 iocre,
951 2032 1024 2092 adeo
1037 2039 1088 2108 ut,
1103 2037 1192 2108 juxta

109 2127 211 2189 Bumct
226 2131 420 2207 Episcopum,
438 2134 528 2190 totius
545 2131 691 2190 Ecclesiae
705 2130 759 2206 Dei
775 2133 808 2192 ia
830 2130 889 2190 hac
905 2147 937 2190 re
956 2147 1130 2198 consutum
1147 2133 1191 2191 iu-

109 2227 273 2300 spiciamus.
295 2227 372 2286 Huic
388 2229 549 2287 evidentiae
564 2234 667 2288 contra
679 2228 856 2287 canonicam
872 2229 1072 2287 auctoritatem
1085 2227 1190 2287 Biblio-

110 2339 167 2382 rom
182 2325 424 2402 apocryphorum
437 2342 491 2386 nos
505 2326 610 2386 addere
621 2341 777 2402 possumus
791 2325 906 2384 eosdem
921 2327 952 2383 in
962 2325 1092 2383 Ecclesia
1108 2324 1191 2384 Chri·

111 2422 246 2498 aliusque
266 2423 308 2482 ad
326 2430 464 2498 quartum
485 2424 634 2483 saeculum
661 2439 846 2500 nequaquam
863 2423 952 2482 lectos
969 2421 1079 2498 fuisse,
1098 2422 1189 2502 dum,

110 2525 139 2578 ut
151 2527 278 2584 testam
291 2523 489 2602 Hieronymus
507 2521 565 2600 (1),
581 2526 632 2584 isti
655 2523 842 2600 legebantur,
859 2525 891 2584 in
914 2525 991 2585 vitae
1008 2524 1189 2599 exemplum,

113 2624 138 2676 et
151 2636 269 2680 morum
287 2621 537 2696 informationem,
553 2622 636 2680 nullo
657 2621 743 2680 modo
761 2627 858 2683 autem
881 2620 918 2680 ad
936 2621 1064 2696 aliquam
1083 2621 1190 2682 doctri·

110 2730 170 2774 nam
190 2717 391 2796 firmandam,
417 2719 602 2800 ejusdemque
611 2722 713 2781 aetatis
734 2721 897 2795 scriptores,
918 2721 1052 2794 quamvis
1064 2716 1189 2793 Scriptu-

111 2827 153 2872 rae
165 2816 237 2874 istae
254 2822 293 2874 ut
306 2818 463 2894 inspiratae
471 2816 786 2894 nonadproharentur,
796 2832 833 2874 ex
847 2817 888 2874 eis
902 2814 1044 2890 quasdam
1058 2829 1187 2890 praeser-

111 2910 157 2968 tim
175 2911 295 2988 iudith,
310 2912 507 2990 Sapientiam,
530 2919 559 2972 et
575 2913 844 2974 Ecclesiasticuma
861 2911 1080 2972 Cathecumenis
1098 2911 1188 2972 lactas

112 3003 192 3066 fuisse
207 3015 355 3070 statuunt.
375 3009 415 3068 Ut
428 3009 565 3085 probetur
580 3012 669 3086 etiam
683 3010 769 3070 hasce
781 3009 945 3086 Scripturas
960 3025 1055 3084 neque
1073 3009 1190 3080 saeculo

114 3105 206 3178 quinto
226 3114 264 3166 ut
282 3106 444 3166 Canonicas
468 3107 584 3166 habitas
608 3123 690 3183 asse,
707 3105 889 3184 Augustinus
910 3109 962 3182 ait,
984 3105 1146 3180 Sapientiae
1159 3111 1190 3164 et

113 3203 231 3274 eusdem
253 3204 358 3284 classis
374 3204 476 3286 libros,
492 3203 611 3282 quando
627 3206 660 3262 in
676 3203 804 3264 Ecclesia
819 3203 1008 3280 legebantur,
1032 3201 1188 3263 lectoribus

116 3298 156 3356 vel
171 3301 318 3362 interimis
336 3304 466 3361 munais
483 3301 684 3362 ecelesiasticis
698 3301 841 3376 beditas,
856 3305 942 3376 atque
957 3300 1028 3358 istos
1041 3298 1189 3357 humiliori

115 3393 169 3456 loeo
179 3397 283 3476 lectos,
301 3415 392 3476 quam
408 3399 474 3458 illos
491 3401 542 3476 qui
558 3400 718 3458 universim
725 3397 863 3458 Canonici
874 3396 1116 3490 agnoscebantur,
1126 3398 1189 3472 qui·
1295 3389 1300 3398 '

115 3507 163 3564 que
187 3495 224 3554 ab
239 3497 390 3572 Episcopis
407 3502 437 3555 et
455 3495 635 3574 Presbyteris
658 3497 840 3554 eminentiori
859 3495 922 3552 loco
944 3492 1185 3552 enunciahantur.

30 3642 33 3650 Δ
115 3585 236 3655 Tandem
249 3595 365 3657 etiamsi
380 3611 497 3657 summa
513 3595 700 3655 vandalicae
716 3591 806 3654 libros
819 3595 890 3652 istos
907 3592 1037 3654 Ecclesia
1055 3590 1187 3650 occiden-

116 3687 174 3746 talis
194 3690 349 3767 habuerit,
373 3697 486 3752 consae
502 3697 602 3757 tanen
617 3687 681 3752 istis
706 3690 838 3753 eandem
857 3692 1058 3768 auomrimtem
1078 3703 1112 3747 ac
1129 3686 1188 3746 illis

118 3787 211 3846 labris
236 3805 272 3850 ac
289 3791 359 3850 novi
376 3791 552 3872 ¹testamenti
568 3804 629 3848 non
645 3788 735 3848 fuisse
756 3787 932 3863 adscriptam
940 3805 951 3861 3
972 3785 1064 3847 donec
1085 3784 1188 3844 Conci·

116 3875 178 3962 lium
200 3885 402 3946 Tridentinum
428 3888 557 3961 sessione
573 3891 679 3965 quarta
700 3901 751 3944 eos
775 3900 877 3963 omnes
896 3883 1025 3962 (praeter
1040 3881 1187 3943 Manassis
1234 3881 1238 3910 ¹

120 3990 225 4058 procas,
243 4000 279 4044 ac
295 3986 431 4062 tertium,
460 3990 598 4068 quartum
620 3983 728 4042 Fadiae
749 3981 857 4058 libros)
883 3983 915 4040 in
931 3980 1032 4040 codem
1050 3978 1186 4056 Conone,

136 4202 175 4288 tt)
187 4209 270 4262 l'ariaa
288 4213 393 4262 Petram
408 4212 433 4262 ei
450 4211 556 4262 altana
576 4208 712 4262 manua
732 4210 819 4260 matra
837 4207 974 4271 Scripturas
992 4203 1187 4258 Dantem-carro·

122 4289 179 4333 acac
196 4286 226 4338 ab
246 4292 345 4344 auctore
361 4291 482 4356 consitas,
495 4303 540 4342 nos
556 4291 693 4356 opportune
708 4289 804 4342 notatas
814 4287 996 4356 explicabimus.
