3070 5180
789 351 949 405 „10-

328 485 362 529 ae
382 469 494 546 Moysis
516 465 776 542 et‘Propheta‘ium
802 463 966 540 Scripturas
990 465 1145 540 inspiratas
1168 465 1309 544 colligere
1335 481 1420 542 prae·

431 568 464 623 i⁸
1092 579 1097 588 .

329 583 429 722 ΒἭ
441 572 523 725 {iibri
540 660 699 738 apocryphi
712 677 758 719 res
775 659 919 737 quasdam
929 661 1089 736 continent,
1104 677 1180 737 quae
1194 660 1320 721 ssetitiae
1334 667 1418 738 sunt,

330 768 360 820 et
376 759 652 837 seriptisCanoniois
668 757 879 836 adversantur,
898 761 960 818 sive
974 773 1087 836 mores,
1106 761 1169 818 slve
1182 759 1353 819 doctrinam
1375 761 1421 816 in-

331 879 345 919 s
365 878 376 918 1
441 905 447 919 .

346 863 508 1034 pgesmpla
524 959 684 1034 nonnulla,
702 963 817 1034 praeter
840 973 876 1017 ea
899 973 975 1033 quae
996 957 1101 1016 adduci
1123 961 1242 1033 possent
1258 959 1337 1016 satis
1364 956 1421 1015 hoc

329 1055 505 1132 probabunt.

645 1249 670 1309 1.
689 1249 882 1310 Narrationes
893 1249 987 1328 fictae
1006 1253 1077 1311 suoi

372 1455 399 1505 ι.
419 1445 524 1504 Esther
537 1445 640 1520 capitis
655 1460 687 1502 x.
705 1451 734 1502 o.
754 1441 891 1504 «Parvus
906 1443 990 1522 fons,
1011 1425 1062 1521 qui
1084 1446 1176 1503 crevit
1192 1445 1224 1502 ln
1241 1443 1373 1504 fluvium
1391 1449 1420 1502 ct

330 1547 361 1603 in
377 1545 472 1603 lucem
483 1543 632 1618 solemque
645 1557 803 1602 conversus
814 1549 868 1618 est,
879 1547 908 1601 et
922 1544 954 1600 ln
970 1559 1061 1618 aquas
1072 1542 1213 1618 plurimas
1226 1541 1419 1617 redundavit,

331 1641 438 1701 Esther
455 1645 517 1716 ost,
536 1655 627 1716 mam
644 1655 696 1698 rex
714 1642 825 1715 aceepit
838 1653 971 1716 uxorem,
986 1645 1015 1698 et
1032 1638 1125 1698 voluit
1141 1653 1204 1699 esse
1217 1641 1365 1717 reginam.
1384 1663 1396 1687 »

375 1747 404 1798 a.
423 1739 553 1797 Historia
571 1737 633 1796 Beli
648 1743 677 1796 et
693 1736 834 1796 Draconis
852 1744 896 1796 est
905 1753 1019 1796 merom
1036 1743 1249 1814 commentum,
1264 1735 1349 1814 quod
1361 1733 1419 1795 Da·

331 1836 415 1895 niclis
429 1837 461 1894 in
478 1836 577 1894 lacum
593 1835 711 1893 leonum
728 1834 846 1894 demissi
863 1835 1024 1894 narrationi
1044 1833 1168 1893 obsistit.

376 1943 404 1993 a.
429 1933 559 1992 Historia
574 1949 667 2010 aquae
688 1935 720 1991 in
746 1935 844 2010 ignem
863 1949 1020 1992 conversae
1034 1938 1063 1992 et
1079 1939 1181 1992 contra
1207 1931 1216 2007 l
1226 1939 1255 1990 2.
1274 1929 1417 1991 Machab.

331 2049 358 2090 e.
383 2049 406 2090 1.
428 2029 479 2106 19)
503 2045 538 2089 ac
558 2029 739 2090 tabernaculi
764 2035 794 2088 et
816 2045 900 2088 arcae
915 2029 1077 2089 Hieremiae
1091 2031 1179 2106 jussu
1198 2041 1301 2088 secum
1328 2029 1418 2088 oomi

332 2129 461 2188 tentibus
474 2127 592 2188 delatio.
613 2127 725 2187 Ibidem
738 2141 765 2186 e.
784 2141 822 2186 rr.
838 2135 868 2185 4.

631 2323 670 2381 ΙΙ.
704 2322 862 2400 appositae
890 2323 1103 2382 anrruiiooos

374 2527 402 2577 1.
423 2518 534 2578 Auctor
549 2517 617 2577 libri
635 2517 798 2594 Sapientiae
817 2518 980 2578 Salomonis
997 2519 1137 2595 populum
1154 2517 1244 2578 lsrael
1261 2521 1352 2595 quasi
1368 2517 1418 2577 ho·

331 2618 424 2676 stibus
440 2620 501 2676 suis
516 2617 666 2676 subditum
683 2619 817 2693 respicit,
838 2617 917 2693 quod
932 2618 1017 2676 aliter
1032 2633 1063 2676 se
1080 2617 1226 2693 habebat,
1252 2618 1417 2693 imperante

331 2715 495 2774 Salomone.
515 2715 630 2774 Revera
646 2731 700 2774 nos
716 2714 772 2773 sibi
789 2717 922 2774 inimicos
940 2714 1068 2790 Hadad,
1090 2715 1190 2774 Rezon
1211 2719 1240 2774 et
1257 2713 1416 2774 Jeroboam

334 2813 379 2888 (1.
391 2813 506 2888 Regum
521 2812 609 2887 exi.)
627 2811 718 2871 fuisse
735 2813 875 2888 legimus,
897 2817 943 2871 ast
963 2813 1105 2872 israelitas
1125 2811 1311 2888 sibimetipsis
1328 2811 1417 2870 hosce

332 2910 487 2987 subjecisse
500 2913 662 2986 nescimus,
682 2909 781 2969 decem
797 2910 927 2969 tribuum
943 2916 1041 2969 autem
1060 2910 1199 2987 schisma,
1211 2911 1269 2968 nisi
1283 2915 1352 2986 post
1365 2907 1416 2967 Sa·

332 3007 457 3066 lomonis
475 3007 604 3082 ejusdem
621 3007 749 3083 obitum,
769 3009 875 3066 evenit.

372 3113 401 3162 2.
421 3103 537 3163 Baruch
553 3104 595 3180 (c.
615 3122 638 3163 1.
658 3105 705 3180 2.)
722 3105 1064 3164 translatus'Babiloncm
1081 3105 1205 3182 dicitur,
1224 3106 1296 3164 dum
1313 3103 1416 3164 eodem

329 3209 459 3278 tempore
474 3204 506 3259 in
523 3201 684 3279 AEgyptum
698 3202 983 3279 Hieremias(xn111.
994 3211 1022 3260 o.
1033 3203 1041 3278 l
1052 3205 1167 3262 venisse
1178 3208 1312 3262 testatur.

371 3308 400 3357 t.
420 3299 550 3358 Historia
570 3298 615 3375 (1.
633 3298 743 3359 Esdrae
753 3315 806 3358 111.
828 3299 891 3375 rr.)
911 3315 1060 3359 sacrorum
1081 3299 1241 3358 Bibliorum
1263 3301 1418 3359 sanctitate

300 3409 301 3412 ’
330 3401 424 3472 caret,
453 3413 487 3455 ao
504 3398 621 3473 insuper
642 3396 678 3455 de
700 3397 795 3456 reditu
813 3397 987 3472 judaeorum
1006 3397 1062 3456 sub
1079 3397 1176 3475 Cyro,
1191 3397 1300 3456 Esdrae
1318 3395 1416 3456 verbis

335 3497 501 3570 opponitur.
1249 3495 1250 3500 ’

371 3599 401 3650 4.
420 3591 536 3651 Primus
555 3597 584 3651 et
598 3592 742 3651 secundus
758 3592 1005 3653 Machabaeorum
1020 3593 1088 3652 libri
1105 3595 1161 3652 sibi
1174 3595 1300 3652 invicem
1316 3593 1417 3651 adver-

332 3696 454 3765 santur,
471 3690 543 3748 dum
560 3690 569 3765 (
579 3697 605 3749 1.
626 3689 764 3750 Machab.
785 3707 831 3750 vr.
847 3692 939 3768 l-lo)
959 3691 1121 3752 Antiochus
1138 3691 1303 3768 Epiphanes
1323 3689 1417 3766 Raby-

330 3787 397 3846 lone
416 3786 521 3847 obiisse
543 3787 668 3864 dieitur,
682 3795 711 3847 et
734 3791 766 3847 in
788 3789 915 3848 secundo
935 3790 1010 3849 libro
1033 3793 1117 3868 quasi
1135 3789 1271 3848 Nanaeae
1293 3792 1326 3848 ln
1344 3787 1413 3846 Per·

330 3883 393 3944 side
409 3885 638 3946 osaeerdotibus
651 3902 804 3964 percussos
827 3889 954 3961 primum
972 3887 1057 3946 nobis
1081 3883 1215 3946 obiicitur
1238 3887 1246 3962 i
1267 3895 1296 3945 2.
1314 3883 1412 3945 Mach.

331 3999 355 4040 r.
374 3983 481 4060 13-16)
493 3999 545 4059 ,ac
564 3991 664 4060 postea
683 3984 744 4060 (rx.
763 3983 817 4060 28)
832 3988 917 4060 quasi
931 3986 1069 4044 ultimum
1089 3984 1184 4044 iatum
1203 3984 1327 4043 subiisse
1340 3985 1415 4041 inter

331 4075 441 4140 alienae
459 4083 586 4157 regionis
601 4086 715 4140 montes
731 4088 856 4141 constat.

371 4185 401 4235 5.
423 4178 459 4236 ln
479 4178 566 4237 Tobit
583 4177 658 4236 libro
674 4176 803 4255 Angelus
819 4179 905 4240 nobis
925 4183 1052 4240 occurrit
1067 4179 1111 4255 (v.
1135 4179 1188 4255 12)
1204 4181 1288 4255 quasi
1306 4178 1413 4241 Tobiae

331 4272 439 4352 aiiluis3
448 4277 542 4350 capite
553 4290 615 4334 xrr.
625 4281 759 4352 econtra,
770 4275 899 4353 Angelus
908 4278 1040 4353 Raphacl
1053 4293 1069 4338 e
1082 4280 1192 4337 sanctis
1208 4276 1327 4353 Angelis
1338 4289 1412 4336 unus
