<?xml version="1.0" encoding="UTF-8"?>
<!DOCTYPE html PUBLIC "-//W3C//DTD XHTML 1.0 Transitional//EN"
    "http://www.w3.org/TR/xhtml1/DTD/xhtml1-transitional.dtd">
<html xmlns="http://www.w3.org/1999/xhtml" xml:lang="en" lang="en">
 <head>
  <title>
</title>
<meta http-equiv="Content-Type" content="text/html;charset=utf-8" />
  <meta name='ocr-system' content='tesseract 3.04.00' />
  <meta name='ocr-capabilities' content='ocr_page ocr_carea ocr_par ocr_line ocrx_word'/>
</head>
<body>
  <div class='ocr_page' id='page_1' title='image "./sessioquartacon00vincgoog_0159.png"; bbox 0 0 2964 5174; ppageno 0'>
   <div class='ocr_carea' id='block_1_1' title="bbox 365 399 1437 4110">
    <p class='ocr_par' dir='ltr' id='par_1_1' title="bbox 816 399 995 454">
     <span class='ocr_line' id='line_1_1' title="bbox 816 399 995 454; baseline 0 0"><span class='ocrx_word' id='word_1_1' title='bbox 816 427 855 438; x_wconf 87' lang='lat'><strong>—-</strong></span> <span class='ocrx_word' id='word_1_2' title='bbox 879 399 936 454; x_wconf 73' lang='lat' dir='ltr'><strong>roi</strong></span> <span class='ocrx_word' id='word_1_3' title='bbox 956 420 995 438; x_wconf 48' lang='lat' dir='ltr'><strong>-e</strong></span> 
     </span>
    </p>

    <p class='ocr_par' dir='ltr' id='par_1_2' title="bbox 365 509 1437 2738">
     <span class='ocr_line' id='line_1_2' title="bbox 369 509 1433 585; baseline -0.002 -18"><span class='ocrx_word' id='word_1_4' title='bbox 369 530 430 583; x_wconf 77' lang='lat' dir='ltr'><strong>mr,</strong></span> <span class='ocrx_word' id='word_1_5' title='bbox 455 515 499 568; x_wconf 73' lang='lat' dir='ltr'><strong>aei</strong></span> <span class='ocrx_word' id='word_1_6' title='bbox 522 515 622 583; x_wconf 76' lang='grc' dir='ltr'><em>πνεῦμα</em></span> <span class='ocrx_word' id='word_1_7' title='bbox 649 509 735 583; x_wconf 68' lang='grc' dir='ltr'><em>κυρίου</em></span> <span class='ocrx_word' id='word_1_8' title='bbox 760 513 920 585; x_wconf 74' lang='grc' dir='ltr'><strong>πεπλήρωκεν</strong></span> <span class='ocrx_word' id='word_1_9' title='bbox 945 513 991 573; x_wconf 70' lang='grc' dir='ltr'><strong>τήν</strong></span> <span class='ocrx_word' id='word_1_10' title='bbox 1017 513 1191 584; x_wconf 75' lang='grc' dir='ltr'><em>οἵκονμένην,</em></span> <span class='ocrx_word' id='word_1_11' title='bbox 1219 517 1239 572; x_wconf 77' lang='lat' dir='ltr'><strong>j,</strong></span> <span class='ocrx_word' id='word_1_12' title='bbox 1257 533 1283 574; x_wconf 76' lang='lat' dir='ltr'><strong>e,</strong></span> <span class='ocrx_word' id='word_1_13' title='bbox 1299 513 1335 576; x_wconf 79' lang='lat' dir='ltr'><strong>Et</strong></span> <span class='ocrx_word' id='word_1_14' title='bbox 1354 519 1433 578; x_wconf 70' lang='lat' dir='ltr'><strong>ineop.</strong></span> 
     </span>
     <span class='ocr_line' id='line_1_3' title="bbox 366 610 1433 689; baseline 0.001 -15"><span class='ocrx_word' id='word_1_15' title='bbox 366 613 511 689; x_wconf 89' lang='lat' dir='ltr'><strong>ruptibilis</strong></span> <span class='ocrx_word' id='word_1_16' title='bbox 534 619 621 688; x_wconf 85' lang='lat' dir='ltr'><strong>tuus,</strong></span> <span class='ocrx_word' id='word_1_17' title='bbox 643 611 729 688; x_wconf 85' lang='lat' dir='ltr'><strong>dicit,</strong></span> <span class='ocrx_word' id='word_1_18' title='bbox 745 610 929 687; x_wconf 82' lang='lat' dir='ltr'><strong>Spirituscst</strong></span> <span class='ocrx_word' id='word_1_19' title='bbox 942 613 974 669; x_wconf 91' lang='lat' dir='ltr'><strong>in</strong></span> <span class='ocrx_word' id='word_1_20' title='bbox 994 611 1149 688; x_wconf 81' lang='lat' dir='ltr'><strong>omnibus3</strong></span> <span class='ocrx_word' id='word_1_21' title='bbox 1168 619 1198 672; x_wconf 88' lang='lat' dir='ltr'><strong>et</strong></span> <span class='ocrx_word' id='word_1_22' title='bbox 1216 613 1338 688; x_wconf 87' lang='lat' dir='ltr'><strong>Spiritus</strong></span> <span class='ocrx_word' id='word_1_23' title='bbox 1348 615 1433 676; x_wconf 89' lang='lat' dir='ltr'><strong>Domi·</strong></span> 
     </span>
     <span class='ocr_line' id='line_1_4' title="bbox 365 708 1436 788; baseline 0.004 -18"><span class='ocrx_word' id='word_1_24' title='bbox 365 715 396 770; x_wconf 91' lang='lat' dir='ltr'><strong>ni</strong></span> <span class='ocrx_word' id='word_1_25' title='bbox 410 712 532 788; x_wconf 88' lang='lat' dir='ltr'><strong>replevit</strong></span> <span class='ocrx_word' id='word_1_26' title='bbox 544 710 644 769; x_wconf 91' lang='lat' dir='ltr'><strong>orbem</strong></span> <span class='ocrx_word' id='word_1_27' title='bbox 658 715 814 769; x_wconf 89' lang='lat' dir='ltr'><strong>terrarum.</strong></span> <span class='ocrx_word' id='word_1_28' title='bbox 829 734 842 759; x_wconf 71' lang='grc' dir='ltr'><strong>υ</strong></span> <span class='ocrx_word' id='word_1_29' title='bbox 857 708 962 768; x_wconf 83' lang='lat' dir='ltr'><strong>Postea</strong></span> <span class='ocrx_word' id='word_1_30' title='bbox 973 709 1139 786; x_wconf 83' lang='lat' dir='ltr'><strong>subjungit:</strong></span> <span class='ocrx_word' id='word_1_31' title='bbox 1160 735 1172 759; x_wconf 82' lang='lat'>«</span> <span class='ocrx_word' id='word_1_32' title='bbox 1185 709 1277 768; x_wconf 90' lang='lat' dir='ltr'><strong>Nemo</strong></span> <span class='ocrx_word' id='word_1_33' title='bbox 1290 714 1364 770; x_wconf 90' lang='lat' dir='ltr'><strong>enim</strong></span> <span class='ocrx_word' id='word_1_34' title='bbox 1376 716 1436 774; x_wconf 86' lang='lat' dir='ltr'><strong>adeo</strong></span> 
     </span>
     <span class='ocr_line' id='line_1_5' title="bbox 369 807 1437 886; baseline 0.001 -17"><span class='ocrx_word' id='word_1_35' title='bbox 369 811 503 886; x_wconf 86' lang='lat' dir='ltr'><strong>stupidus</strong></span> <span class='ocrx_word' id='word_1_36' title='bbox 521 810 705 884; x_wconf 87' lang='lat' dir='ltr'><strong>invenietur,</strong></span> <span class='ocrx_word' id='word_1_37' title='bbox 721 815 808 884; x_wconf 88' lang='lat' dir='ltr'><strong>atquc</strong></span> <span class='ocrx_word' id='word_1_38' title='bbox 831 807 935 885; x_wconf 83' lang='lat' dir='ltr'><strong>hebes,</strong></span> <span class='ocrx_word' id='word_1_39' title='bbox 950 814 984 866; x_wconf 91' lang='lat' dir='ltr'><strong>ut</strong></span> <span class='ocrx_word' id='word_1_40' title='bbox 1004 825 1020 867; x_wconf 90' lang='lat' dir='ltr'><strong>e</strong></span> <span class='ocrx_word' id='word_1_41' title='bbox 1038 810 1159 867; x_wconf 78' lang='lat' dir='ltr'><strong>sinceris</strong></span> <span class='ocrx_word' id='word_1_42' title='bbox 1179 807 1277 884; x_wconf 86' lang='lat' dir='ltr'><strong>bisce,</strong></span> <span class='ocrx_word' id='word_1_43' title='bbox 1299 827 1332 868; x_wconf 92' lang='lat' dir='ltr'><strong>ac</strong></span> <span class='ocrx_word' id='word_1_44' title='bbox 1352 816 1437 886; x_wconf 83' lang='lat' dir='ltr'><strong>genui·</strong></span> 
     </span>
     <span class='ocr_line' id='line_1_6' title="bbox 366 905 1437 983; baseline 0.003 -16"><span class='ocrx_word' id='word_1_45' title='bbox 366 912 413 967; x_wconf 92' lang='lat' dir='ltr'><strong>nis</strong></span> <span class='ocrx_word' id='word_1_46' title='bbox 425 909 599 968; x_wconf 81' lang='lat' dir='ltr'><strong>testimoniis</strong></span> <span class='ocrx_word' id='word_1_47' title='bbox 612 910 838 966; x_wconf 81' lang='lat' dir='ltr'><strong>immensitatem</strong></span> <span class='ocrx_word' id='word_1_48' title='bbox 851 905 1012 983; x_wconf 85' lang='lat' dir='ltr'><strong>Unigeniti,</strong></span> <span class='ocrx_word' id='word_1_49' title='bbox 1027 914 1057 966; x_wconf 92' lang='lat' dir='ltr'><strong>ct</strong></span> <span class='ocrx_word' id='word_1_50' title='bbox 1070 909 1245 966; x_wconf 84' lang='lat' dir='ltr'><strong>sanctissimi</strong></span> <span class='ocrx_word' id='word_1_51' title='bbox 1257 907 1377 983; x_wconf 85' lang='lat' dir='ltr'><strong>Spiritus</strong></span> <span class='ocrx_word' id='word_1_52' title='bbox 1386 927 1437 970; x_wconf 88' lang='lat' dir='ltr'><strong>non</strong></span> 
     </span>
     <span class='ocr_line' id='line_1_7' title="bbox 365 1005 1437 1084; baseline 0.004 -18"><span class='ocrx_word' id='word_1_53' title='bbox 365 1007 492 1084; x_wconf 81' lang='lat' dir='ltr'><strong>colligat.</strong></span> <span class='ocrx_word' id='word_1_54' title='bbox 507 1032 519 1057; x_wconf 92' lang='lat'>»</span> <span class='ocrx_word' id='word_1_55' title='bbox 537 1007 625 1065; x_wconf 87' lang='lat' dir='ltr'><strong>Libro</strong></span> <span class='ocrx_word' id='word_1_56' title='bbox 657 1023 696 1064; x_wconf 92' lang='lat'><strong>11.</strong></span> <span class='ocrx_word' id='word_1_57' title='bbox 719 1023 783 1081; x_wconf 88' lang='lat' dir='ltr'><strong>cap.</strong></span> <span class='ocrx_word' id='word_1_58' title='bbox 798 1014 827 1063; x_wconf 84' lang='grc'><strong>6.</strong></span> <span class='ocrx_word' id='word_1_59' title='bbox 844 1005 1009 1064; x_wconf 75' lang='lat' dir='ltr'><strong>«creatura</strong></span> <span class='ocrx_word' id='word_1_60' title='bbox 1030 1023 1091 1064; x_wconf 92' lang='lat' dir='ltr'><strong>non</strong></span> <span class='ocrx_word' id='word_1_61' title='bbox 1113 1005 1219 1066; x_wconf 88' lang='lat' dir='ltr'><strong>dicitur</strong></span> <span class='ocrx_word' id='word_1_62' title='bbox 1241 1009 1273 1065; x_wconf 90' lang='lat' dir='ltr'><strong>in</strong></span> <span class='ocrx_word' id='word_1_63' title='bbox 1297 1006 1437 1082; x_wconf 88' lang='lat' dir='ltr'><strong>Scripturis</strong></span> 
     </span>
     <span class='ocr_line' id='line_1_8' title="bbox 367 1103 1436 1182; baseline 0.003 -20"><span class='ocrx_word' id='word_1_64' title='bbox 367 1108 495 1163; x_wconf 84' lang='lat' dir='ltr'><strong>amatrix</strong></span> <span class='ocrx_word' id='word_1_65' title='bbox 509 1104 747 1180; x_wconf 50' lang='lat' dir='ltr'><strong>hominnmfseu</strong></span> <span class='ocrx_word' id='word_1_66' title='bbox 760 1104 887 1180; x_wconf 82' lang='lat' dir='ltr'><strong>benigna</strong></span> <span class='ocrx_word' id='word_1_67' title='bbox 901 1105 931 1161; x_wconf 93' lang='lat' dir='ltr'><strong>in</strong></span> <span class='ocrx_word' id='word_1_68' title='bbox 945 1103 1108 1164; x_wconf 90' lang='lat' dir='ltr'><strong>humanum</strong></span> <span class='ocrx_word' id='word_1_69' title='bbox 1123 1121 1229 1182; x_wconf 80' lang='lat' dir='ltr'><strong>genus3</strong></span> <span class='ocrx_word' id='word_1_70' title='bbox 1248 1105 1280 1164; x_wconf 90' lang='lat' dir='ltr'><strong>id</strong></span> <span class='ocrx_word' id='word_1_71' title='bbox 1292 1108 1368 1163; x_wconf 92' lang='lat' dir='ltr'><strong>enim</strong></span> <span class='ocrx_word' id='word_1_72' title='bbox 1380 1123 1436 1165; x_wconf 88' lang='lat' dir='ltr'><strong>con-</strong></span> 
     </span>
     <span class='ocr_line' id='line_1_9' title="bbox 365 1206 1435 1284; baseline -0.002 -20"><span class='ocrx_word' id='word_1_73' title='bbox 365 1207 447 1264; x_wconf 89' lang='lat' dir='ltr'><strong>venit</strong></span> <span class='ocrx_word' id='word_1_74' title='bbox 468 1206 710 1266; x_wconf 82' lang='lat' dir='ltr'><strong>consubstantiali</strong></span> <span class='ocrx_word' id='word_1_75' title='bbox 729 1206 887 1283; x_wconf 78' lang='lat' dir='ltr'><strong>Trinitati3</strong></span> <span class='ocrx_word' id='word_1_76' title='bbox 904 1206 956 1258; x_wconf 71' lang='lat' dir='ltr'><strong>Kar·</strong></span> <span class='ocrx_word' id='word_1_77' title='bbox 972 1207 1003 1268; x_wconf 70' lang='grc' dir='ltr'><strong>ὥς</strong></span> <span class='ocrx_word' id='word_1_78' title='bbox 1019 1210 1142 1279; x_wconf 65' lang='lat' dir='ltr'><strong>Sarapis</strong></span> <span class='ocrx_word' id='word_1_79' title='bbox 1161 1207 1244 1278; x_wconf 75' lang='grc' dir='ltr'><em>λέγει,</em></span> <span class='ocrx_word' id='word_1_80' title='bbox 1262 1208 1301 1284; x_wconf 77' lang='grc'><strong>(1)</strong></span> <span class='ocrx_word' id='word_1_81' title='bbox 1333 1209 1399 1281; x_wconf 73' lang='grc' dir='ltr'><em>φείδῃ</em></span> <span class='ocrx_word' id='word_1_82' title='bbox 1416 1213 1435 1262; x_wconf 82' lang='lat' dir='ltr'><strong>a·</strong></span> 
     </span>
     <span class='ocr_line' id='line_1_10' title="bbox 366 1303 1436 1382; baseline 0.008 -24"><span class='ocrx_word' id='word_1_83' title='bbox 366 1304 476 1370; x_wconf 73' lang='grc' dir='ltr'><em>πάντων,</em></span> <span class='ocrx_word' id='word_1_84' title='bbox 497 1303 534 1358; x_wconf 77' lang='grc' dir='ltr'><strong>ὅτι</strong></span> <span class='ocrx_word' id='word_1_85' title='bbox 556 1305 639 1359; x_wconf 70' lang='grc' dir='ltr'><em>πάντα</em></span> <span class='ocrx_word' id='word_1_86' title='bbox 659 1306 695 1358; x_wconf 84' lang='grc' dir='ltr'><strong>σοὶ</strong></span> <span class='ocrx_word' id='word_1_87' title='bbox 714 1306 787 1358; x_wconf 66' lang='grc' dir='ltr'><em>ἐστὶν</em></span> <span class='ocrx_word' id='word_1_88' title='bbox 804 1307 918 1360; x_wconf 68' lang='lat' dir='ltr'><strong>drenow</strong></span> <span class='ocrx_word' id='word_1_89' title='bbox 929 1307 1080 1382; x_wconf 73' lang='grc' dir='ltr'><strong>φνλὸψνχε,</strong></span> <span class='ocrx_word' id='word_1_90' title='bbox 1095 1312 1115 1366; x_wconf 86' lang='lat' dir='ltr'><strong>i.</strong></span> <span class='ocrx_word' id='word_1_91' title='bbox 1136 1325 1162 1366; x_wconf 81' lang='grc' dir='ltr'><strong>θ.</strong></span> <span class='ocrx_word' id='word_1_92' title='bbox 1180 1307 1218 1366; x_wconf 74' lang='lat' dir='ltr'><strong>Et</strong></span> <span class='ocrx_word' id='word_1_93' title='bbox 1230 1306 1436 1367; x_wconf 83' lang='lat' dir='ltr'><strong>sicutSalomon</strong></span> 
     </span>
     <span class='ocr_line' id='line_1_11' title="bbox 367 1403 1437 1490; baseline 0.004 -29"><span class='ocrx_word' id='word_1_94' title='bbox 367 1403 462 1490; x_wconf 86' lang='lat' dir='ltr'><strong>dicit:</strong></span> <span class='ocrx_word' id='word_1_95' title='bbox 483 1435 496 1447; x_wconf 94' lang='lat'><em>·</em></span> <span class='ocrx_word' id='word_1_96' title='bbox 507 1405 608 1463; x_wconf 91' lang='lat' dir='ltr'><strong>Parcis</strong></span> <span class='ocrx_word' id='word_1_97' title='bbox 620 1409 717 1463; x_wconf 88' lang='lat' dir='ltr'><strong>autern</strong></span> <span class='ocrx_word' id='word_1_98' title='bbox 738 1405 890 1481; x_wconf 89' lang='lat' dir='ltr'><strong>omnibus,</strong></span> <span class='ocrx_word' id='word_1_99' title='bbox 909 1409 1049 1482; x_wconf 87' lang='lat' dir='ltr'><strong>quoniam</strong></span> <span class='ocrx_word' id='word_1_100' title='bbox 1062 1409 1161 1465; x_wconf 90' lang='lat' dir='ltr'><strong>omnia</strong></span> <span class='ocrx_word' id='word_1_101' title='bbox 1176 1413 1229 1465; x_wconf 90' lang='lat' dir='ltr'><strong>tua</strong></span> <span class='ocrx_word' id='word_1_102' title='bbox 1243 1411 1324 1482; x_wconf 85' lang='lat' dir='ltr'><strong>sunt,</strong></span> <span class='ocrx_word' id='word_1_103' title='bbox 1333 1405 1437 1465; x_wconf 78' lang='lat' dir='ltr'><strong>Domine</strong></span> 
     </span>
     <span class='ocr_line' id='line_1_12' title="bbox 369 1495 1434 1582; baseline 0.004 -23"><span class='ocrx_word' id='word_1_104' title='bbox 369 1504 535 1560; x_wconf 88' lang='lat' dir='ltr'><strong>animarum</strong></span> <span class='ocrx_word' id='word_1_105' title='bbox 557 1510 680 1561; x_wconf 89' lang='lat' dir='ltr'><strong>amator.</strong></span> <span class='ocrx_word' id='word_1_106' title='bbox 699 1529 710 1553; x_wconf 73' lang='grc' dir='ltr'><em>ν</em></span> <span class='ocrx_word' id='word_1_107' title='bbox 728 1503 817 1563; x_wconf 91' lang='lat' dir='ltr'><strong>Libro</strong></span> <span class='ocrx_word' id='word_1_108' title='bbox 837 1523 859 1562; x_wconf 81' lang='grc' dir='ltr'><strong>ι.</strong></span> <span class='ocrx_word' id='word_1_109' title='bbox 881 1522 944 1582; x_wconf 90' lang='lat' dir='ltr'><strong>cap.</strong></span> <span class='ocrx_word' id='word_1_110' title='bbox 969 1513 1017 1564; x_wconf 82' lang='lat'><strong>27.</strong></span> <span class='ocrx_word' id='word_1_111' title='bbox 1037 1505 1075 1563; x_wconf 89' lang='lat' dir='ltr'><strong>ad</strong></span> <span class='ocrx_word' id='word_1_112' title='bbox 1091 1495 1208 1564; x_wconf 83' lang='lat' dir='ltr'><strong>Bardch</strong></span> <span class='ocrx_word' id='word_1_113' title='bbox 1225 1505 1334 1563; x_wconf 91' lang='lat' dir='ltr'><strong>librum</strong></span> <span class='ocrx_word' id='word_1_114' title='bbox 1352 1505 1434 1582; x_wconf 78' lang='lat' dir='ltr'><strong>vadit,</strong></span> 
     </span>
     <span class='ocr_line' id='line_1_13' title="bbox 367 1600 1435 1679; baseline 0.002 -21"><span class='ocrx_word' id='word_1_115' title='bbox 367 1603 520 1677; x_wconf 89' lang='lat' dir='ltr'><strong>inquiens:</strong></span> <span class='ocrx_word' id='word_1_116' title='bbox 541 1627 553 1650; x_wconf 71' lang='grc' dir='ltr'><strong>«ι</strong></span> <span class='ocrx_word' id='word_1_117' title='bbox 566 1600 607 1660; x_wconf 88' lang='lat' dir='ltr'><strong>Ut</strong></span> <span class='ocrx_word' id='word_1_118' title='bbox 624 1608 722 1660; x_wconf 88' lang='lat' dir='ltr'><strong>antem</strong></span> <span class='ocrx_word' id='word_1_119' title='bbox 739 1603 876 1662; x_wconf 86' lang='lat' dir='ltr'><strong>deitatem</strong></span> <span class='ocrx_word' id='word_1_120' title='bbox 897 1605 988 1679; x_wconf 91' lang='lat' dir='ltr'><strong>ipsius</strong></span> <span class='ocrx_word' id='word_1_121' title='bbox 1005 1603 1139 1663; x_wconf 90' lang='lat' dir='ltr'><strong>ostendat</strong></span> <span class='ocrx_word' id='word_1_122' title='bbox 1155 1605 1336 1679; x_wconf 88' lang='lat' dir='ltr'><strong>quantitate,</strong></span> <span class='ocrx_word' id='word_1_123' title='bbox 1350 1609 1377 1660; x_wconf 93' lang='lat' dir='ltr'><strong>ct</strong></span> <span class='ocrx_word' id='word_1_124' title='bbox 1387 1620 1435 1660; x_wconf 85' lang='lat' dir='ltr'><strong>ma-</strong></span> 
     </span>
     <span class='ocr_line' id='line_1_14' title="bbox 368 1699 1437 1779; baseline 0.007 -23"><span class='ocrx_word' id='word_1_125' title='bbox 368 1699 521 1775; x_wconf 86' lang='lat' dir='ltr'><strong>gnitudine</strong></span> <span class='ocrx_word' id='word_1_126' title='bbox 535 1703 719 1776; x_wconf 86' lang='lat' dir='ltr'><strong>carerc,ait:-</strong></span> <span class='ocrx_word' id='word_1_127' title='bbox 728 1705 808 1777; x_wconf 85' lang='lat' dir='ltr'><strong>pacis</strong></span> <span class='ocrx_word' id='word_1_128' title='bbox 823 1706 885 1777; x_wconf 89' lang='lat' dir='ltr'><strong>ejus</strong></span> <span class='ocrx_word' id='word_1_129' title='bbox 895 1719 954 1760; x_wconf 88' lang='lat' dir='ltr'><strong>non</strong></span> <span class='ocrx_word' id='word_1_130' title='bbox 966 1709 1010 1762; x_wconf 91' lang='lat' dir='ltr'><strong>est</strong></span> <span class='ocrx_word' id='word_1_131' title='bbox 1021 1705 1183 1779; x_wconf 82' lang='lat' dir='ltr'><strong>terminus3</strong></span> <span class='ocrx_word' id='word_1_132' title='bbox 1199 1703 1252 1756; x_wconf 74' lang='lat' dir='ltr'><strong>Kar·</strong></span> <span class='ocrx_word' id='word_1_133' title='bbox 1273 1700 1390 1773; x_wconf 73' lang='grc' dir='ltr'><strong>Ἱερεμίας</strong></span> <span class='ocrx_word' id='word_1_134' title='bbox 1409 1703 1437 1766; x_wconf 82' lang='lat' dir='ltr'><strong>a&#39;,</strong></span> 
     </span>
     <span class='ocr_line' id='line_1_15' title="bbox 370 1797 1434 1875; baseline 0.003 -26"><span class='ocrx_word' id='word_1_135' title='bbox 370 1797 427 1855; x_wconf 76' lang='grc' dir='ltr'><em>ἦτον</em></span> <span class='ocrx_word' id='word_1_136' title='bbox 441 1800 555 1872; x_wconf 75' lang='grc' dir='ltr'>Βαρούχ·</span> <span class='ocrx_word' id='word_1_137' title='bbox 578 1798 671 1864; x_wconf 69' lang='grc' dir='ltr'><em>βίβλος</em></span> <span class='ocrx_word' id='word_1_138' title='bbox 690 1801 741 1872; x_wconf 74' lang='grc' dir='ltr'><em>γοὶρ</em></span> <span class='ocrx_word' id='word_1_139' title='bbox 760 1799 810 1872; x_wconf 80' lang='grc' dir='ltr'><strong>μία</strong></span> <span class='ocrx_word' id='word_1_140' title='bbox 825 1799 973 1873; x_wconf 71' lang='grc' dir='ltr'>ἀμφοτέρων</span> <span class='ocrx_word' id='word_1_141' title='bbox 989 1801 1079 1864; x_wconf 78' lang='grc' dir='ltr'><em>ε’στίν,</em></span> <span class='ocrx_word' id='word_1_142' title='bbox 1094 1803 1253 1875; x_wconf 83' lang='grc' dir='ltr'><em>σεμνηγορεῖ</em></span> <span class='ocrx_word' id='word_1_143' title='bbox 1272 1801 1331 1874; x_wconf 82' lang='grc' dir='ltr'><strong>ννερνΙ</strong></span> <span class='ocrx_word' id='word_1_144' title='bbox 1354 1797 1434 1864; x_wconf 74' lang='grc' dir='ltr'><strong>αὖτοῦ,</strong></span> 
     </span>
     <span class='ocr_line' id='line_1_16' title="bbox 372 1891 1435 1968; baseline 0.002 -24"><span class='ocrx_word' id='word_1_145' title='bbox 372 1891 447 1953; x_wconf 82' lang='grc' dir='ltr'><em>οὗτος</em></span> <span class='ocrx_word' id='word_1_146' title='bbox 469 1893 563 1954; x_wconf 83' lang='grc' dir='ltr'><em>ὁΘεός</em></span> <span class='ocrx_word' id='word_1_147' title='bbox 584 1893 675 1964; x_wconf 79' lang='grc' dir='ltr'><em>η’μῶν,</em></span> <span class='ocrx_word' id='word_1_148' title='bbox 698 1893 727 1947; x_wconf 77' lang='grc' dir='ltr'><strong>οὐ</strong></span> <span class='ocrx_word' id='word_1_149' title='bbox 746 1893 939 1966; x_wconf 64' lang='grc' dir='ltr'><strong>λογισθήσεται</strong></span> <span class='ocrx_word' id='word_1_150' title='bbox 964 1894 1048 1968; x_wconf 81' lang='grc' dir='ltr'><em>ἔτερος</em></span> <span class='ocrx_word' id='word_1_151' title='bbox 1068 1896 1129 1967; x_wconf 73' lang='grc' dir='ltr'><em>προς</em></span> <span class='ocrx_word' id='word_1_152' title='bbox 1156 1894 1234 1948; x_wconf 76' lang='grc' dir='ltr'><em>ου’νόν</em></span> <span class='ocrx_word' id='word_1_153' title='bbox 1259 1893 1344 1966; x_wconf 72' lang='grc' dir='ltr'><em>ἐξεῦρε</em></span> <span class='ocrx_word' id='word_1_154' title='bbox 1365 1899 1435 1948; x_wconf 70' lang='lat' dir='ltr'><strong>ndum</strong></span> 
     </span>
     <span class='ocr_line' id='line_1_17' title="bbox 368 1984 1435 2057; baseline 0.002 -19"><span class='ocrx_word' id='word_1_155' title='bbox 368 1985 425 2038; x_wconf 78' lang='grc' dir='ltr'><em>ὁδόν</em></span> <span class='ocrx_word' id='word_1_156' title='bbox 444 1985 615 2057; x_wconf 78' lang='grc' dir='ltr'><em>ἐπιστήμης,</em></span> <span class='ocrx_word' id='word_1_157' title='bbox 637 1987 681 2040; x_wconf 70' lang='grc' dir='ltr'><strong><em>καί</em></strong></span> <span class='ocrx_word' id='word_1_158' title='bbox 703 1984 789 2039; x_wconf 80' lang='grc' dir='ltr'><em>ἔδωκεν</em></span> <span class='ocrx_word' id='word_1_159' title='bbox 809 1987 890 2046; x_wconf 69' lang='grc' dir='ltr'><em>αυέἠν</em></span> <span class='ocrx_word' id='word_1_160' title='bbox 914 1987 1005 2053; x_wconf 66' lang='grc' dir='ltr'><strong>Ἰακώβ</strong></span> <span class='ocrx_word' id='word_1_161' title='bbox 1026 1990 1058 2057; x_wconf 80' lang='grc' dir='ltr'><strong>τῷ</strong></span> <span class='ocrx_word' id='word_1_162' title='bbox 1076 1989 1149 2041; x_wconf 75' lang='grc' dir='ltr'><em>παιδὶ</em></span> <span class='ocrx_word' id='word_1_163' title='bbox 1169 1985 1265 2050; x_wconf 70' lang='grc' dir='ltr'><em>αὐτοῦ,</em></span> <span class='ocrx_word' id='word_1_164' title='bbox 1285 1989 1329 2040; x_wconf 74' lang='grc' dir='ltr'><strong>καὶ</strong></span> <span class='ocrx_word' id='word_1_165' title='bbox 1345 1987 1435 2057; x_wconf 78' lang='grc' dir='ltr'><em>Ἰσραήλ</em></span> 
     </span>
     <span class='ocr_line' id='line_1_18' title="bbox 366 2076 1435 2152; baseline 0.002 -24"><span class='ocrx_word' id='word_1_166' title='bbox 366 2080 401 2148; x_wconf 76' lang='grc' dir='ltr'><strong>τῷ</strong></span> <span class='ocrx_word' id='word_1_167' title='bbox 416 2076 575 2149; x_wconf 72' lang='grc' dir='ltr'><em>ἠγαπημένῳ</em></span> <span class='ocrx_word' id='word_1_168' title='bbox 599 2077 641 2132; x_wconf 83' lang='lat' dir='ltr'><strong>u‘rr&#39;</strong></span> <span class='ocrx_word' id='word_1_169' title='bbox 657 2077 746 2132; x_wconf 69' lang='grc' dir='ltr'>αι’τοῦ·</span> <span class='ocrx_word' id='word_1_170' title='bbox 758 2080 828 2150; x_wconf 85' lang='grc' dir='ltr'><em>μετοὶ</em></span> <span class='ocrx_word' id='word_1_171' title='bbox 847 2080 922 2132; x_wconf 74' lang='grc' dir='ltr'><em>τοῦτο</em></span> <span class='ocrx_word' id='word_1_172' title='bbox 937 2080 982 2133; x_wconf 82' lang='grc' dir='ltr'><strong>ε’πί</strong></span> <span class='ocrx_word' id='word_1_173' title='bbox 997 2081 1043 2142; x_wconf 80' lang='grc' dir='ltr'><strong>τῆς</strong></span> <span class='ocrx_word' id='word_1_174' title='bbox 1058 2081 1108 2152; x_wconf 82' lang='grc' dir='ltr'><strong>γῆς</strong></span> <span class='ocrx_word' id='word_1_175' title='bbox 1129 2077 1215 2151; x_wconf 67' lang='grc' dir='ltr'><strong><em>ὤφθη,</em></strong></span> <span class='ocrx_word' id='word_1_176' title='bbox 1232 2081 1277 2133; x_wconf 67' lang='grc' dir='ltr'><strong>καὶ</strong></span> <span class='ocrx_word' id='word_1_177' title='bbox 1298 2077 1323 2132; x_wconf 81' lang='grc' dir='ltr'><strong>ἐν</strong></span> <span class='ocrx_word' id='word_1_178' title='bbox 1342 2081 1390 2140; x_wconf 81' lang='grc' dir='ltr'><em>τοῖς</em></span> <span class='ocrx_word' id='word_1_179' title='bbox 1406 2078 1435 2132; x_wconf 80' lang='grc' dir='ltr'><em>οἱν-</em></span> 
     </span>
     <span class='ocr_line' id='line_1_19' title="bbox 369 2169 1433 2248; baseline -0.005 -15"><span class='ocrx_word' id='word_1_180' title='bbox 369 2169 478 2242; x_wconf 66' lang='lat' dir='ltr'><strong>Spuma</strong></span> <span class='ocrx_word' id='word_1_181' title='bbox 498 2169 710 2244; x_wconf 74' lang='grc' dir='ltr'><em>συνανεοτροίφο,</em></span> <span class='ocrx_word' id='word_1_182' title='bbox 726 2173 746 2228; x_wconf 88' lang='lat' dir='ltr'><strong>i.</strong></span> <span class='ocrx_word' id='word_1_183' title='bbox 763 2187 789 2229; x_wconf 86' lang='lat' dir='ltr'><strong>e.</strong></span> <span class='ocrx_word' id='word_1_184' title='bbox 807 2171 968 2230; x_wconf 84' lang='lat' dir='ltr'><strong>Hieremias</strong></span> <span class='ocrx_word' id='word_1_185' title='bbox 982 2187 1064 2248; x_wconf 88' lang='lat' dir='ltr'><strong>vero,</strong></span> <span class='ocrx_word' id='word_1_186' title='bbox 1077 2171 1124 2230; x_wconf 84' lang='lat' dir='ltr'><strong>vel</strong></span> <span class='ocrx_word' id='word_1_187' title='bbox 1137 2171 1267 2246; x_wconf 80' lang='lat' dir='ltr'><strong>Baruch3</strong></span> <span class='ocrx_word' id='word_1_188' title='bbox 1285 2171 1363 2247; x_wconf 90' lang='lat' dir='ltr'><strong>(nam</strong></span> <span class='ocrx_word' id='word_1_189' title='bbox 1374 2187 1433 2228; x_wconf 89' lang='lat' dir='ltr'><strong>unus</strong></span> 
     </span>
     <span class='ocr_line' id='line_1_20' title="bbox 367 2267 1432 2345; baseline -0.003 -16"><span class='ocrx_word' id='word_1_190' title='bbox 367 2277 413 2329; x_wconf 89' lang='lat' dir='ltr'><strong>est</strong></span> <span class='ocrx_word' id='word_1_191' title='bbox 433 2271 587 2330; x_wconf 91' lang='lat' dir='ltr'><strong>amborum</strong></span> <span class='ocrx_word' id='word_1_192' title='bbox 608 2269 695 2345; x_wconf 79' lang='lat' dir='ltr'><strong>liber)</strong></span> <span class='ocrx_word' id='word_1_193' title='bbox 711 2267 744 2327; x_wconf 93' lang='lat' dir='ltr'><strong>in</strong></span> <span class='ocrx_word' id='word_1_194' title='bbox 762 2270 840 2328; x_wconf 90' lang='lat' dir='ltr'><strong>hunc</strong></span> <span class='ocrx_word' id='word_1_195' title='bbox 862 2269 983 2328; x_wconf 89' lang='lat' dir='ltr'><strong>modum</strong></span> <span class='ocrx_word' id='word_1_196' title='bbox 1005 2269 1042 2328; x_wconf 87' lang='lat' dir='ltr'><strong>dc</strong></span> <span class='ocrx_word' id='word_1_197' title='bbox 1062 2270 1113 2328; x_wconf 93' lang='lat' dir='ltr'><strong>illo</strong></span> <span class='ocrx_word' id='word_1_198' title='bbox 1132 2271 1279 2345; x_wconf 85' lang='lat' dir='ltr'><strong>loquitur:</strong></span> <span class='ocrx_word' id='word_1_199' title='bbox 1292 2271 1364 2328; x_wconf 77' lang='lat' dir='ltr'><strong>-ista</strong></span> <span class='ocrx_word' id='word_1_200' title='bbox 1373 2269 1432 2327; x_wconf 88' lang='lat' dir='ltr'><strong>Deus</strong></span> 
     </span>
     <span class='ocr_line' id='line_1_21' title="bbox 367 2366 1432 2444; baseline -0.004 -18"><span class='ocrx_word' id='word_1_201' title='bbox 367 2375 488 2443; x_wconf 84' lang='lat' dir='ltr'><strong>noster,</strong></span> <span class='ocrx_word' id='word_1_202' title='bbox 511 2385 571 2426; x_wconf 91' lang='lat' dir='ltr'><strong>non</strong></span> <span class='ocrx_word' id='word_1_203' title='bbox 589 2367 771 2444; x_wconf 87' lang='lat' dir='ltr'><strong>reputabitur</strong></span> <span class='ocrx_word' id='word_1_204' title='bbox 787 2369 864 2425; x_wconf 89' lang='lat' dir='ltr'><strong>alius</strong></span> <span class='ocrx_word' id='word_1_205' title='bbox 882 2367 920 2426; x_wconf 91' lang='lat' dir='ltr'><strong>ad</strong></span> <span class='ocrx_word' id='word_1_206' title='bbox 940 2384 1024 2442; x_wconf 88' lang='lat' dir='ltr'><strong>cum,</strong></span> <span class='ocrx_word' id='word_1_207' title='bbox 1046 2369 1160 2425; x_wconf 86' lang='lat' dir='ltr'><strong>invenit</strong></span> <span class='ocrx_word' id='word_1_208' title='bbox 1176 2383 1295 2426; x_wconf 91' lang='lat' dir='ltr'><strong>omnem</strong></span> <span class='ocrx_word' id='word_1_209' title='bbox 1315 2370 1386 2425; x_wconf 86' lang='lat' dir='ltr'><strong>viam</strong></span> <span class='ocrx_word' id='word_1_210' title='bbox 1400 2366 1432 2422; x_wconf 87' lang='lat' dir='ltr'><strong>di-</strong></span> 
     </span>
     <span class='ocr_line' id='line_1_22' title="bbox 370 2465 1431 2543; baseline -0.004 -19"><span class='ocrx_word' id='word_1_211' title='bbox 370 2467 527 2543; x_wconf 85' lang='lat' dir='ltr'><strong>sciplinae,</strong></span> <span class='ocrx_word' id='word_1_212' title='bbox 552 2474 581 2526; x_wconf 90' lang='lat' dir='ltr'><strong>et</strong></span> <span class='ocrx_word' id='word_1_213' title='bbox 605 2467 686 2526; x_wconf 88' lang='lat' dir='ltr'><strong>dedit</strong></span> <span class='ocrx_word' id='word_1_214' title='bbox 703 2483 769 2524; x_wconf 92' lang='lat' dir='ltr'><strong>eam</strong></span> <span class='ocrx_word' id='word_1_215' title='bbox 792 2466 883 2525; x_wconf 86' lang='lat' dir='ltr'><strong>Jacob</strong></span> <span class='ocrx_word' id='word_1_216' title='bbox 906 2482 996 2542; x_wconf 90' lang='lat' dir='ltr'><strong>puero</strong></span> <span class='ocrx_word' id='word_1_217' title='bbox 1017 2482 1088 2541; x_wconf 89' lang='lat' dir='ltr'><strong>suo,</strong></span> <span class='ocrx_word' id='word_1_218' title='bbox 1109 2471 1138 2524; x_wconf 91' lang='lat' dir='ltr'><strong>et</strong></span> <span class='ocrx_word' id='word_1_219' title='bbox 1155 2466 1247 2524; x_wconf 86' lang='lat' dir='ltr'><strong>Israel</strong></span> <span class='ocrx_word' id='word_1_220' title='bbox 1263 2465 1364 2524; x_wconf 84' lang='lat' dir='ltr'><strong>dilecto</strong></span> <span class='ocrx_word' id='word_1_221' title='bbox 1376 2481 1431 2538; x_wconf 83' lang='lat' dir='ltr'><strong>suo;</strong></span> 
     </span>
     <span class='ocr_line' id='line_1_23' title="bbox 366 2564 1430 2640; baseline -0.002 -18"><span class='ocrx_word' id='word_1_222' title='bbox 366 2571 433 2640; x_wconf 93' lang='lat' dir='ltr'><strong>post</strong></span> <span class='ocrx_word' id='word_1_223' title='bbox 455 2565 511 2623; x_wconf 91' lang='lat' dir='ltr'><strong>hoc</strong></span> <span class='ocrx_word' id='word_1_224' title='bbox 529 2578 615 2639; x_wconf 91' lang='lat' dir='ltr'><strong>super</strong></span> <span class='ocrx_word' id='word_1_225' title='bbox 632 2571 711 2623; x_wconf 91' lang='lat' dir='ltr'><strong>terra</strong></span> <span class='ocrx_word' id='word_1_226' title='bbox 728 2567 880 2640; x_wconf 88' lang='lat' dir='ltr'><strong>apparuit,</strong></span> <span class='ocrx_word' id='word_1_227' title='bbox 903 2571 932 2623; x_wconf 89' lang='lat' dir='ltr'><strong>et</strong></span> <span class='ocrx_word' id='word_1_228' title='bbox 950 2566 1026 2623; x_wconf 90' lang='lat' dir='ltr'><strong>inter</strong></span> <span class='ocrx_word' id='word_1_229' title='bbox 1043 2564 1175 2622; x_wconf 89' lang='lat' dir='ltr'><strong>homines</strong></span> <span class='ocrx_word' id='word_1_230' title='bbox 1187 2570 1372 2622; x_wconf 85' lang='lat' dir='ltr'><strong>conversatus</strong></span> <span class='ocrx_word' id='word_1_231' title='bbox 1384 2568 1430 2620; x_wconf 92' lang='lat' dir='ltr'><strong>est:</strong></span> 
     </span>
     <span class='ocr_line' id='line_1_24' title="bbox 369 2662 1334 2738; baseline 0 -18"><span class='ocrx_word' id='word_1_232' title='bbox 369 2678 456 2737; x_wconf 87' lang='lat' dir='ltr'><strong>porro</strong></span> <span class='ocrx_word' id='word_1_233' title='bbox 474 2665 531 2720; x_wconf 91' lang='lat' dir='ltr'><strong>nisi</strong></span> <span class='ocrx_word' id='word_1_234' title='bbox 550 2666 682 2738; x_wconf 91' lang='lat' dir='ltr'><strong>apposita</strong></span> <span class='ocrx_word' id='word_1_235' title='bbox 704 2662 853 2738; x_wconf 85' lang='lat' dir='ltr'><strong>Scriptura</strong></span> <span class='ocrx_word' id='word_1_236' title='bbox 874 2666 921 2723; x_wconf 88' lang='lat' dir='ltr'><strong>vei</strong></span> <span class='ocrx_word' id='word_1_237' title='bbox 940 2663 957 2725; x_wconf 74' lang='lat' dir='ltr'><strong>i</strong></span> <span class='ocrx_word' id='word_1_238' title='bbox 974 2663 1125 2734; x_wconf 79' lang='grc' dir='ltr'><em>προκειμένη</em></span> <span class='ocrx_word' id='word_1_239' title='bbox 1146 2665 1258 2737; x_wconf 74' lang='grc' dir='ltr'><em>γραφή,</em></span> <span class='ocrx_word' id='word_1_240' title='bbox 1277 2667 1334 2721; x_wconf 89' lang='lat' dir='ltr'><strong>etc.</strong></span> 
     </span>
    </p>

    <p class='ocr_par' dir='ltr' id='par_1_3' title="bbox 366 2760 1433 4110">
     <span class='ocr_line' id='line_1_25' title="bbox 407 2760 1431 2837; baseline -0.004 -19"><span class='ocrx_word' id='word_1_241' title='bbox 407 2760 496 2819; x_wconf 89' lang='lat' dir='ltr'><strong>Libro</strong></span> <span class='ocrx_word' id='word_1_242' title='bbox 513 2761 641 2819; x_wconf 89' lang='lat' dir='ltr'><strong>secundo</strong></span> <span class='ocrx_word' id='word_1_243' title='bbox 654 2760 689 2818; x_wconf 92' lang='lat' dir='ltr'><strong>de</strong></span> <span class='ocrx_word' id='word_1_244' title='bbox 703 2761 862 2837; x_wconf 87' lang='lat' dir='ltr'><strong>Trinitate‚</strong></span> <span class='ocrx_word' id='word_1_245' title='bbox 881 2778 945 2837; x_wconf 90' lang='lat' dir='ltr'><strong>cap.</strong></span> <span class='ocrx_word' id='word_1_246' title='bbox 969 2771 1017 2820; x_wconf 86' lang='lat'><strong>11.</strong></span> <span class='ocrx_word' id='word_1_247' title='bbox 1038 2762 1189 2822; x_wconf 81' lang='lat' dir='ltr'><strong>susannae</strong></span> <span class='ocrx_word' id='word_1_248' title='bbox 1207 2761 1358 2819; x_wconf 81' lang='lat' dir='ltr'><strong>historiam</strong></span> <span class='ocrx_word' id='word_1_249' title='bbox 1372 2762 1431 2814; x_wconf 86' lang='lat' dir='ltr'><strong>retu·</strong></span> 
     </span>
     <span class='ocr_line' id='line_1_26' title="bbox 368 2853 1431 2934; baseline 0 -26"><span class='ocrx_word' id='word_1_250' title='bbox 368 2859 420 2917; x_wconf 80' lang='lat' dir='ltr'><strong>lit:</strong></span> <span class='ocrx_word' id='word_1_251' title='bbox 441 2859 520 2912; x_wconf 73' lang='lat' dir='ltr'><strong>«Kai</strong></span> <span class='ocrx_word' id='word_1_252' title='bbox 538 2858 582 2911; x_wconf 69' lang='grc' dir='ltr'><strong>ἐπὶ</strong></span> <span class='ocrx_word' id='word_1_253' title='bbox 598 2862 653 2922; x_wconf 82' lang='grc' dir='ltr'><em>τοῦ,</em></span> <span class='ocrx_word' id='word_1_254' title='bbox 679 2860 778 2918; x_wconf 64' lang='lat' dir='ltr'><strong>Amarda</strong></span> <span class='ocrx_word' id='word_1_255' title='bbox 802 2863 828 2912; x_wconf 78' lang='grc' dir='ltr'><em>δέ</em></span> <span class='ocrx_word' id='word_1_256' title='bbox 850 2861 930 2933; x_wconf 70' lang='grc' dir='ltr'><em>φησὶν</em></span> <span class='ocrx_word' id='word_1_257' title='bbox 954 2860 979 2912; x_wconf 83' lang='grc' dir='ltr'><strong>ἐν</strong></span> <span class='ocrx_word' id='word_1_258' title='bbox 1003 2864 1034 2934; x_wconf 76' lang='grc' dir='ltr'><strong>τῇ</strong></span> <span class='ocrx_word' id='word_1_259' title='bbox 1053 2862 1112 2932; x_wconf 77' lang='grc' dir='ltr'><em>περὶ</em></span> <span class='ocrx_word' id='word_1_260' title='bbox 1130 2861 1266 2922; x_wconf 82' lang='grc' dir='ltr'><em>Σοσοίννος</em></span> <span class='ocrx_word' id='word_1_261' title='bbox 1290 2853 1431 2929; x_wconf 70' lang='grc' dir='ltr'><em>κρίνονέξῂ·</em></span> 
     </span>
     <span class='ocr_line' id='line_1_27' title="bbox 366 2959 1431 3034; baseline 0.004 -23"><span class='ocrx_word' id='word_1_262' title='bbox 366 2983 449 3034; x_wconf 85' lang='grc' dir='ltr'><em>γενρεν</em></span> <span class='ocrx_word' id='word_1_263' title='bbox 472 2961 567 3022; x_wconf 54' lang='lat' dir='ltr'><strong>adeat</strong></span> <span class='ocrx_word' id='word_1_264' title='bbox 586 2963 615 3015; x_wconf 75' lang='grc' dir='ltr'><strong>τό</strong></span> <span class='ocrx_word' id='word_1_265' title='bbox 636 2966 738 3034; x_wconf 65' lang='grc' dir='ltr'><em>πνεῦμα</em></span> <span class='ocrx_word' id='word_1_266' title='bbox 754 2964 782 3014; x_wconf 80' lang='grc' dir='ltr'><strong>τό</strong></span> <span class='ocrx_word' id='word_1_267' title='bbox 799 2961 873 3034; x_wconf 74' lang='grc' dir='ltr'><em>ἅγιον</em></span> <span class='ocrx_word' id='word_1_268' title='bbox 890 2962 931 3014; x_wconf 65' lang='grc' dir='ltr'><strong>τόν</strong></span> <span class='ocrx_word' id='word_1_269' title='bbox 952 2964 1062 3027; x_wconf 71' lang='grc' dir='ltr'><em>Δανιὴλ,</em></span> <span class='ocrx_word' id='word_1_270' title='bbox 1088 2960 1230 3029; x_wconf 67' lang='grc' dir='ltr'><em>κ’ᾀνναῦὃον</em></span> <span class='ocrx_word' id='word_1_271' title='bbox 1256 2961 1319 3014; x_wconf 65' lang='lat' dir='ltr'><strong>deda</strong></span> <span class='ocrx_word' id='word_1_272' title='bbox 1335 2959 1431 3015; x_wconf 69' lang='lat' dir='ltr'><strong>datiam</strong></span> 
     </span>
     <span class='ocr_line' id='line_1_28' title="bbox 368 3049 1433 3129; baseline 0.007 -25"><span class='ocrx_word' id='word_1_273' title='bbox 368 3049 436 3106; x_wconf 79' lang='grc' dir='ltr'><em>εἶναι</em></span> <span class='ocrx_word' id='word_1_274' title='bbox 454 3055 481 3107; x_wconf 75' lang='grc' dir='ltr'><strong>τὰ</strong></span> <span class='ocrx_word' id='word_1_275' title='bbox 500 3054 574 3125; x_wconf 75' lang='grc' dir='ltr'><em>ἄγνον</em></span> <span class='ocrx_word' id='word_1_276' title='bbox 588 3058 704 3127; x_wconf 77' lang='grc' dir='ltr'><em>πνεῦμα,</em></span> <span class='ocrx_word' id='word_1_277' title='bbox 718 3056 829 3128; x_wconf 74' lang='grc' dir='ltr'><strong>ἐπιφέρει</strong></span> <span class='ocrx_word' id='word_1_278' title='bbox 844 3056 906 3128; x_wconf 73' lang='grc' dir='ltr'><em>γάρ,</em></span> <span class='ocrx_word' id='word_1_279' title='bbox 925 3057 969 3110; x_wconf 69' lang='grc' dir='ltr'><strong>καὶ</strong></span> <span class='ocrx_word' id='word_1_280' title='bbox 986 3055 1078 3129; x_wconf 75' lang='grc' dir='ltr'><em>ἔκρινεν</em></span> <span class='ocrx_word' id='word_1_281' title='bbox 1104 3055 1164 3117; x_wconf 77' lang='grc' dir='ltr'><strong>τούς</strong></span> <span class='ocrx_word' id='word_1_282' title='bbox 1179 3052 1367 3126; x_wconf 69' lang='grc' dir='ltr'><strong>πρεσβυτέρους</strong></span> <span class='ocrx_word' id='word_1_283' title='bbox 1379 3049 1433 3103; x_wconf 59' lang='lat'>⁷0⁵5·</span> 
     </span>
     <span class='ocr_line' id='line_1_29' title="bbox 366 3140 1430 3223; baseline -0.003 -27"><span class='ocrx_word' id='word_1_284' title='bbox 366 3167 431 3217; x_wconf 81' lang='grc' dir='ltr'><em>ματν</em></span> <span class='ocrx_word' id='word_1_285' title='bbox 454 3145 531 3216; x_wconf 84' lang='grc' dir='ltr'><em>οἱγνόν</em></span> <span class='ocrx_word' id='word_1_286' title='bbox 554 3146 763 3221; x_wconf 77' lang='grc' dir='ltr'><em>ἐμφορούμενος,</em></span> <span class='ocrx_word' id='word_1_287' title='bbox 780 3151 801 3206; x_wconf 85' lang='lat' dir='ltr'><strong>i.</strong></span> <span class='ocrx_word' id='word_1_288' title='bbox 818 3166 844 3207; x_wconf 85' lang='lat' dir='ltr'><strong>e.</strong></span> <span class='ocrx_word' id='word_1_289' title='bbox 865 3151 902 3208; x_wconf 78' lang='lat' dir='ltr'><strong>Et</strong></span> <span class='ocrx_word' id='word_1_290' title='bbox 922 3149 1027 3208; x_wconf 79' lang='lat' dir='ltr'><strong>dehoc</strong></span> <span class='ocrx_word' id='word_1_291' title='bbox 1043 3191 1052 3223; x_wconf 77' lang='lat' dir='ltr'><strong>t</strong></span> <span class='ocrx_word' id='word_1_292' title='bbox 1071 3148 1174 3206; x_wconf 77' lang='lat' dir='ltr'><strong>Daniel</strong></span> <span class='ocrx_word' id='word_1_293' title='bbox 1194 3161 1310 3223; x_wconf 80' lang='lat' dir='ltr'><strong>quoque</strong></span> <span class='ocrx_word' id='word_1_294' title='bbox 1328 3143 1390 3202; x_wconf 71' lang='lat' dir='ltr'><strong>dicit</strong></span> <span class='ocrx_word' id='word_1_295' title='bbox 1410 3140 1430 3194; x_wconf 90' lang='lat' dir='ltr'><strong>in</strong></span> 
     </span>
     <span class='ocr_line' id='line_1_30' title="bbox 366 3241 1430 3325; baseline -0.006 -20"><span class='ocrx_word' id='word_1_296' title='bbox 366 3246 517 3306; x_wconf 89' lang='lat' dir='ltr'><strong>Susannae</strong></span> <span class='ocrx_word' id='word_1_297' title='bbox 533 3250 662 3325; x_wconf 90' lang='lat' dir='ltr'><strong>judicio:</strong></span> <span class='ocrx_word' id='word_1_298' title='bbox 676 3252 846 3308; x_wconf 80' lang='lat' dir='ltr'><strong>-Excitavit</strong></span> <span class='ocrx_word' id='word_1_299' title='bbox 861 3249 939 3308; x_wconf 86' lang='lat' dir='ltr'><strong>Deus</strong></span> <span class='ocrx_word' id='word_1_300' title='bbox 956 3247 1079 3324; x_wconf 87' lang='lat' dir='ltr'><strong>Spiritus</strong></span> <span class='ocrx_word' id='word_1_301' title='bbox 1098 3246 1222 3304; x_wconf 85' lang='lat' dir='ltr'><strong>Sanctus</strong></span> <span class='ocrx_word' id='word_1_302' title='bbox 1235 3241 1394 3312; x_wconf 76' lang='lat' dir='ltr'><strong>Danielem3</strong></span> <span class='ocrx_word' id='word_1_303' title='bbox 1411 3242 1430 3293; x_wconf 77' lang='lat' dir='ltr'><strong>d</strong></span> 
     </span>
     <span class='ocr_line' id='line_1_31' title="bbox 366 3340 1430 3423; baseline -0.001 -19"><span class='ocrx_word' id='word_1_304' title='bbox 366 3346 408 3404; x_wconf 90' lang='lat' dir='ltr'><strong>ibi</strong></span> <span class='ocrx_word' id='word_1_305' title='bbox 427 3345 521 3407; x_wconf 90' lang='lat' dir='ltr'><strong>Deum</strong></span> <span class='ocrx_word' id='word_1_306' title='bbox 542 3347 746 3408; x_wconf 87' lang='lat' dir='ltr'><strong>demonstrans</strong></span> <span class='ocrx_word' id='word_1_307' title='bbox 765 3365 828 3407; x_wconf 89' lang='lat' dir='ltr'><strong>esse</strong></span> <span class='ocrx_word' id='word_1_308' title='bbox 848 3348 988 3423; x_wconf 88' lang='lat' dir='ltr'><strong>Spiritum</strong></span> <span class='ocrx_word' id='word_1_309' title='bbox 1001 3349 1140 3407; x_wconf 91' lang='lat' dir='ltr'><strong>Sanctum</strong></span> <span class='ocrx_word' id='word_1_310' title='bbox 1153 3389 1161 3422; x_wconf 91' lang='lat'>‚</span> <span class='ocrx_word' id='word_1_311' title='bbox 1175 3344 1325 3421; x_wconf 85' lang='lat' dir='ltr'><strong>subjungit</strong></span> <span class='ocrx_word' id='word_1_312' title='bbox 1343 3340 1430 3398; x_wconf 81' lang='lat' dir='ltr'><strong>enin:-</strong></span> 
     </span>
     <span class='ocr_line' id='line_1_32' title="bbox 367 3438 1429 3524; baseline -0.001 -22"><span class='ocrx_word' id='word_1_313' title='bbox 367 3451 396 3502; x_wconf 89' lang='lat' dir='ltr'><strong>et</strong></span> <span class='ocrx_word' id='word_1_314' title='bbox 407 3447 554 3521; x_wconf 82' lang='lat' dir='ltr'><strong>judicavit</strong></span> <span class='ocrx_word' id='word_1_315' title='bbox 567 3451 695 3508; x_wconf 88' lang='lat' dir='ltr'><strong>seniores</strong></span> <span class='ocrx_word' id='word_1_316' title='bbox 710 3449 819 3524; x_wconf 90' lang='lat' dir='ltr'><strong>Spiritu</strong></span> <span class='ocrx_word' id='word_1_317' title='bbox 834 3450 940 3507; x_wconf 88' lang='lat' dir='ltr'><strong>Sancto</strong></span> <span class='ocrx_word' id='word_1_318' title='bbox 954 3448 1078 3506; x_wconf 87' lang='lat' dir='ltr'><strong>delatus.</strong></span> <span class='ocrx_word' id='word_1_319' title='bbox 1093 3471 1105 3496; x_wconf 67' lang='lat' dir='ltr'><strong>a</strong></span> <span class='ocrx_word' id='word_1_320' title='bbox 1130 3447 1175 3503; x_wconf 82' lang='lat' dir='ltr'><strong>Ex</strong></span> <span class='ocrx_word' id='word_1_321' title='bbox 1194 3445 1314 3518; x_wconf 86' lang='lat' dir='ltr'><strong>antiqua</strong></span> <span class='ocrx_word' id='word_1_322' title='bbox 1333 3438 1429 3511; x_wconf 71' lang='lat' dir='ltr'><strong>Sepissi·</strong></span> 
     </span>
     <span class='ocr_line' id='line_1_33' title="bbox 367 3533 1426 3620; baseline -0.005 -20"><span class='ocrx_word' id='word_1_323' title='bbox 367 3545 449 3618; x_wconf 84' lang='lat' dir='ltr'><strong>ginta</strong></span> <span class='ocrx_word' id='word_1_324' title='bbox 468 3550 602 3604; x_wconf 88' lang='lat' dir='ltr'><strong>versione</strong></span> <span class='ocrx_word' id='word_1_325' title='bbox 621 3546 789 3605; x_wconf 87' lang='lat' dir='ltr'><strong>haecverba</strong></span> <span class='ocrx_word' id='word_1_326' title='bbox 798 3547 927 3606; x_wconf 86' lang='lat' dir='ltr'><strong>Danielis</strong></span> <span class='ocrx_word' id='word_1_327' title='bbox 948 3552 1064 3620; x_wconf 85' lang='lat' dir='ltr'><strong>sumpta</strong></span> <span class='ocrx_word' id='word_1_328' title='bbox 1082 3544 1229 3602; x_wconf 76' lang='lat' dir='ltr'><strong>videntum.</strong></span> <span class='ocrx_word' id='word_1_329' title='bbox 1252 3541 1287 3598; x_wconf 86' lang='lat' dir='ltr'><strong>ln</strong></span> <span class='ocrx_word' id='word_1_330' title='bbox 1301 3533 1426 3614; x_wconf 81' lang='lat' dir='ltr'><strong>epistolam</strong></span> 
     </span>
     <span class='ocr_line' id='line_1_34' title="bbox 368 3638 1429 3719; baseline -0.004 -21"><span class='ocrx_word' id='word_1_331' title='bbox 368 3643 496 3714; x_wconf 88' lang='lat' dir='ltr'><strong>primam</strong></span> <span class='ocrx_word' id='word_1_332' title='bbox 522 3644 584 3700; x_wconf 90' lang='lat' dir='ltr'><strong>divi</strong></span> <span class='ocrx_word' id='word_1_333' title='bbox 611 3644 733 3702; x_wconf 88' lang='lat' dir='ltr'><strong>Joannis</strong></span> <span class='ocrx_word' id='word_1_334' title='bbox 755 3645 886 3719; x_wconf 88' lang='lat' dir='ltr'><strong>ejusdcm</strong></span> <span class='ocrx_word' id='word_1_335' title='bbox 912 3645 1062 3702; x_wconf 86' lang='lat' dir='ltr'><strong>Susannae</strong></span> <span class='ocrx_word' id='word_1_336' title='bbox 1080 3659 1117 3701; x_wconf 83' lang='lat' dir='ltr'><strong>ex</strong></span> <span class='ocrx_word' id='word_1_337' title='bbox 1136 3641 1257 3700; x_wconf 89' lang='lat' dir='ltr'><strong>Daniele</strong></span> <span class='ocrx_word' id='word_1_338' title='bbox 1272 3638 1368 3713; x_wconf 87' lang='lat' dir='ltr'><strong>repetit</strong></span> <span class='ocrx_word' id='word_1_339' title='bbox 1380 3645 1429 3688; x_wconf 65' lang='lat' dir='ltr'><strong>ser</strong></span> 
     </span>
     <span class='ocr_line' id='line_1_35' title="bbox 369 3727 1429 3818; baseline -0.01 -22"><span class='ocrx_word' id='word_1_340' title='bbox 369 3742 507 3797; x_wconf 84' lang='lat' dir='ltr'><strong>tentiam:</strong></span> <span class='ocrx_word' id='word_1_341' title='bbox 529 3767 541 3790; x_wconf 71' lang='grc' dir='ltr'><strong>«ι</strong></span> <span class='ocrx_word' id='word_1_342' title='bbox 554 3742 591 3800; x_wconf 89' lang='lat' dir='ltr'><strong>Et</strong></span> <span class='ocrx_word' id='word_1_343' title='bbox 604 3742 688 3800; x_wconf 87' lang='lat' dir='ltr'><strong>iliud:</strong></span> <span class='ocrx_word' id='word_1_344' title='bbox 708 3773 720 3785; x_wconf 91' lang='lat'><strong>·</strong></span> <span class='ocrx_word' id='word_1_345' title='bbox 733 3742 921 3802; x_wconf 87' lang='lat' dir='ltr'><strong>Occultorum</strong></span> <span class='ocrx_word' id='word_1_346' title='bbox 934 3744 1050 3818; x_wconf 85' lang='lat' dir='ltr'><strong>agnitor</strong></span> <span class='ocrx_word' id='word_1_347' title='bbox 1058 3739 1148 3814; x_wconf 85' lang='lat' dir='ltr'><strong>Deus,</strong></span> <span class='ocrx_word' id='word_1_348' title='bbox 1161 3751 1336 3815; x_wconf 86' lang='lat' dir='ltr'><strong>cognoscens</strong></span> <span class='ocrx_word' id='word_1_349' title='bbox 1353 3727 1429 3788; x_wconf 85' lang='lat' dir='ltr'><strong>omnia</strong></span> 
     </span>
     <span class='ocr_line' id='line_1_36' title="bbox 369 3833 1428 3914; baseline -0.005 -19"><span class='ocrx_word' id='word_1_350' title='bbox 369 3844 526 3914; x_wconf 85' lang='lat' dir='ltr'><strong>antequam</strong></span> <span class='ocrx_word' id='word_1_351' title='bbox 556 3839 641 3898; x_wconf 68' lang='lat' dir='ltr'><strong>siant:</strong></span> <span class='ocrx_word' id='word_1_352' title='bbox 665 3841 784 3899; x_wconf 82' lang='lat' dir='ltr'><strong>»Libro</strong></span> <span class='ocrx_word' id='word_1_353' title='bbox 807 3859 830 3897; x_wconf 79' lang='grc' dir='ltr'><strong>ε.</strong></span> <span class='ocrx_word' id='word_1_354' title='bbox 854 3841 890 3898; x_wconf 91' lang='lat' dir='ltr'><strong>de</strong></span> <span class='ocrx_word' id='word_1_355' title='bbox 908 3841 1051 3898; x_wconf 86' lang='lat' dir='ltr'><strong>Trinitate</strong></span> <span class='ocrx_word' id='word_1_356' title='bbox 1069 3856 1096 3896; x_wconf 86' lang='lat' dir='ltr'><strong>c.</strong></span> <span class='ocrx_word' id='word_1_357' title='bbox 1124 3846 1172 3896; x_wconf 76' lang='lat' dir='ltr'><strong>ti.</strong></span> <span class='ocrx_word' id='word_1_358' title='bbox 1194 3836 1267 3895; x_wconf 75' lang='lat' dir='ltr'><strong>«Sic</strong></span> <span class='ocrx_word' id='word_1_359' title='bbox 1287 3834 1367 3891; x_wconf 85' lang='lat' dir='ltr'><strong>etiam</strong></span> <span class='ocrx_word' id='word_1_360' title='bbox 1386 3833 1428 3882; x_wconf 80' lang='lat' dir='ltr'><strong>rra</strong></span> 
     </span>
     <span class='ocr_line' id='line_1_37' title="bbox 370 3932 1428 4028; baseline -0.009 -34"><span class='ocrx_word' id='word_1_361' title='bbox 370 3939 453 4010; x_wconf 90' lang='lat' dir='ltr'><strong>pueri</strong></span> <span class='ocrx_word' id='word_1_362' title='bbox 474 3944 638 3996; x_wconf 87' lang='lat' dir='ltr'><strong>creaturam</strong></span> <span class='ocrx_word' id='word_1_363' title='bbox 659 3939 812 4014; x_wconf 86' lang='lat' dir='ltr'><strong>perhibent</strong></span> <span class='ocrx_word' id='word_1_364' title='bbox 832 3938 995 4014; x_wconf 83' lang='lat' dir='ltr'><strong>glorificare</strong></span> <span class='ocrx_word' id='word_1_365' title='bbox 1014 3953 1099 4012; x_wconf 89' lang='lat' dir='ltr'><strong>eum,</strong></span> <span class='ocrx_word' id='word_1_366' title='bbox 1118 3939 1170 4010; x_wconf 89' lang='lat' dir='ltr'><strong>qui</strong></span> <span class='ocrx_word' id='word_1_367' title='bbox 1188 3951 1255 3994; x_wconf 85' lang='lat' dir='ltr'><strong>cum</strong></span> <span class='ocrx_word' id='word_1_368' title='bbox 1275 3932 1341 4006; x_wconf 92' lang='lat' dir='ltr'><strong>ipsis</strong></span> <span class='ocrx_word' id='word_1_369' title='bbox 1361 3935 1428 4028; x_wconf 63' lang='lat' dir='ltr'><strong>appr</strong></span> 
     </span>
     <span class='ocr_line' id='line_1_38' title="bbox 371 4026 1422 4110; baseline -0.009 -18"><span class='ocrx_word' id='word_1_370' title='bbox 371 4035 449 4093; x_wconf 77' lang='lat' dir='ltr'><strong>ruit:</strong></span> <span class='ocrx_word' id='word_1_371' title='bbox 484 4037 547 4108; x_wconf 73' lang='grc' dir='ltr'><em>Περί</em></span> <span class='ocrx_word' id='word_1_372' title='bbox 575 4034 604 4090; x_wconf 82' lang='grc' dir='ltr'><strong>οὗ</strong></span> <span class='ocrx_word' id='word_1_373' title='bbox 632 4039 808 4110; x_wconf 71' lang='grc' dir='ltr'><em>γέγραπται,</em></span> <span class='ocrx_word' id='word_1_374' title='bbox 840 4035 972 4107; x_wconf 72' lang='grc' dir='ltr'><em>εὐλογεῖτε</em></span> <span class='ocrx_word' id='word_1_375' title='bbox 1004 4034 1088 4089; x_wconf 76' lang='grc' dir='ltr'><em>πάντα</em></span> <span class='ocrx_word' id='word_1_376' title='bbox 1120 4036 1151 4088; x_wconf 77' lang='grc' dir='ltr'><strong>νεὶ</strong></span> <span class='ocrx_word' id='word_1_377' title='bbox 1186 4033 1250 4104; x_wconf 75' lang='grc' dir='ltr'><em>ἔργον</em></span> <span class='ocrx_word' id='word_1_378' title='bbox 1282 4026 1365 4098; x_wconf 75' lang='lat' dir='ltr'><strong>liop&#39;m</strong></span> <span class='ocrx_word' id='word_1_379' title='bbox 1391 4038 1422 4070; x_wconf 58' lang='grc' dir='ltr'><strong>Μ’</strong></span> 
     </span>
    </p>
   </div>
   <div class='ocr_carea' id='block_1_2' title="bbox 374 4117 1427 4211">
    <p class='ocr_par' dir='ltr' id='par_1_4' title="bbox 374 4117 1427 4211">
     <span class='ocr_line' id='line_1_39' title="bbox 374 4117 1427 4211; baseline -0.003 -24"><span class='ocrx_word' id='word_1_380' title='bbox 374 4132 488 4207; x_wconf 81' lang='grc' dir='ltr'><em>Κύρνον,</em></span> <span class='ocrx_word' id='word_1_381' title='bbox 520 4141 644 4210; x_wconf 80' lang='grc' dir='ltr'><em>ὑμνεῖτε,</em></span> <span class='ocrx_word' id='word_1_382' title='bbox 678 4143 722 4194; x_wconf 70' lang='grc' dir='ltr'><strong>καὶ</strong></span> <span class='ocrx_word' id='word_1_383' title='bbox 743 4140 903 4211; x_wconf 74' lang='grc' dir='ltr'><em>ὁπερνψοῦτε</em></span> <span class='ocrx_word' id='word_1_384' title='bbox 938 4140 1016 4195; x_wconf 71' lang='grc' dir='ltr'><em>αὑτὸν</em></span> <span class='ocrx_word' id='word_1_385' title='bbox 1046 4139 1083 4199; x_wconf 70' lang='grc' dir='ltr'><strong>εἷς</strong></span> <span class='ocrx_word' id='word_1_386' title='bbox 1108 4137 1169 4198; x_wconf 78' lang='grc' dir='ltr'><strong>τούς</strong></span> <span class='ocrx_word' id='word_1_387' title='bbox 1194 4133 1307 4196; x_wconf 73' lang='grc' dir='ltr'><em>αἰῶνας,</em></span> <span class='ocrx_word' id='word_1_388' title='bbox 1327 4129 1345 4184; x_wconf 82' lang='lat' dir='ltr'><strong>i.</strong></span> <span class='ocrx_word' id='word_1_389' title='bbox 1359 4117 1427 4180; x_wconf 62' lang='lat' dir='ltr'><strong>bn?</strong></span> 
     </span>
    </p>
   </div>
   <div class='ocr_carea' id='block_1_3' title="bbox 397 4341 611 4409">
    <p class='ocr_par' dir='ltr' id='par_1_5' title="bbox 397 4341 611 4409">
     <span class='ocr_line' id='line_1_40' title="bbox 397 4341 611 4409; baseline 0.042 -19"><span class='ocrx_word' id='word_1_390' title='bbox 397 4341 432 4404; x_wconf 84' lang='lat'><strong>(1)</strong></span> <span class='ocrx_word' id='word_1_391' title='bbox 448 4347 504 4409; x_wconf 84' lang='lat' dir='ltr'><strong>Sap.</strong></span> <span class='ocrx_word' id='word_1_392' title='bbox 517 4350 558 4397; x_wconf 83' lang='lat' dir='ltr'><strong>XI.</strong></span> <span class='ocrx_word' id='word_1_393' title='bbox 574 4353 611 4398; x_wconf 83' lang='lat'><strong>27.</strong></span> 
     </span>
    </p>
   </div>
   <div class='ocr_carea' id='block_1_4' title="bbox 0 0 1486 5174">
    <p class='ocr_par' dir='ltr' id='par_1_6' title="bbox 0 0 1486 5174">
     <span class='ocr_line' id='line_1_41' title="bbox 0 0 1486 5174; baseline 0 0"><span class='ocrx_word' id='word_1_394' title='bbox 0 0 1486 5174; x_wconf 95' lang='lat' dir='ltr'><strong> </strong></span> 
     </span>
    </p>
   </div>
  </div>
 </body>
</html>
