2964 5174
808 397 968 453 *gg-

346 526 414 574 cum
429 507 579 572 Prioribus
597 513 788 586 conjungere,
807 510 923 570 divinos
941 525 1097 588 agnoscere
1120 507 1210 587 adeo,
1233 517 1268 571 ut
1287 516 1422 590 nequem

346 611 505 672 haereticos
515 609 582 668 illos
597 608 743 684 explicare
754 614 905 685 vereatur,
920 611 971 684 qui
986 605 1149 684 Scripturas
1163 625 1263 668 sacras
1276 626 1425 687 earumque

347 725 467 770 seersum
480 705 685 783 deturpabant,
700 707 795 782 inquit
805 708 895 766 enims
914 706 1104 766 «Necessario
1121 707 1260 767 nolebant
1278 723 1426 786 agnoscere

226 795 229 803 ’
349 805 461 884 eli,per
483 822 557 884 quae
574 807 780 880 revincuntur,
799 803 845 863 his
862 801 1046 880 nitebantur,
1068 820 1143 881 quae
1166 822 1203 864 ex
1219 806 1297 865 falso
1318 823 1427 882 compc-

347 911 483 980 suerant,
497 909 533 986 et,
542 918 617 980 quae
629 901 666 960 de
685 903 822 980 arnhiguo
840 908 1009 979 caepmant3
1025 903 1095 978 quid
1109 903 1312 979 promovebis,
1327 920 1391 963 cum
1403 907 1426 973 si

348 1003 419 1080 quid
432 1001 590 1062 defendens
606 1005 746 1078 negetur,
759 1017 796 1059 ex
807 1001 930 1059 adverso
943 1003 969 1058 si
980 999 1051 1076 quid
1062 1002 1212 1076 negaveris
1224 1000 1423 1061 defendaturlv

385 1101 412 1176 S.
433 1101 470 1161 V.
492 1099 615 1159 Sanctus
629 1091 793 1176 Cyprianus
807 1099 1038 1175 carthaginensis
1051 1099 1220 1174 episcopus,
1235 1100 1356 1158 ineunte
1369 1115 1424 1159 sae-

348 1199 414 1258 culo
435 1200 536 1274 tertio,
556 1197 689 1256 sedulam
708 1198 740 1254 in
754 1195 862 1254 Christi
877 1195 1008 1255 Ecclesia
1025 1195 1205 1255 aedificanda
1222 1199 1348 1256 navavit
1366 1213 1426 1273 ope-

346 1313 429 1372 ram,
449 1293 630 1372 usquedum
647 1297 679 1352 in
698 1295 899 1354 testimonium
911 1293 991 1352 illius
1008 1295 1144 1370 martyrii
1159 1293 1293 1369 palmam
1306 1299 1350 1353 est
1368 1311 1426 1354 oon·

350 1400 478 1456 secutus.
495 1392 577 1452 lllius
595 1394 704 1467 scripta
718 1397 861 1468 quotquot
875 1389 959 1450 nobis
970 1395 1126 1467 supersunt
1136 1393 1178 1449 rel
1187 1393 1343 1450 veritatem
1355 1391 1427 1451 exhi·

351 1485 439 1568 hent',
454 1489 606 1567 inquibus
624 1504 725 1549 sacras
737 1488 901 1565 Scripturas
921 1489 1056 1548 divinum
1070 1487 1217 1566 eloquium
1228 1489 1351 1567 fatetur,
1365 1507 1426 1566 qua·

350 1607 417 1650 rum
439 1591 472 1648 in
496 1599 618 1648 numero
637 1587 732 1647 Biblin
753 1586 1039 1647 Deutero-Cauonica
1055 1589 1161 1647 veteris
1182 1585 1309 1648 foeneris
1329 1595 1425 1648 censa.

350 1687 386 1747 ln
404 1702 536 1746 sermone
549 1687 643 1762 primo
660 1686 697 1744 de
713 1685 909 1761 eleemosyna,
930 1683 1035 1744 adhoc
1054 1687 1135 1761 pium
1150 1701 1223 1760 opus
1250 1684 1425 1762 erigendum,

349 1803 365 1846 c
381 1784 537 1862 Scriptus-is
551 1787 717 1844 testimonia
731 1786 821 1842 sumit
833 1785 978 1861 inquiens,
988 1786 1115 1860 primum
1132 1800 1148 1842 e
1162 1781 1274 1844 Tobiae
1287 1783 1376 1843 libro:
1390 1783 1423 1860 li)

348 1884 515 1960 «Loquitur
531 1886 563 1941 in
574 1882 730 1958 scripturis
742 1880 866 1966 Spiritus
881 1874 1058 1958 Sanctus‚et
1075 1881 1160 1941 dicit:
1177 1911 1189 1926 ·
1204 1881 1393 1958 Eleemosynn
1403 1886 1428 1940 et

349 1981 406 2042 lide
424 1982 529 2042 delicta
541 1986 737 2058 purgantur.»
755 1979 802 2039 Ad
817 1981 972 2053 Quirinum
989 1979 1063 2038 libro
1076 1982 1161 2039 tertio
1180 1981 1276 2055 capite
1294 1981 1385 2056 primo
1396 1995 1426 2038 er

348 2063 451 2139 eadem
461 2079 703 2155 Scriptuuadicii:
717 2078 755 2154 (2)
773 2078 902 2138 «Dehoe
916 2080 980 2155 ipso
995 2078 1073 2154 apud
1088 2077 1223 2138 Tobiam:
1239 2109 1253 2122 ·
1264 2072 1424 2136 Etdinil'c·

348 2177 414 2238 hlae
429 2177 490 2236 illio
505 2194 588 2254 meo,
610 2177 706 2253 vade,
725 2183 754 2236 et
771 2177 867 2235 adduc
886 2191 1098 2253 quemcumque
1112 2187 1271 2252 pauperem
1291 2176 1425 2232 inveneris

349 2292 386 2336 ex
403 2276 543 2334 iratribus
565 2277 694 2351 nostris,
718 2277 769 2351 qui
790 2280 889 2334 tamen
910 2276 942 2333 in
962 2281 1058 2333 mente
1085 2273 1174 2332 habet
1198 2272 1295 2333 Deum
1321 2287 1356 2331 ex
1375 2276 1425 2330 toto

349 2373 438 2433 corde
444 2388 510 2449 suo,
522 2372 602 2432 hunc
616 2371 723 2448 adduc,
735 2377 764 2430 et
777 2370 965 2431 manducabit
974 2373 1082 2447 pariter
1094 2387 1191 2429 meum
1205 2365 1422 2447 prandiumboc.

350 2469 485 2531 Sustineo
501 2469 591 2529 tollii
612 2469 705 2538 donec
717 2471 830 2528 venias.
842 2493 855 2518 a
872 2469 946 2527 Item
964 2468 1038 2528 illic:
1060 2467 1223 2528 «Omnibus
1243 2467 1424 2527 diebusvitae

351 2574 420 2628 tuae
433 2567 477 2626 illl
494 2566 587 2626 Deum
605 2569 696 2644 time,
715 2570 746 2625 in
764 2572 859 2626 mente
877 2565 969 2642 habe,
990 2572 1019 2624 et
1036 2567 1097 2624 noli
1114 2569 1272 2643 praeterire
1289 2569 1424 2643 praecepta

352 2669 426 2741 ejus.
439 2689 452 2714 v
475 2664 500 2722 Ε
520 2663 676 2740 Scripturis
692 2665 821 2724 Danielis
838 2663 1131 2723 Deutero-Canonicis
1147 2670 1205 2723 tres
1222 2679 1329 2741 pueros
1345 2665 1374 2720 in
1389 2677 1425 2718 ca

352 2763 433 2822 mino
445 2765 523 2839 lgnls
539 2769 674 2822 canentes
690 2763 804 2822 extollit
823 2762 860 2822 de
875 2765 1006 2822 oratione
1019 2761 1183 2838 dominica,
1199 2777 1332 2822 sermone
1344 2764 1422 2818 sextu

355 2860 467 2919 «Hanc
478 2863 617 2920 orationis
628 2861 723 2939 legem
740 2865 931 2920 servaverunt
944 2866 1004 2919 tres
1016 2863 1099 2936 pueri
1118 2863 1150 2919 in
1166 2863 1284 2919 camino
1303 2860 1375 2935 ignis
1389 2858 1424 2912 in·

352 2957 445 3034 clusi,
464 2963 659 3018 consonantes
676 2961 709 3016 in
737 2974 838 3034 prece,
861 2963 890 3017 et
916 2960 1035 3034 spiritus
1056 2960 1246 3018 consensione
1265 2954 1423 3025 concordem

352 3055 433 3132 quod
451 3056 581 3116 declarat
593 3055 761 3132 Scripturae
771 3055 889 3114 divinae
899 3055 983 3131 fides,
998 3060 1108 3116 etcum
1122 3055 1206 3115 docet
1218 3052 1362 3132 quomodo
1373 3063 1424 3108 ora·

352 3155 449 3212 verint
461 3151 553 3230 tales',
573 3155 624 3214 dat
644 3152 826 3230 exemplum,
848 3153 927 3230 quod
939 3155 1047 3213 huitoni
1061 3155 1092 3212 lu
1105 3154 1239 3230 precibus
1262 3153 1423 3220 debeamus,

352 3245 387 3311 ut
407 3252 480 3312 tales
498 3269 564 3312 esse
577 3255 732 3328 possimus.
748 3251 852 3328 Tunc,
868 3253 979 3328 lnquit,
993 3252 1037 3311 illi
1054 3257 1114 3311 tres
1126 3254 1210 3328 pueri
1223 3253 1308 3328 quasi
1329 3264 1363 3308 ex
1375 3257 1423 3304 uuo

352 3365 403 3410 ore
420 3351 568 3428 hpnnnum
584 3350 747 3426 canebant,
763 3356 793 3409 et
809 3349 1020 3409 benedicebant
1033 3349 1203 3409 Dominum.
1214 3375 1227 3401 v
1243 3349 1333 3408 Libro
1345 3345 1424 3421 primi

354 3447 551 3524 Epistolarum
566 3447 604 3524 (sl
620 3447 656 3507 de
671 3447 806 3508 Susanna
822 3447 968 3507 scribebat
981 3448 1097 3525 Martyr
1110 3454 1240 3507 sanctus.
1253 3471 1267 3498 a
1288 3445 1346 3506 Neo
1357 3444 1422 3500 actii

351 3551 406 3604 tos
427 3561 546 3622 eorum,
563 3563 617 3606 nec
632 3550 789 3606 numoritas
807 3545 910 3622 fallat,
927 3547 978 3622 qui
996 3545 1034 3606 ad
1058 3546 1183 3605 duonum
1205 3545 1423 3622 presbyterorum

353 3647 480 3702 veterem
500 3646 660 3721 nequitiam
690 3644 921 3720 respondentes,
943 3645 1019 3703 slcut
1048 3643 1091 3702 illi
1116 3641 1283 3702 Susannam
1305 3638 1422 3717 pudicam

354 3749 555 3818 corrumpere,
575 3745 604 3800 et
622 3745 775 3800 veritatem
799 3739 1000 3817 evangelicam
1023 3739 1134 3799 violare
1152 3725 1329 3799 conantur.»
1349 3729 1422 3793 Libro

353 3841 460 3912 (sumto
475 3837 513 3913 (4)
536 3837 574 3897 ad
592 3837 705 3914 plebem
721 3836 842 3896 Thibari
865 3836 902 3896 de
919 3836 997 3896 idolo
1018 3837 1069 3896 Bel
1091 3853 1128 3896 ex
1147 3835 1267 3896 Daniele
1282 3833 1319 3910 (5)
1336 3827 1421 3890 codem

353 3934 464 3994 scribit:
480 3934 544 3996 «Sic
555 3941 584 3995 et
594 3935 697 3994 Daniel
709 3951 777 3994 oum
789 3935 1011 4012 compelleretur
1023 3935 1145 3995 adorane
1157 3935 1269 3994 idolum
1280 3931 1338 4006 nei,
1349 3937 1420 4003 quem

352 4037 422 4092 tunc
433 4037 533 4109 atres,
543 4033 703 4108 ctpopulus
712 4032 860 4109 colebant,
874 4034 906 4092 iu
920 4032 1074 4094 asserendo
1083 4031 1190 4092 Delsad
1206 4031 1354 4102 honorem,
1365 4021 1416 4099 plt-

380 4259 415 4322 (ι)
430 4260 490 4310 roe.
512 4274 535 4310 a.
549 4261 592 4310 1v.
617 4268 655 4312 ιι.
678 4287 708 4300 -
726 4260 833 4324 (orreo.
855 4273 879 4311 a.
898 4261 930 4312 n.
943 4268 965 4312 o.
982 4287 1013 4302 -
1028 4260 1064 4324 (a)
1078 4261 1210 4327 rpmvn.
1223 4258 1296 4324 -m
1311 4247 1420 4320 sprau-

357 4340 507 4403 -vsinaa
519 4343 584 4391 xvv.
