3022 5178
547 379 587 388 -
608 355 664 406 243
686 379 726 390 -

98 469 161 539 tes,
180 479 239 539 quo
257 479 293 522 ex
305 461 462 520 Germania
472 460 610 538 quidem,
631 461 753 538 aliisque
772 459 945 520 Germaniae
965 460 1098 520 finitimis
1126 478 1177 522 na·

96 559 226 618 tionibus
241 557 380 618 facillime
402 576 439 618 ex
456 558 567 635 Gallia,
593 560 752 636 Hispania,
775 561 935 636 ceterisque
955 561 1113 635 provinciis
1131 575 1177 618 re·

95 656 268 716 motioribns
289 673 349 716 non
365 655 522 716 diillciliter
542 659 668 734 episcopi
687 663 716 717 et
735 657 857 735 praelati
874 659 1030 716 convenire
1045 663 1174 733 possent,

96 761 152 814 etc.
168 779 181 805 ι»
202 755 377 832 Hujnsmodi
399 771 431 814 se
453 755 542 814 habet
563 755 648 814 Pauli
665 756 719 814 lli.
741 754 886 831 pontilicis
905 771 987 814 mens
1013 757 1045 814 in
1071 755 1177 832 synodi

94 851 264 910 indictione.
282 851 366 910 Nunc
379 868 449 911 vcro
467 851 620 911 audiamus
634 867 709 928 quae
721 851 792 910 Pius
810 858 932 928 quartus
945 853 1007 910 snis
1024 851 1128 910 litteris
1141 851 1177 909 dc

95 947 317 1008 confirmatione
331 948 419 1026 hujus
434 951 612 1009 oecumenici
634 949 749 1009 concilii
771 951 886 1025 scripsit
899 949 937 1010 ad
950 955 1118 1024 perpetuam
1135 951 1177 1007 rei

94 1050 283 1106 memoriam:
303 1047 499 1106 «Benedictus
516 1047 594 1108 Dens
613 1053 643 1108 et
661 1047 748 1107 Pater
766 1047 884 1106 Domini
902 1048 1002 1105 Nostri
1013 1045 1177 1106 leanbri·

95 1149 146 1222 sti,
161 1153 217 1205 eie.
235 1146 282 1205 Ad
299 1147 441 1223 plurimas
457 1152 486 1206 et
499 1148 757 1222 perniciosissimas
770 1147 904 1231 haereses
920 1146 1124 1222 extirpandas,
1139 1145 1177 1204 ad

92 1244 281 1321 corrigendos
298 1261 404 1320 mores,
419 1251 448 1304 et
466 1245 673 1304 restituendam
691 1234 915 1306 eeclesiasticam
927 1243 1123 1320 disciplinam,
1138 1243 1176 1302 ad

94 1358 198 1418 pacem
219 1349 248 1402 et
274 1343 461 1402 concordiam
479 1343 631 1402 christiani
656 1344 756 1420 populi
783 1342 1014 1421 procurandam,
1035 1341 1177 1400 indictum

3 1471 5 1496 r
90 1440 287 1516 jampridem
304 1442 335 1498 in
356 1441 474 1499 civitate
498 1440 656 1500 tridentina
670 1443 888 1501 oecumenicum
909 1445 939 1500 et
958 1438 1092 1516 generale
1106 1453 1175 1496 con-

3 1569 4 1576 *
94 1538 195 1596 cilium
210 1553 228 1596 a
242 1540 306 1612 piae
323 1540 481 1599 memoriae
496 1537 588 1597 Panlo
601 1540 702 1615 tertio,
715 1539 934 1615 praedecessore
946 1541 1064 1612 nostro,
1077 1541 1107 1594 et
1119 1551 1177 1594 ses·

3 1667 5 1690 r
94 1634 227 1694 sionibus
244 1634 356 1710 aliquot
371 1635 490 1711 habitis,
505 1642 638 1712 coeptum
652 1635 813 1712 fuerat3ab
825 1640 887 1713 ejus
900 1642 998 1695 autem
1010 1649 1175 1692 successore

1 1768 3 1790 r
94 1735 126 1790 in
138 1733 271 1792 eamdem
289 1733 391 1792 urbem
410 1740 598 1810 revocatum,
613 1740 679 1810 post
693 1735 766 1794 alias
780 1736 922 1794 sessiones
945 1732 1103 1818 celebratas
1123 1747 1175 1790 va·

94 1833 147 1889 riis
165 1830 379 1906 impedimentis
401 1838 430 1890 et
446 1831 668 1891 difficultatibus
688 1832 826 1909 objectis,
849 1848 887 1892 ne
910 1838 973 1890 tum
995 1829 1112 1906 quidem
1126 1845 1174 1904 pe-

94 1927 161 2005 ragi
178 1933 325 2003 potuerat.
338 1971 387 2006 ...Α
398 1928 459 1986 Nos
478 1933 575 1988 autem
588 1934 654 2004 post
666 1935 832 2005 susceptum
846 1928 928 1988 Sedis
944 1927 1119 2004 apostolicae
1132 1941 1174 1984 re·

94 2028 212 2102 gimem
230 2031 291 2083 tam
306 2028 501 2086 necessarium
522 2042 557 2084 ac
572 2025 699 2085 salutare
715 2043 808 2102 opus,
828 2029 904 2086 sicut
922 2024 1076 2101 pastoralis
1095 2024 1174 2082 solli·

0 2154 1 2181 r
93 2124 194 2183 citudo
205 2123 351 2198 monebat,
364 2125 482 2183 divinae
491 2124 705 2182 misericordiae
715 2123 823 2183 fiducia
831 2123 968 2199 perlicere
976 2123 1117 2199 aggressi.
1127 2163 1171 2178 ...

93 2221 169 2281 Cum
183 2227 280 2280 autem
300 2224 363 2296 ipsa
382 2228 484 2280 sancta
502 2221 633 2298 synodus
646 2237 698 2297 pro
713 2238 766 2282 sua
782 2237 852 2298 erga
865 2221 968 2280 Sedem
986 2219 1175 2296 apostolicam

93 2321 276 2394 reverentia,
292 2321 478 2395 anuquorum
495 2321 584 2378 etiam
597 2320 787 2378 conciliorum
799 2321 931 2395 vestigiis
944 2317 1110 2394 inhaerens,
1125 2317 1173 2376 de-

92 2423 240 2476 cretorum
255 2419 386 2474 omnium
399 2433 531 2491 suorum,
544 2433 620 2493 quae
639 2423 740 2476 nostro
755 2423 785 2476 et
795 2417 1048 2493 praedeeessorum
1061 2422 1174 2475 nostro·

94 2531 162 2574 rum
170 2521 298 2590 tempore
312 2514 478 2590 factasunt,
493 2514 742 2574 confirmationem
752 2515 862 2574 anobis
875 2516 1000 2591 petierit,
1010 2516 1125 2574 decreto
1139 2513 1175 2574 de

92 2629 128 2670 ea
142 2629 175 2670 re
185 2613 217 2670 in
229 2611 347 2687 publica·
360 2614 488 2671 sessione
505 2611 583 2671 facto
598 2612 723 2687 (scilieet
739 2613 844 2672 ultima
860 2613 949 2690 hujus
967 2611 1091 2690 synodi)
1107 2629 1173 2689 nos,

1 2779 2 2784 γ
92 2726 130 2770 ex
152 2710 316 2786 legatorum
336 2709 440 2770 litteris
455 2712 536 2785 prius
547 2753 556 2786 ,
569 2710 673 2770 deinde
692 2715 759 2786 post
777 2710 902 2769 reditum
924 2726 1045 2785 eorum,
1065 2726 1103 2768 ex
1122 2710 1175 2785 iis,

91 2824 170 2884 quae
182 2807 290 2885 synodi
302 2811 419 2866 nomine
433 2807 586 2885 diligenter
600 2808 778 2885 retulerunt,
793 2807 987 2884 postulatione
1002 2810 1092 2883 ipsius
1107 2823 1176 2866 eon·

92 2906 154 2964 ciiii
169 2908 303 2981 cognita,
317 2903 418 2964 habita
436 2922 521 2981 super
536 2907 592 2964 hac
610 2923 641 2966 re
659 2923 726 2967 cum
742 2906 956 2965 venerabilibus
970 2905 1110 2965 iratribus
1123 2921 1175 2964 no·

92 3005 165 3062 stris
179 3002 303 3062 Sanctae
320 3002 471 3062 Romanae
488 3002 634 3062 Ecclesiae
651 3003 847 3062 cardinalibus
865 3002 1071 3061 deliberatione
1084 3007 1177 3060 matu-

93 3117 139 3176 ra,
162 3099 317 3176 Sanetique
331 3099 455 3176 Spiritus
467 3103 497 3158 in
511 3102 613 3175 primis
632 3099 742 3158 anxllio
755 3102 911 3174 invocato,
928 3116 996 3158 cum
1011 3115 1046 3157 ea
1061 3098 1177 3158 decreta

92 3200 195 3258 omnia
213 3198 358 3257 catholica
378 3204 408 3256 et
427 3198 534 3274 populo
552 3197 711 3256 christiano
730 3197 814 3257 utilia
833 3213 868 3256 ac
889 3197 1029 3255 salutaria
1048 3211 1110 3254 esse
1130 3211 1177 3252 co-

93 3299 298 3374 gnovissemus
313 3296 351 3354 ad
368 3296 421 3355 Dei
437 3297 642 3371 omnipotentis
656 3295 791 3370 laudem,
809 3295 846 3354 de
864 3311 964 3354 eorum
982 3295 1107 3353 lratrnm
1124 3309 1175 3351 no·

90 3401 220 3454 strorum
228 3394 350 3455 consilio
362 3402 392 3454 et
403 3411 536 3470 assensn,
546 3396 578 3453 in
586 3393 763 3454 Consistorio
769 3399 870 3452 nostro
883 3399 993 3452 sacrem
1004 3392 1055 3450 illa
1063 3393 1174 3466 omnia,

92 3499 123 3552 et
136 3493 254 3569 singula
268 3495 438 3553 auctoritate
455 3493 615 3568 apostolica
627 3493 714 3552 hodie
727 3491 977 3566 confirmavimus,
989 3497 1018 3550 et
1031 3489 1070 3548 ab
1082 3490 1176 3548 omni·

91 3591 148 3650 bus
165 3590 401 3650 christifidelibus
418 3591 618 3666 suscipienda,
634 3607 669 3650 ac
681 3591 826 3650 servanda
842 3606 905 3650 esse
922 3589 1122 3662 decrevimus3
1137 3587 1176 3645 si-

91 3695 143 3748 cut
159 3689 264 3748 harum
287 3703 401 3764 quoquc
421 3689 583 3748 litterarum
600 3694 700 3747 tenore
721 3688 759 3747 ad
779 3688 931 3748 clariorem
946 3687 1078 3745 omnium
1099 3686 1175 3744 noti-

92 3789 167 3846 tiam
187 3785 416 3861 confirmamus,
435 3792 464 3845 ct
482 3788 591 3862 suscipi
607 3785 815 3863 observarique
840 3786 1034 3844 decernimus.
1059 3783 1177 3841 »lusce

92 3885 208 3961 positis,
229 3884 384 3943 concilium
401 3882 592 3943 tridentinmn
610 3883 648 3942 ab
664 3885 748 3942 initio
766 3883 805 3942 ad
821 3883 911 3942 linem
932 3899 1026 3959 nsque
1046 3895 1177 3941 oecume-

90 3985 193 4043 nicum
211 3982 249 4041 ab
268 3981 396 4041 Ecclesia
413 3983 598 4041 aestimatum
616 3979 672 4040 fuit
688 3998 723 4040 ac
739 3984 906 4056 sancitum,
920 3987 949 4040 et
969 3980 1026 4039 hac
1045 3979 1172 4038 sanctio-

92 4098 143 4158 ne,
159 4083 361 4142 auctoritatcm
375 4081 569 4139 universalem
586 4078 709 4155 singulis
725 4081 830 4138 suisio
844 4079 965 4138 decretis
983 4077 1021 4135 ab
1040 4075 1176 4135 omnibus
1255 4127 1260 4136 .

92 4178 331 4240 christifidelibus
352 4179 488 4255 adeptum
502 4184 565 4252 est,
580 4182 609 4236 et
621 4178 757 4252 quamvis
770 4177 928 4236 nonnullae
945 4173 1100 4252 synodales
1115 4187 1174 4230 ses·

94 4280 192 4338 sinnas
214 4278 252 4336 ab
271 4279 355 4337 initio
375 4275 526 4352 suffragiis
543 4277 675 4335 omnium
695 4277 909 4351 episcoporum,
927 4275 979 4350 qni
999 4272 1101 4332 cebris
1119 4285 1177 4328 ses·
