3086 5182
578 409 738 468 ...⁴3-

509 617 737 684 Paorosiuio
757 621 811 683 iii.

365 813 412 876 De
430 813 642 878 mutaremur
662 818 962 883 numerarentur

525 915 558 975 ira
578 911 655 976 libre
674 911 794 977 aseae.

158 1105 187 1183 s.
208 1106 233 1168 i.
257 1106 324 1170 Alie
344 1109 493 1186 praeeiarn
512 1111 740 1189 admirandaque
760 1116 843 1189 geste
866 1109 980 1189 proiert
1002 1109 1134 1174 meanis
1153 1110 1200 1177 ni·

121 1207 223 1268 steria.
246 1205 289 1268 ba
304 1209 383 1268 enim
400 1209 506 1270 muiier
529 1225 596 1270 nen·
609 1209 730 1270 inierim
750 1211 852 1287 ntique
876 1211 985 1271 rumne
997 1209 1098 1286 ueri,
1115 1215 1200 1288 eninr

120 1317 212 1380 nuper
230 1309 297 1366 uuit
314 1305 528 1384 expendimus,
541 1305 689 1384 ‘populum
710 1307 799 1368 Israel
820 1311 919 1370 serm
936 1321 996 1366 nnn
1012 1321 1067 1383 epe
1086 1306 1198 1388 gladii,

121 1401 173 1462 sed
198 1404 230 1461 vi
254 1409 284 1464 et
305 1403 449 1482 elegantia
471 1409 624 1468 sermonis.
669 1405 711 1468 iit
730 1421 797 1468 eum
824 1407 897 1468 base
927 1407 1049 1470 historia
1084 1413 1197 1485 partem

121 1502 279 1563 demumst
305 1501 432 1565 Gannnie
462 1504 614 1582 bebmiei,
643 1519 737 1583 neque
763 1511 917 1582 respuatur
940 1504 978 1566 nb
1002 1505 1200 1583 adversariis,

121 1613 257 1676 praesens
276 1600 439 1680 dbquisitin
459 1609 591 1666 versetur
610 1609 726 1666 tanturm
739 1603 776 1665 de
790 1603 996 1664 additamentis
1006 1604 1154 1666 nnnnuiib
1169 1607 1201 1664 in

121 1703 206 1760 textu
225 1695 416 1762 ebrandmm
444 1704 566 1778 repertis
589 1707 618 1762 et
638 1701 681 1762 ¹eb
701 1701 837 1762 bebraieo
859 1699 1202 1780 disrumpendum

122 1809 248 1875 rnnyme
266 1799 298 1858 in
317 1797 442 1860 editione
470 1800 590 1878 rugata
607 1799 710 1860 nidmu
732 1800 796 1861 ieen
817 1799 974 1877 mundata,
998 1805 1130 1876 spretam
1153 1815 1201 1860 se·

124 1898 238 1956 mnium
262 1895 450 1958 binrdnubaei
469 1897 507 1958 de
528 1897 719 1977 duenmiee,
739 1901 771 1958 iu
792 1913 852 1976 quo
875 1899 1017 1978 degmunt
1035 1898 1152 1960 hebraei
1164 1897 1203 1960 nb

122 1991 218 2054 iiman
241 1995 441 2073 impietatem,
462 1993 584 2060 inedias
603 1999 664 2075 regi
684 1996 915 2058 abiardneiieen
932 1997 1063 2074 deintus;
1090 1999 1203 2074 regium

120 2091 249 2154 edietum
269 2091 305 2154 de
329 2093 503 2171 judaeorum
531 2093 620 2155 erede
640 2113 650 2172 3
677 2109 776 2172 preees
801 2095 932 2163 daberis
960 2101 991 2156 et
1016 2093 1203 2156 idardnetxnei

122 2205 224 2252 eorem
245 2191 306 2253 Dee
330 2191 464 2270 eiinsaa;
496 2192 626 2271 ejusdem
654 2192 784 2254 derbeus
803 2205 903 2254 earam
924 2205 993 2272 rege
1013 2183 1145 2269 editum
1163 2207 1205 2254 nr

122 2288 242 2350 trndun
260 2287 349 2351 edisti
364 2292 579 2352 revneationem
599 2293 631 2350 in
650 2290 767 2352 inruetis
788 2289 924 2352 adiutem.

162 2386 191 2462 s.
211 2387 252 2448 11.
265 2387 377 2450 ideireo
388 2388 573 2450 enueieetnin
585 2393 739 2467 pergentes
752 2387 857 2450 imnum
870 2389 1037 2466 perienpnm
1047 2385 1204 2448 dinem-

124 2491 206 2564 trm,
227 2499 344 2548 neumae
365 2491 411 2546 est
429 2493 463 2548 nt
486 2493 573 2547 antea
595 2489 756 2548 nnmemim
775 2485 974 2563 expendemus
995 2489 1202 2548 namuenem.

127 2585 174 2646 lta
187 2599 314 2664 namque
330 2584 459 2664 egendo,
481 2599 542 2646 non
557 2585 655 2646 ‘roiam
667 2585 762 2663 mapa
774 2583 892 2662 putatet
912 2584 1049 2660 biemrie,
1063 2581 1205 2662 eltrudem·

124 2697 183 2760 qne
210 2683 440 2744 aeenmmodatie
465 2684 603 2744 nuntiet
624 2683 686 2762 regi
707 2683 855 2761 Asuero,
881 2681 1204 2757 numennumen,

124 2783 176 2858 qni
197 2781 306 2845 ibidem
328 2797 485 2860 perennem
508 2783 604 2860 gerit,
623 2797 727 2844 verum
748 2784 837 2844 etiam
857 2782 980 2860 maioris
999 2783 1139 2842 marranti
1147 2779 1204 2840 ira·

124 2879 270 2942 bebnntnr
289 2883 427 2959 rationes,
445 2881 553 2959 quibas
569 2880 713 2942 eredeudn
731 2883 788 2942 erit
804 2880 907 2942 divina
918 2881 1071 2958 inspiratio
1085 2879 1206 2942 additiu-

124 2991 217 3055 nam,
239 2993 314 3057 quae
332 2985 417 3040 extra
434 2978 583 3042 cenenun
603 2979 794 3040 bebreeernm
818 2981 963 3057 tegentur.
1114 2995 1116 3002 ’

165 3075 258 3138 siena
285 3076 377 3154 ,panio
401 3081 471 3138 aute
496 3077 622 3138 dietnm.
640 3079 673 3137 in
702 3076 779 3137 itbre
808 3075 912 3137 andiu
932 3118 942 3153 ,
966 3076 1087 3154 lengum
1104 3077 1207 3136 aeta&

124 3173 312 3236 intervriinn
334 3173 518 3252 hausimus,
543 3189 602 3251 quo
624 3172 793 3250 perdurarit
816 3189 967 3250 persarum
992 3180 1023 3234 et
1054 3173 1207 3232 mederum

124 3271 285 3350 dynastia,
311 3278 342 3333 et
368 3273 457 3333 iatius
478 3271 595 3352 quidem
619 3287 679 3349 en,
712 3272 791 3350 qued
819 3274 1009 3333 instituerunt
1039 3285 1208 3350 synagogae

124 3371 326 3448 megistum
350 3369 407 3432 bne
426 3371 535 3448 puriter
555 3371 650 3447 spatio
670 3371 784 3430 versati·
805 3369 1001 3448 disquiremus
1025 3410 1035 3445 ,
1061 3371 1128 3447 quis
1162 3383 1207 3428 es-

125 3473 173 3528 sa
204 3465 573 3546 dieiisenuue‚dequo
600 3467 812 3528 mentindtin
838 3466 895 3528 hae
920 3467 1072 3543 historia,
1101 3471 1209 3543 etqnn

126 3581 206 3626 anne
226 3565 305 3626 iaetu
324 3573 394 3628 sunt
405 3581 458 3644 en,
479 3583 555 3645 quae
568 3566 675 3627 ibidem
689 3572 856 3628 narrantur.
872 3563 1083 3642 Praetergreeei
1098 3567 1209 3625 interea

124 3663 190 3724 dies
200 3663 287 3743 Cyri,
307 3663 388 3726 Darii
401 3665 538 3742 Eidaspie
550 3707 559 3742 ,
571 3672 601 3726 et
613 3663 784 3726 Artaxerxis
797 3664 983 3742 Longimani,
998 3664 1103 3742 qnippe
1117 3665 1209 3745 vitam

125 3763 315 3842 degentium,
347 3763 465 3843 qnando
483 3765 581 3826 emisti
593 3771 663 3826 sunt
674 3766 740 3827 iibri
754 3764 841 3826 ambe
853 3764 963 3826 Esdrae
982 3770 1012 3824 et
1031 3763 1210 3839 diruemus,

127 3877 235 3922 uerum
254 3877 441 3940 mequemur
456 3904 465 3940 ,
486 3877 546 3942 qno
558 3861 703 3924 Eeeieeiae
716 3869 831 3940 patres,
846 3879 882 3923 ee
894 3861 1028 3922 nonnulii
1041 3863 1210 3938 interpretes

129 3961 243 4036 npnati
252 3966 322 4022 sunt
334 3967 415 4038 geste
427 3960 540 4038 iniere,
562 3963 681 4038 quaein
692 3962 822 4022 Estherie
836 3960 985 4039 Scriptura
1002 3964 1211 4020 munerentur.

127 4057 173 4117 Ex
199 4058 247 4119 his
273 4063 406 4120 censetur
432 4059 587 4136 Eusebius,
607 4062 707 4137 quiin
729 4060 873 4123 Chroniee
895 4057 1211 4120 demumdernum

128 4155 305 4235 Artaxerxe,
326 4157 465 4219 dierum
477 4165 664 4236 nuncupate,
680 4160 741 4219 ait:
761 4184 774 4210 «ι
786 4157 846 4218 Sub
860 4159 916 4218 bne
929 4174 998 4236 rege
1010 4155 1082 4216 miixi
1095 4153 1213 4214 videtur

128 4254 274 4334 historia,
293 4271 368 4336 quae
388 4259 419 4316 in
442 4255 546 4317 Esther
567 4239 641 4316 tibio
663 4257 843 4333 eontinetur,
870 4255 1005 4334 expieta,
1031 4255 1092 4329 ipse
1106 4251 1212 4329 quippe

127 4359 196 4432 est,
225 4358 276 4432 qni
296 4355 335 4416 eb
353 4355 486 4418 hebraeis
515 4354 680 4432 Assnerue,
700 4359 731 4416 et
749 4371 768 4415 a
788 4351 977 4432 Septuaginta
1006 4345 1211 4426 interpretibus
