2964 5174
857 439 897 450 ν-
921 417 976 467 tro
1002 435 1051 450 -’

406 533 560 602 praecepta
580 524 688 586 alicubi
705 527 808 601 primis
825 524 971 585 Ecclesiae
988 523 1132 586 aetatibus
1147 527 1277 586 instituta
1295 523 1378 607 luere,
1389 539 1448 595 utet

403 628 476 684 actis
496 625 704 701 Apostolorum
719 631 843 683 constat.
861 623 899 699 (l)

443 723 470 798 S.
493 723 546 782 XI.
568 723 725 783 Caesareae
742 722 941 798 Cappadociae
954 723 1032 780 circa
1052 737 1164 781 annum
1185 731 1242 782 329
1253 727 1334 800 juxta
1348 741 1449 787 commu·

403 837 471 880 nem
492 823 667 880 sententiam
688 827 838 880 natusest
857 825 977 879 sanctus
997 819 1134 880 Basilius.
1163 821 1285 880 Athenis
1301 826 1411 898 primum
1424 843 1452 884 re

402 919 532 979 thoricae
549 924 578 979 et
596 919 798 996 philosophiae
815 935 934 994 operam
953 918 1051 994 dedit,
1066 919 1173 994 quibus
1196 922 1320 979 maxime
1337 923 1451 982 excedui.

402 1017 512 1076 Deinde
529 1020 560 1074 in
576 1019 701 1092 patriam
717 1033 852 1076 reversus
865 1017 944 1075 illius
962 1016 1113 1076 doctrinae
1130 1023 1269 1094 sanctae,
1290 1035 1345 1094 qua
1360 1019 1392 1077 ab
1407 1024 1453 1078 aria

403 1121 432 1174 et
451 1121 533 1191 patre
548 1114 678 1174 imbutus
690 1114 798 1190 iuerat,
810 1130 871 1172 non
888 1113 1013 1190 oblitus,
1028 1114 1203 1190 baptismate
1218 1114 1359 1174 Christum
1370 1118 1452 1192 induit,

403 1219 432 1272 et
445 1215 536 1289 ipsius
553 1219 679 1272 sectator
694 1215 815 1271 omnino
828 1211 966 1288 eflicitur,
985 1211 1198 1271 monachorum
1210 1215 1273 1272 vita
1286 1222 1413 1290 suscepta.
1425 1216 1453 1273 ot

403 1311 481 1370 hanc
497 1309 617 1370 vivendi
634 1313 779 1370 rationem
797 1313 974 1369 monasteria
992 1310 1132 1388 Aegypti,
1145 1310 1335 1387 Palaestinae,
1352 1312 1453 1389 Caelesy-

403 1411 479 1485 riae,
495 1409 722 1485 Mesopotamiae
738 1410 825 1485 visit,
840 1408 892 1469 ubi
904 1409 1024 1468 illorum
1037 1412 1170 1468 virorum
1183 1416 1348 1468 sanctorum
1359 1410 1453 1486 labores,

404 1505 501 1566 studia
527 1509 680 1584 imitatus,
710 1508 843 1566 doctrina
869 1513 898 1566 et
920 1509 1075 1566 sanctitate
1092 1507 1249 1582 splenduit.
1272 1507 1352 1566 Illius
1365 1522 1455 1568 munera

401 1604 578 1680 episcopalia
593 1604 649 1664 hoc
664 1611 826 1681 testantur,
842 1610 872 1664 et
892 1605 972 1664 illius
989 1607 1097 1681 scripta
1110 1605 1262 1681 hucusque
1278 1611 1456 1664 servataevan·

404 1703 514 1780 gelicae
530 1705 721 1763 institutionis
740 1709 985 1780 propugnatorem
1004 1705 1171 1765 ostendunt.
1192 1703 1337 1763 Ecclesiae
1355 1704 1455 1763 traditio·

404 1817 473 1860 nem
486 1802 660 1877 vindicavit,
675 1801 840 1879 Scripturas
852 1803 969 1862 divinas
986 1803 1143 1864 nieditatus
1159 1810 1203 1862 est
1214 1819 1286 1862 cura
1300 1803 1456 1861 maximati

405 1900 454 1959 hic
466 1902 573 1958 morati
586 1899 730 1975 quidquid
741 1900 778 1959 de
790 1901 892 1960 Bibliis
905 1900 1200 1962 Dantem-canonicis
1210 1904 1317 1961 veteris
1326 1904 1455 1960 testarent

399 1999 529 2058 senserit
540 2015 577 2057 ex
595 1999 726 2075 ejusdem
744 2002 859 2076 scriptis
875 2016 1022 2060 eruamus.

446 2097 597 2157 Adversus
613 2098 790 2158 Eunomium
803 2099 880 2158 libro
897 2116 927 2156 v.
945 2098 1047 2158 scribit
1052 2101 1140 2175 Juxta
1153 2097 1317 2173 Sapientiae
1331 2097 1366 2174 (il
1378 2095 1454 2155 librnn

406 2201 435 2253 et
454 2195 492 2254 de
511 2212 546 2254 eo
564 2195 649 2254 dicit:
670 2222 682 2246 a
700 2199 794 2258 Ζητεῖς
814 2197 866 2268 γάρ
883 2197 925 2250 ἵνα
941 2196 1016 2270 εὕροι
1035 2198 1065 2254 οὐ
1081 2196 1179 2260 πίστιν,
1194 2195 1257 2250 ἀλλ’
1271 2194 1394 2250 ἀπιστίαν·
1405 2197 1455 2247 τοῦτο

402 2291 507 2356 ἀληθής
523 2295 592 2348 κατα
606 2296 635 2348 το’
649 2297 839 2368 γεγραμμένον,
857 2295 880 2348 εἶ
884 2317 895 2358 ς
909 2295 1064 2369 κατάτεχνον
1081 2295 1173 2370 ψυχήν
1190 2295 1234 2349 οὐκ
1252 2293 1415 2349 εἰσελεύσεται
1428 2313 1455 2346 ca·

401 2385 450 2458 φίο
466 2429 470 2445 .
485 2388 505 2444 i.
524 2401 549 2444 a.
566 2386 688 2459 Quaeris
707 2389 785 2446 enim
798 2394 832 2446 ut
851 2390 985 2446 invenias
1005 2404 1066 2446 non
1083 2386 1189 2463 iidem,
1209 2387 1263 2446 aed
1278 2386 1452 2446 infidelitatem.
1473 2439 1474 2460 ,

403 2481 467 2540 Hoc
480 2498 584 2541 verum
598 2488 659 2558 est,
672 2484 833 2542 secundum
848 2484 896 2560 id,
912 2485 991 2562 quod
1005 2488 1146 2561 seriptum
1159 2492 1219 2544 cst:
1236 2517 1249 2529 ·
1265 2486 1301 2544 In
1314 2483 1453 2542 malevolan

402 2583 532 2639 animam
542 2597 603 2640 non
614 2582 735 2641 intrabit
745 2582 903 2659 Sapientia.
917 2609 929 2635 ν
942 2583 1050 2643 Contra
1060 2584 1194 2643 eumdem
1203 2600 1240 2642 ex
1250 2583 1351 2642 eodem
1361 2581 1421 2640 libro
1429 2580 1452 2653 (ι)

404 2678 579 2740 haecdicit:
601 2707 613 2731 ιι
627 2687 733 2754 Πνεῦμα
748 2684 801 2754 γάρ
815 2681 874 2736 ἐστιι
890 2684 919 2738 ‘to'
936 2684 1100 2755 πεπληρωκὸς
1115 2684 1149 2736 τοὶ
1166 2685 1321 2755 σύμπαντα,
1333 2683 1392 2735 κατά
1404 2681 1455 2750 adp·

402 2777 571 2850 γραμμένον,
596 2781 697 2850 πνεῦμα
716 2782 768 2854 γὰρ
787 2780 878 2855 Κυριόυ
899 2783 1046 2855 πεπλήρωκε
1063 2785 1107 2841 τήν
1124 2783 1297 2855 οἰκουμένην,
1316 2783 1389 2855 φησιν
1406 2782 1454 2834 o'll

401 2869 506 2940 aspar,
521 2871 542 2927 i.
559 2887 585 2929 e.
603 2869 727 2946 Spiritus
741 2875 819 2930 enim
832 2871 950 2933 Domini
962 2875 1084 2950 replevit
1095 2878 1204 2951 omnia,
1215 2880 1306 2952 juxta
1317 2865 1454 2948 illudenti

402 2967 544 3042 scriptum
562 2974 617 3026 est:
634 2968 785 3045 ·Spiritus
807 2973 885 3029 enirn
914 2971 1032 3030 Domini
1054 2973 1178 3049 replevit
1199 2973 1301 3032 orbem
1328 2979 1452 3031 terrarum

401 3061 501 3123 ·chit
518 3063 667 3124 Salomon.
683 3091 695 3117 ν
710 3067 744 3125 ln
764 3067 872 3127 Psalm.
888 3087 1013 3128 xxxvn.
1029 3070 1066 3145 (4)
1083 3071 1279 3130 Ecclesiastici
1291 3071 1378 3130 verba
1392 3067 1453 3127 suni

401 3161 590 3236 praedicens:
611 3165 751 3225 «Inimici
766 3171 865 3225 autem
883 3170 940 3226 mei
957 3171 1073 3227 vivunt.
1092 3169 1158 3227 Non
1174 3172 1252 3228 enim
1272 3171 1377 3228 mortui
1393 3169 1452 3234 sunt,

400 3275 495 3336 neque
515 3260 565 3319 ubi
583 3262 672 3321 semel
688 3266 719 3321 in
739 3281 785 3323 me
803 3265 920 3340 quidvis
934 3267 1028 3324 moliti
1043 3273 1112 3325 sunt
1125 3267 1277 3326 abierunt:
1295 3272 1342 3321 Διο
1373 3265 1456 3335 γέμει·

399 3378 460 3422 ταῖν
481 3358 517 3429 μή
539 3361 688 3432 μακαρίσῃς
713 3361 792 3436 ἄνδρα
811 3366 859 3434 πρό
880 3368 1002 3428 τελευτῆς
1022 3365 1142 3423 αὐτοῦ-ἰ.
1156 3383 1182 3424 e.
1196 3366 1266 3424 Ideo
1280 3369 1408 3441 scriptuli]
1418 3365 1453 3418 eil!
1472 3363 1473 3437 (

402 3457 469 3515 ·Ne
483 3457 601 3518 beatum
612 3459 692 3519 dicas
704 3463 801 3520 virum
813 3469 881 3521 ante
899 3469 1023 3522 mortem
1034 3479 1128 3522 suam.
1150 3489 1162 3514 »
1177 3464 1213 3521 ln
1228 3463 1340 3522 Psalm.
1360 3478 1417 3520 ιιιιι.
1430 3455 1453 3530 (5)
1472 3447 1473 3457 ³

400 3554 439 3612 ad
456 3557 593 3615 eamdem
618 3557 798 3634 Scrlptllrlim
815 3560 907 3618 redit:
932 3559 1030 3614 «Οὔτε
1054 3562 1106 3634 γάρ
1122 3562 1307 3634 οἶμαρτοίνοντοι
1327 3555 1453 3615 α’νειδιστέιιι

400 3651 469 3705 aava?
485 3655 514 3707 'ro'
534 3656 724 3727 γεγραμμένον·
744 3658 782 3728 μνί
800 3656 906 3730 ὀνείδιζε
920 3657 1049 3730 ἄνθρωπον
1068 3659 1267 3734 ἀποστρέφοντα
1285 3653 1454 3730 anteparta·

399 3745 420 3799 i.
437 3759 464 3801 e.
480 3743 580 3820 Neque
598 3749 675 3804 enim
691 3755 825 3822 peccator
844 3749 1064 3823 exprobrandus
1079 3757 1139 3827 cst,
1146 3756 1234 3827 juxta
1249 3751 1330 3828 qrrod
1346 3750 1452 3822 scriptuli

400 3847 464 3900 est:
481 3842 549 3900 ·Ne
561 3844 718 3919 exprobres
732 3849 830 3904 virum
839 3853 1017 3907 avertentem
1032 3865 1063 3907 se
1075 3865 1093 3907 a
1105 3857 1232 3924 peccato.
1247 3874 1260 3900 ν
1278 3850 1324 3908 Ne
1334 3848 1401 3907 iorte
1410 3843 1453 3901 huit

398 3941 566 3999 testimonio
582 3943 719 4021 obsutas,
730 3947 828 4021 accipe
846 3945 926 4004 aliud
945 3948 977 4005 in
996 3947 1201 4023 Hexameron,
1219 3948 1301 4006 hom.
1317 3963 1361 4005 v1.
1379 3969 1390 3994 ι
1401 3961 1449 3994 nea

398 4039 427 4092 τό
450 4040 591 4110 εἰρημένον·
611 4041 722 4114 daippus
736 4044 768 4104 ὥς
789 4043 885 4101 σελήνη
910 4043 1081 4112 α’λλοιοῦται,
1097 4049 1118 4104 i.
1132 4064 1158 4105 e.
1174 4047 1265 4105 Juxta
1277 4046 1357 4122 qllod
1372 4045 1450 4102 dictati

399 4136 502 4213 esula)
514 4168 526 4180 ·
539 4136 693 4198 Stultusut
707 4141 778 4200 luna
793 4148 933 4202 mutatur.
949 4168 961 4192 »
978 4144 1021 4202 De
1036 4143 1145 4220 Spiritu
1159 4143 1265 4204 Sancto
1279 4137 1451 4220 capanule·

427 4265 462 4330 (t)
479 4269 540 4333 cap.
555 4273 609 4324 liv.
620 4277 658 4322 2⁰.
671 4299 701 4309 -
713 4271 748 4336 (a)
757 4275 828 4323 Tom.
838 4274 869 4338 ll.
889 4275 955 4326 Edit.
977 4277 1103 4339 Maur.,'et
1112 4279 1168 4341 Sap.
1180 4290 1233 4341 cap.
1244 4279 1275 4327 ll.
1288 4281 1312 4327 4.
1330 4301 1359 4314 -·
1376 4271 1450 4336 (eisd

401 4359 422 4396 c.
434 4350 453 4397 1.
466 4353 489 4398 7.
502 4377 533 4387 -
544 4351 578 4413 (l)
588 4353 658 4402 Tom.
669 4355 689 4402 l.
701 4366 726 4416 p.
740 4359 794 4404 ³71.
803 4381 833 4394 -
844 4353 878 4417 (5)
891 4358 984 4406 Tomi.
997 4370 1023 4420 p.
1035 4363 1089 4409 855.
1102 4383 1132 4396 -
1141 4357 1176 4422 (o)
1185 4358 1251 4408 Eccl.
1261 4355 1385 4408 ollllvll.
1398 4350 1450 4400 inii·
