3094 5176
791 375 833 388 -
854 353 910 404 cot
932 377 972 388 --

341 468 538 522 conuentum
550 501 567 536 ,2
582 463 636 520 not
644 461 722 526 vitae
734 463 895 538 pamerras
914 462 1028 521 auras
1047 461 1079 520 ia
1092 460 1149 520 hoe
1163 463 1215 538 pio
1232 477 1319 538 opere
1337 479 1422 540 repe-

341 561 537 635 riendasunt3
552 558 603 619 sai
617 575 692 634 vox,
706 565 736 620 et
746 575 835 619 sonus
849 560 1072 636 Apostolorum,
1085 560 1303 635 quiinomnem
1311 569 1424 620 terram
1508 591 1509 604 .

342 662 437 718 exivit
447 661 558 718 aniate
572 661 713 718 sermonis
727 664 758 718 et
769 658 849 734 tidei,
864 663 894 718 et
906 675 943 718 ex
963 659 1096 734 Europae
1115 658 1223 717 finibus
1244 658 1283 718 ad
1302 660 1428 719 ultimas

342 757 430 816 Asiae
443 759 654 832 extremitates,
675 765 705 817 et
716 759 748 815 in
761 773 862 820 omnes
876 755 995 816 Africae
1005 773 1073 816 oras
1086 759 1184 832 arcuit,
1204 756 1242 815 de
1255 759 1427 832 expiatione
1509 755 1511 852 l

342 871 396 931 pro
415 857 539 915 mortuis
559 855 652 931 deque
671 856 704 912 in
717 854 809 915 altera
822 857 885 914 vita
903 856 989 930 loeo,
1010 853 1061 914 ubi
1078 854 1284 914 detunctorum
1304 858 1426 914 animae

342 959 525 1030 torquentur.
548 954 584 1012 Et
602 952 668 1012 ideo
682 955 752 1028 jure
771 952 997 1029 chrysostomus
1012 954 1043 1011 io
1057 951 1179 1027 epistola
1194 952 1232 1011 ad
1252 951 1426 1012 Corinthios

1508 887 1513 1030 i

341 1052 430 1111 Rom.
452 1061 503 1112 tt.
526 1051 620 1111 dicit:
646 1051 839 1128 «Nequeahs
859 1055 957 1127 reis,
979 1053 1030 1128 qui
1044 1051 1141 1111 adstat
1157 1052 1266 1126 altari,
1288 1052 1359 1112 dum
1373 1070 1426 1112 ve-
1513 1086 1514 1096 .

343 1150 472 1209 neranda
490 1156 670 1226 peraguntur
683 1149 845 1227 Mysterta,
867 1148 976 1208 clamat
988 1167 1041 1225 pro
1051 1150 1205 1225 omnihus,
1229 1153 1281 1226 qui
1294 1153 1324 1208 in
1337 1151 1424 1209 Chri·
1514 1185 1515 1192 .

342 1255 388 1308 sto
407 1248 606 1324 domnisrunt,
626 1255 656 1308 et
675 1250 731 1323 iis,
752 1251 803 1324 qui
822 1265 875 1324 pro
892 1251 967 1324 ipsis
983 1247 1130 1308 celebrant
1151 1252 1318 1306 memorias.
1342 1250 1423 1308 Nam

355 1349 454 1423 sipro
475 1349 545 1422 ipsis
558 1363 617 1406 non
637 1347 740 1406 fierent
766 1349 1076 1422 commcomrationes,
1103 1347 1258 1423 nequidem
1273 1347 1345 1407 haee
1372 1349 1421 1407 di·
1516 1383 1517 1390 .

342 1452 390 1506 cta
412 1451 518 1505 essent.
545 1447 610 1504 Non
632 1447 710 1504 enim
728 1451 797 1504 sunt
811 1461 857 1504 res
870 1452 987 1504 nostrae
1001 1445 1064 1504 iudi
1078 1447 1206 1521 scenici;
1227 1445 1309 1504 absit.
1331 1447 1420 1505 Haec
1517 1483 1518 1514 ἐ

343 1559 473 1620 namque
493 1543 568 1603 itant
587 1543 771 1602 ordinatione
791 1543 917 1618 Spiritus
931 1585 939 1600 .
954 1586 960 1600 .
975 1585 983 1601 .
997 1585 1005 1600 .
1018 1543 1062 1601 Ne
1082 1557 1152 1602 sane
1171 1559 1225 1601 nos
1246 1544 1339 1618 pigeat
1355 1545 1414 1619 iis,
1518 1581 1519 1610 2

231 1693 234 1702 .
342 1643 393 1716 qai
412 1646 600 1700 excesserunt
619 1655 704 1716 opem
718 1639 814 1714 terre,
836 1646 867 1698 et
880 1655 933 1715 pro
946 1643 989 1699 ets
1002 1654 1101 1715 preces
1114 1640 1231 1700 offerre.
1248 1641 1327 1700 lineo
1338 1644 1416 1700 enim

342 1740 501 1797 constituta
519 1744 564 1796 est
584 1739 713 1796 universi
742 1737 822 1796 orbis
842 1741 1005 1797 eommunis
1026 1741 1192 1813 expiatio.»
1225 1738 1263 1798 Et
1287 1738 1422 1814 ejusdem
1520 1779 1521 1792 ,

341 1850 466 1896 coaevus
486 1835 665 1911 Epiphanius
679 1841 781 1894 contra
800 1835 921 1895 Aeriam
940 1836 979 1896 oh
992 1836 1049 1896 hoc
1061 1839 1169 1912 irruit,
1191 1843 1220 1895 et
1233 1836 1338 1896 scribit
1355 1836 1419 1912 (ηε

344 1955 358 1982 α
370 1931 427 1991 Sed
437 1933 483 1991 his
499 1935 631 2010 omissis,
653 1950 704 2009 eo,
724 1933 802 1992 unde
815 1933 1008 2010 disertum,
1023 1933 1128 2010 ream,
1150 1951 1185 1994 ac
1198 1936 1366 1994 necessario
1379 1934 1421 1992 in·

340 2046 406 2088 cere
425 2030 498 2090 iilud
518 2031 676 2090 Ecclesiam
696 2030 762 2090 dico
784 2032 842 2106 (cle
865 2033 1029 2107 expiatione
1047 2049 1100 2107 pro
1113 2035 1237 2092 mortuis
1259 2032 1322 2107 ait)
1345 2049 1418 2107 quae

339 2128 483 2188 traditum
503 2129 561 2188 sihi
581 2131 692 2204 rihrm,
723 2128 807 2188 ilium
826 2146 845 2188 a
866 2130 1026 2207 majoribus
1046 2133 1198 2207 acceperit.
1226 2130 1332 2190 Potest
1352 2146 1417 2188 vero

339 2228 497 2303 qaisquam
509 2222 672 2286 maternam
682 2229 877 2304 sanctionem,
888 2229 1041 2304 autiegem
1053 2232 1144 2304 patris
1156 2230 1412 2303 evertemiqucm·

341 2325 499 2384 admodum
515 2343 534 2384 a
553 2324 708 2385 Monens
722 2327 941 2400 scriptumest:
963 2324 1078 2401 «Audi,
1094 2325 1154 2402 flii,
1164 2341 1319 2387 sennones
1332 2327 1411 2399 patris

339 2427 405 2500 tui,
426 2429 456 2483 et
468 2441 505 2484 ne
519 2425 641 2501 repellas
654 2425 732 2500 leges
746 2425 848 2485 matris
861 2431 929 2483 tuae
939 2442 970 2484 ·:
993 2424 1171 2484 ostendendo
1183 2425 1297 2499 scripto
1318 2430 1347 2482 et
1359 2426 1413 2482 sine

339 2525 450 2600 mripto
461 2524 595 2584 decussa
608 2523 740 2599 Patrem,
756 2523 812 2582 hoe
826 2529 886 2598 est,
900 2521 995 2580 Deam
1009 2522 1218 2598 Unigenitum,
1233 2527 1264 2580 et
1278 2520 1417 2582 moena

339 2621 491 2697 Spiritum.
510 2623 610 2685 Mater
632 2629 729 2682 autem
749 2629 850 2680 nostra
869 2621 1000 2680 Ecclesia
1013 2620 1116 2680 hahuit
1129 2620 1245 2680 decreta
1265 2623 1299 2680 in
1312 2637 1345 2678 se
1360 2622 1419 2694 ipsa

342 2727 475 2794 statuta,
496 2736 572 2796 quae
592 2721 735 2796 dissolvi,
756 2735 850 2794 oeque
865 2720 956 2778 everti
970 2723 1127 2794 nequeunt.
1144 2717 1217 2776 Cum
1230 2733 1304 2793 engo
1319 2718 1417 2776 statuti

339 2820 450 2877 sintin
471 2819 600 2879 Ecclesia
618 2822 751 2895 termini,
772 2824 803 2877 et
821 2817 895 2878 hene
914 2833 946 2876 se
965 2817 1112 2892 habeam,
1136 2823 1164 2875 et
1183 2818 1266 2874 omni
1287 2815 1411 2874 adrnira-

338 2917 418 2974 tione
432 2915 520 2990 digni
539 2917 618 2990 sint,
639 2914 807 2976 confutatus
827 2923 871 2975 est
890 2931 991 2976 rursus
1011 2915 1062 2974 ilie
1081 2915 1256 2974 seductor.»

378 3013 415 3071 Et
424 3029 539 3090 revue,
552 3012 641 3087 (dum
653 3013 722 3073 huic
737 3013 830 3072 labori
843 3013 933 3072 finem
946 3013 1102 3088 instituo,)
1117 3029 1192 3089 quae
1205 3013 1295 3076 Aeria
1311 3011 1417 3088 obiecit

338 3111 538 3187 Epiphanius,
560 3115 672 3187 qrtime
691 3112 837 3188 quadrant
850 3115 938 3171 uiam
952 3127 1032 3171 nram
1044 3114 1182 3188 temporis
1194 3111 1345 3171 Masius
1359 3111 1416 3170 Ro·

338 3225 444 3270 manae
464 3210 660 3286 adremariis,
681 3217 745 3269 turn
759 3210 801 3269 aie
820 3213 877 3286 iis,
906 3227 980 3287 quae
1000 3213 1193 3288 expiationem
1214 3227 1268 3286 pro
1287 3212 1412 3270 moraris

337 3315 488 3385 spectant,
508 3315 572 3368 turn
592 3309 629 3368 de
653 3310 740 3385 aliis,
770 3325 844 3386 quae
865 3310 903 3370 ad
922 3310 1087 3386 Scripturas
1109 3309 1412 3370 DeuteroCanonicas

337 3408 472 3466 attinent.
493 3407 555 3482 Ipsi
563 3410 642 3466 enim
655 3409 800 3466 immerito
820 3415 849 3468 et
868 3411 960 3484 gratis
980 3413 1121 3484 rrspturnt
1133 3407 1326 3468 Sacramenta
1343 3407 1414 3480 Dei,

339 3511 369 3563 et
384 3506 528 3566 Ecclesiae
540 3507 689 3564 Romanae
702 3506 800 3564 tidem.
820 3507 996 3567 Perscrutati
1009 3510 1067 3582 ipsi
1080 3513 1150 3566 sunt
1162 3522 1249 3566 verae
1263 3505 1413 3582 religionis

337 3604 500 3680 originem,
522 3611 551 3664 ct
571 3607 793 3682 antiquitatem,
816 3608 924 3682 optime
944 3611 972 3664 et
993 3608 1143 3682 perspicue
1164 3605 1201 3680 ah
1221 3605 1308 3679 aliis,
1335 3603 1413 3661 iilius

335 3698 520 3764 divinitatem
541 3695 746 3780 secreverant,
764 3699 1173 3790 Redemptionishiysterium
1190 3710 1219 3762 et
1237 3701 1412 3777 Redempto-

338 3800 378 3858 ris
399 3799 562 3860 adventum
581 3818 598 3860 e
618 3803 700 3864 libris
724 3803 899 3878 propheticis
927 3805 1034 3878 pariter
1058 3808 1302 3879 propugnarunt,
1334 3801 1413 3859 iliius

340 3901 592 3956 conversationem
612 3901 644 3957 in
663 3901 797 3977 mundo,
817 3901 952 3960 divinum
966 3908 996 3960 et
1008 3901 1199 3975 apostolicum
1219 3900 1411 3956 nrinhterium

327 3995 375 4054 *ah
395 4013 429 4055 eo
449 3999 615 4056 institutum
642 3999 766 4058 confessi
787 4005 865 4060 sunt.
888 4001 912 4058 E
931 3999 1088 4077 scripturis
1117 3999 1315 4075 evangelicis,
1338 4011 1410 4073 quas

334 4097 392 4174 ipsi
412 4103 445 4156 ut
465 4097 580 4158 divinas
609 4097 699 4159 libero
724 4103 888 4178 testantur,
919 4095 1091 4184 aeceperunt
1116 4097 1224 4158 Christi
1249 4097 1411 4156 Ecclesiam

374 4311 410 4374 (i)
427 4313 524 4362 ilaercs.
542 4319 581 4380 ἰῇ,
599 4329 641 4365 seu
659 4321 696 4366 77.
716 4329 740 4364 n.
759 4323 781 4363 8.
