3094 5184
553 393 712 446 ...ff-.-

92 502 177 567 porro
196 487 430 556 hemistichium:
457 497 522 558 «ht
542 514 602 562 non
624 502 761 568 deliciunt
782 509 889 593 (mma)
911 519 943 578 ln
963 523 1103 588 custodiis
1122 543 1170 594 so·

92 603 156 650 rum
186 615 199 642 o
229 607 266 654 ex
285 593 384 656 radice
402 593 539 660 hebraica
560 609 723 673 niumuiin
745 611 915 676 mscmmoi
932 633 1026 698 nuper
1043 637 1171 705 expensa

90 687 145 748 sub
163 689 329 768 significatu
349 694 464 773 oipc'ls'is
483 701 594 780 nmio,
620 703 726 781 qulbus
746 709 842 770 sidera
862 712 1029 781 alternatim
1058 726 1172 789 coelum

92 795 287 866 percurrunt,
308 791 450 871 nobisque
469 805 631 879 apparent,
654 805 847 882 explicantur.

130 884 172 946 lie
195 891 411 954 consecratlms
434 893 535 956 Aaron
553 897 626 960 dicit
644 901 844 968 Bon-Sirooh:
870 911 1033 990 «huplcvtt
1052 917 1170 1000 Moyses

91 999 215 1062 munus,
240 991 269 1048 et
287 991 373 1050 unxit
394 1005 461 1054 euna
478 995 509 1054 in
524 994 588 1057 oleo
602 1007 715 1064 sendo.
727 1028 741 1055 »
764 1003 907 1084 Implevit
923 1027 1029 1075 monus
1044 1014 1171 1112 hebrapa

89 1082 201 1160 phrasb
220 1093 265 1150 est
282 1105 319 1151 uc
339 1097 377 1158 nt
403 1072 479 1162 &Sin
494 1095 632 1178 tmplcett
650 1115 756 1163 omnm
776 1105 807 1164 ln
821 1105 921 1170 Exodo
938 1109 1174 1190 frequentissima

89 1197 124 1242 ao
151 1183 230 1248 valet
256 1190 378 1252 initiare
406 1192 536 1274 ulwurm
561 1195 755 1277 Sacerdott'o,
791 1204 903 1268 Divino
927 1207 1023 1272 mittut
1055 1231 1172 1280 serrare

90 1279 229 1360 ols'puem
261 1287 435 1367 Huiusmodi
464 1292 646 1359 locutiones:
681 1300 747 1361 «ln
773 1305 962 1386 septuplum
993 1315 1060 1406 rip
1082 1331 1170 1393 poree

88 1397 178 1444 aomo
196 1400 250 1461 pro
267 1391 416 1466 potestus,
443 1407 567 1470 reputem
589 1409 698 1474 usum;
720 1400 884 1463 sacerdotes
903 1405 1015 1470 domini
1039 1411 1168 1474 sanctiti-

89 1493 178 1557 eare3
195 1485 283 1559 Juxta
307 1483 519 1567 diesseecul13
539 1505 675 1555 somnum
695 1498 829 1560 sanitatis
848 1501 1000 1584 dormire;
1026 1508 1057 1568 ln
1086 1511 1171 1588 aquis

91 1576 223 1640 validisn
246 1589 277 1643 et
293 1585 422 1661 ejusdem
443 1591 557 1666 generis
577 1607 666 1670 qnam
678 1591 836 1674 plurimae,
858 1615 933 1677 qaae
952 1602 1060 1682 ubique
1079 1605 1167 1684 hujus

88 1671 255 1753 Scripturas
281 1687 443 1761 notantur,
467 1685 576 1749 indicia
599 1688 761 1754 clarissima
789 1695 966 1772 protendunt
989 1699 1077 1779 hujus
1103 1702 1171 1766 llhrl

86 1779 234 1836 uuemrem
259 1775 449 1842 hebraeorum
470 1781 572 1861 lingua
597 1791 758 1863 posteritati
778 1791 933 1857 mandasse
952 1801 1015 1858 tam
1038 1801 1166 1878 praeola-

88 1885 157 1948 ros,
178 1887 213 1934 ao
238 1873 354 1936 divinas
374 1891 488 1942 morum
507 1882 714 1956 institutiones.

125 1969 153 2046 s.
180 1971 232 2034 vi.
259 1973 340 2035 Idem
368 1975 484 2039 horuch
513 1979 580 2041 iibri
606 1983 735 2063 titulus,
765 1987 816 2065 qui
844 1991 946 2068 incipit
974 2007 1012 2054 cx
1041 1995 1170 2056 sudoris

85 2069 255 2149 genealogia
275 2072 405 2136 declarat
432 2078 518 2138 istam
546 2078 725 2159 scripturam
753 2085 889 2148 hebraico
913 2090 1053 2152 idiomate
1076 2089 1167 2154 luisse

85 2171 348 2247 moratam,1uxta
368 2175 608 2238 consuetudinem
630 2187 791 2243 mterorum
806 2183 1038 2266 Prophetarum,
1059 2191 1110 2266 qul
1126 2192 1168 2251 lta

83 2263 201 2326 divinas
224 2271 383 2332 sententias
404 2288 552 2348 aperuere.
581 2275 749 2340 Oblationes
775 2279 880 2342 delude
905 2291 1003 2344 censet
1028 2284 1166 2365 Bmuob,

83 2377 159 2439 quas
186 2363 336 2445 Babylone
361 2370 540 2450 collegerunt
555 2375 678 2454 iudaei,
700 2384 734 2438 ut
753 2394 805 2440 eas
822 2379 1004 2442 Hierusalem
1020 2385 1172 2446 mitterent

82 2461 124 2522 dd
145 2465 287 2542 templum
308 2464 448 2546 Domini,
470 2469 541 2532 dicit
562 2472 601 2551 (i)
622 2477 723 2536 enim:
749 2503 762 2530 a
778 2479 831 2532 Kal
854 2477 1002 2553 συνήγαγον
1020 2477 1164 2556 ἀργύριον,

84 2559 155 2616 aoht
171 2563 283 2620 lasaron
306 2565 447 2628 dtn'vsvod
459 2569 521 2643 χείρ
540 2573 561 2632 l.
584 2587 612 2633 e.
637 2573 675 2635 st
701 2574 880 2656 collegerunt
908 2586 1064 2659 argentum
1081 2587 1169 2661 Juxta

81 2664 163 2744 quod
175 2666 404 2745 uniuscuiusque
416 2671 512 2746 potuit
520 2671 771 2736 manus.»Ultlma
782 2677 920 2739 versiculi
933 2695 1001 2756 pars
1011 2679 1168 2744 hebraeam

80 2763 215 2840 phrasim
236 2764 370 2844 extollit,
392 2767 483 2830 veluti
502 2768 612 2830 diceret
632 2775 727 2850 prout
749 2777 881 2854 quisquis
901 2779 1014 2855 potuit.
1043 2779 1169 2844 Hebraei

79 2863 162 2922 enlm
184 2868 222 2928 'ii
236 2861 298 2938 jad
319 2879 424 2926 marma
443 2872 564 2928 sumunt
590 2884 643 2945 pro
663 2871 740 2930 vires
762 2871 809 2932 vel
824 2875 972 2951 potentio.

123 2959 288 3038 Argentum
310 2977 380 3022 vero
403 2965 512 3041 captivi
532 2963 623 3029 Israel
643 2967 825 3028 hierusalem
845 2970 1043 3048 mandarunt,
1069 2970 1164 3033 dicen·

77 3067 141 3122 tas:
168 3061 258 3122 «hoen
271 3063 406 3124 misimus
419 3061 523 3124 advos
538 3071 707 3143 argentum,
722 3073 751 3129 et
764 3071 850 3129 emita
861 3068 1106 3150 holocautomata,
1122 3069 1164 3149 <il

75 3160 139 3232 eropi*
168 3158 322 3232 ἁμαρτίας,
351 3161 395 3216 καὶ
416 3158 541 3227 λίβανον,
561 3165 606 3216 aar*
633 3165 760 3224 ποιήσεινν
782 3164 888 3237 μάννα,
908 3168 953 3221 aas*
979 3165 1102 3224 ἄνοι’σατε
1125 3167 1171 3223 dors*

77 3261 111 3315 τό
135 3257 323 3334 θυσιαστήριον
347 3257 433 3332 rupi'no
454 3262 475 3321 l.
499 3277 526 3322 a.
552 3262 610 3321 Pro
633 3270 750 3339 medulo
762 3267 822 3342 ,et
842 3266 1013 3344 lucendum,
1033 3272 1063 3326 et
1082 3265 1170 3328 fauste

81 3375 214 3440 manna,
229 3367 259 3422 et
277 3360 381 3422 ollerte
401 3359 592 3438 superabam
605 3359 733 3421 Domini.
748 3387 761 3414 o
774 3362 838 3422 Duo
855 3362 998 3424 vocabula
1011 3363 1168 3442 habentor,

80 3473 163 3536 quae
181 3461 299 3520 nonnisi
320 3476 356 3520 ex
379 3457 512 3519 hebraeis
531 3457 634 3518 litteris
650 3465 729 3519 reeta
749 3461 988 3536 interpretemur:
1016 3459 1081 3522 «Et
1099 3463 1169 3520 emi‘·

73 3563 108 3618 ta
120 3556 295 3620 holocausta
314 3559 360 3614 ast
380 3555 440 3632 aspi
460 3555 591 3630 ἁμαρτίας
614 3559 669 3618 te.
680 3557 717 3618 Et
730 3574 784 3634 pro
796 3564 944 3634 peceato.»
962 3557 1168 3640 Hebraeavox

75 3663 171 3721 amit
198 3655 310 3719 statos
330 3661 466 3737 peccavit
484 3659 653 3734 saepissime
678 3659 708 3716 tn
734 3656 797 3734 lege
818 3655 930 3735 Moysis
952 3656 1075 3733 allisque
1099 3653 1177 3716 Scri·

73 3756 176 3832 psoris
193 3759 390 3836 metonymica
410 3757 553 3833 accipitur
574 3757 606 3814 tn
627 3755 805 3832 sacrificium
820 3769 879 3832 pro
893 3757 1026 3832 peccato.
1056 3751 1175 3814 Codices

70 3849 221 3913 hebraeos
244 3853 352 3932 legenti
383 3853 502 3914 obviam
527 3854 584 3912 erit
606 3871 616 3930 3
646 3859 675 3912 et
702 3852 758 3912 hac
787 3853 900 3912 ratione
933 3851 1004 3912 dicit
1027 3850 1172 3912 Bamch:

77 3949 199 4012 «Emlte
214 3966 268 4028 pro
286 3951 561 4029 praeterierimus
578 3950 687 4010 scillcet
700 3953 732 4010 in
742 3951 937 4026 explationem
949 3954 1170 4026 peccatorum.»

69 4055 119 4116 De
147 4055 205 4118 hac
225 4073 257 4118 re
285 4059 374 4136 paulo
405 4063 502 4134 anm,
538 4059 569 4116 ln
593 4055 717 4116 verbum
747 4063 836 4119 militi
864 4054 996 4116 basclam
1022 4053 1174 4131 deliquit,

65 4154 180 4214 endem
206 4155 347 4218 disserui.
390 4155 456 4216 Alia
491 4153 579 4214 dictio
605 4151 741 4214 hebraico
765 4157 809 4214 est
832 4153 915 4226 μάννα
941 4167 1074 4229 monna,
1099 4161 1175 4225 quae

115 4343 157 4406 ii)
173 4343 269 4394 mauolt
301 4357 322 4394 o.
333 4347 352 4394 l.
366 4350 388 4394 6.
402 4369 432 4382 -
445 4341 479 4406 (ii
513 4345 567 4394 Bar.
580 4355 601 4390 o.
615 4343 634 4390 l.
651 4347 688 4390 iii.
