3022 5178
813 398 992 454 -186-

363 507 491 586 plerique
503 514 612 586 nmen,
624 513 653 568 et
664 507 847 584 potissimam
859 509 1050 570 conciliorum
1063 509 1228 571 oodoctores
1239 509 1345 574 Gelasio
1357 531 1412 576 oon
1491 563 1492 610 t

362 605 478 666 cedunt.
498 631 512 658 a
535 607 598 666 Hoc
625 612 722 667 autem
743 607 1012 686 quomodocumque
1037 609 1076 666 ait
1098 607 1171 668 nihil
1196 609 1412 674 demonstrationi

363 711 480 764 nostrae
488 703 589 763 ofiiclt.
605 704 727 780 Insuper
737 705 898 764 notandum
910 709 965 782 est,
978 704 1106 764 codicem
1114 705 1257 766 lucensem
1266 707 1334 770 haec
1344 727 1413 786 prae·
1491 729 1492 784 3

362 808 407 861 ter
434 803 506 862 alios
527 802 640 862 codices
663 817 781 879 capere:
803 803 934 879 «Incipit
951 803 1093 862 decretale
1110 803 1148 864 ah
1162 805 1233 864 urbe
1249 807 1353 866 llornae
1365 810 1414 868 edi·

362 906 446 975 tum,
461 899 497 958 de
512 899 684 977 recipiendis
702 901 766 960 sive
776 916 836 960 non
852 899 1023 978 recipiendis
1040 901 1123 960 libris
1142 902 1261 961 lacuum.
1283 903 1414 980 Synodom

361 997 416 1056 sub
435 996 550 1056 Gelasio
566 1012 642 1072 pepe
655 997 736 1056 urhis
750 999 861 1058 Romae
875 1013 943 1058 cum
959 999 1141 1074 septuaginta
1156 1000 1304 1076 episcopis.
1324 1001 1414 1077 Incipit

359 1096 511 1176 Prologus.
534 1095 581 1156 ild
598 1096 811 1173 dimouendas,
827 1098 874 1156 vel
894 1097 1095 1174 intelligendas
1109 1097 1288 1174 Scripturas,
1308 1115 1374 1174 quas
1391 1104 1416 1157 in

361 1209 457 1271 novo,
477 1195 526 1254 vel
537 1197 629 1255 veteri
649 1199 822 1254 testamento
842 1193 1003 1270 apluribus
1020 1194 1127 1270 editas,
1145 1194 1217 1253 illud
1240 1196 1413 1270 apostolicum

360 1293 445 1352 nohis
460 1293 596 1352 mevenit
612 1307 729 1352 servare
746 1294 908 1370 eloquium;
924 1293 1109 1369 prophetias,
1128 1294 1242 1369 inquit,
1254 1293 1340 1351 nolite
1352 1309 1416 1368 sper-

360 1407 449 1468 nere,
464 1391 563 1450 omnia
582 1398 679 1452 autem
696 1391 835 1469 probate,
858 1397 891 1450 ut
911 1392 1029 1466 plenius
1041 1390 1094 1450 Dei
1106 1393 1271 1467 operatione
1283 1390 1417 1450 credamus

358 1487 425 1552 uias
440 1505 504 1550 esse
517 1490 669 1567 conditas,
688 1491 816 1568 quaeda
838 1491 966 1550 macchi
983 1490 1119 1565 Domini,
1138 1491 1345 1564 renativitate,
1362 1505 1415 1564 pas·

360 1592 442 1648 sione
460 1589 573 1664 ipsius,
587 1594 616 1647 et
635 1590 843 1648 resurrectione
864 1589 1021 1648 certissime
1039 1586 1129 1648 fuisse
1148 1587 1276 1662 locutas,
1294 1601 1343 1662 per
1358 1602 1418 1661 quas

358 1689 505 1748 animnos
523 1686 675 1746 credimus,
688 1702 750 1746 esse
766 1686 913 1762 salvatos,
927 1684 967 1745 ibi
984 1686 1173 1762 intelligimus
1185 1683 1259 1744 illud
1278 1684 1326 1742 uhi
1342 1683 1413 1742 dixit:

361 1785 594 1859 -Quodbonum
606 1792 651 1846 est
665 1791 791 1846 taastez·
805 1785 844 1846 ad
855 1783 1044 1860 repellendas,
1058 1784 1105 1842 vel
1116 1799 1134 1842 a
1146 1781 1295 1842 catholicis
1312 1797 1416 1840 renuen-

359 1882 413 1942 d'as
426 1882 595 1960 Scripturas·
607 1898 669 1944 esse
683 1884 884 1960 cognovimus,
898 1898 971 1958 quas
983 1883 1072 1943 etiam
1085 1882 1132 1940 vir
1145 1879 1353 1939 eruditissimus
1364 1879 1418 1936 ilie

358 1995 501 2059 ronymus
517 1980 695 2059 repudiavit,
712 1997 778 2041 esse
800 1980 954 2040 damnatas
973 1978 1082 2038 suflicit
1097 1977 1181 2038 nohis
1206 1977 1321 2052 dicere,
1342 1982 1372 2034 ut
1385 1976 1415 2033 ab

359 2081 440 2138 omni
459 2082 554 2156 specie
574 2079 653 2144 mala
671 2079 905 2139 abstineamus.»
932 2077 970 2154 (1)
985 2077 1147 2136 Fatendum
1159 2091 1276 2151 quoque
1299 2080 1358 2149 est,
1378 2089 1416 2132 oo·

357 2176 436 2237 dices
455 2178 543 2254 hnjus
560 2178 665 2256 synodi
682 2176 838 2237 nonnullos
855 2191 974 2236 censum
988 2166 1129 2238 littorum
1141 2187 1292 2234 sacrorum
1309 2187 1363 2230 non
1376 2187 1416 2228 ex·

357 2275 454 2350 plicita
472 2277 657 2353 praeseferre,
677 2277 733 2337 hoo
749 2283 847 2334 tamen
871 2291 975 2351 parum
994 2274 1093 2348 refert,
1109 2287 1176 2332 oum
1195 2270 1330 2347 theologo
1347 2268 1417 2328 facile

285 2385 287 2389 ’
357 2375 396 2431 sit
410 2389 563 2449 excerpere
575 2390 613 2432 ex
631 2373 804 2450 apocryphis
817 2379 917 2450 postea
933 2372 1103 2447 numeratis,
1117 2369 1213 2446 quem
1225 2373 1322 2428 certus
1333 2365 1416 2426 Canon

356 2470 524 2531 divinorum
541 2471 701 2530 Bibliorum
718 2467 770 2529 hic
784 2478 848 2530 erat
862 2468 1081 2544 inscribendus,
1099 2473 1129 2527 et
1147 2481 1250 2526 revera
1267 2465 1308 2526 eh
1320 2466 1416 2524 nnive-

359 2569 417 2627 sali
431 2569 561 2629 Ecclesia
570 2572 634 2644 jam
647 2573 793 2645 receptus,
803 2571 846 2628 uti
859 2573 960 2644 postea
970 2565 1097 2627 mode
1108 2571 1189 2642 parte
1206 2578 1225 2622 a
1240 2579 1290 2622 me
1303 2564 1355 2621 erit
1365 2571 1417 2637 pro

357 2663 498 2724 handum.
516 2665 659 2741 littero,
677 2666 737 2743 qua
755 2669 926 2726 aumentate
943 2664 1107 2742 Scripturas
1119 2659 1348 2722 Deutmasidem
1359 2673 1417 2736 por·

356 2761 429 2824 tifex
449 2762 583 2824 Gelasius
600 2767 795 2840 reputaverit,
814 2767 905 2824 satius
922 2763 1130 2840 dignoscatur,
1150 2760 1229 2820 illius
1247 2761 1354 2834 scripte
1365 2771 1417 2831 par·

355 2875 507 2922 curramus
521 2868 623 2921 contra
642 2861 784 2925 meresrm
797 2863 989 2940 pelagianam.
1005 2861 1040 2920 ln
1053 2859 1184 2935 Epistola
1197 2858 1236 2918 ad
1254 2871 1353 2916 omnes
1370 2854 1417 2929 epi·

356 2975 458 3035 scopos
482 2975 532 3036 per
552 2961 691 3020 Picenum
711 2961 829 3021 scribit:
859 2984 872 3011 e
893 2960 996 3020 Nonne
1017 2958 1090 3018 haec
1105 2963 1151 3016 est
1169 2957 1220 3015 ille
1237 2953 1418 3032 praesumptio

355 3057 518 3133 naturalis,
541 3075 615 3136 quae
634 3058 671 3118 ad
690 3057 861 3118 detestanda
881 3057 1058 3134 captivitatis
1074 3059 1143 3130 jura
1155 3052 1325 3127 descendit,
1345 3064 1419 3127 quam

357 3153 507 3231 Scriptura
520 3162 623 3216 sancia
637 3155 675 3232 (a)
690 3160 734 3214 sio
751 3162 893 3215 memorat
909 3155 1005 3231 <laute
1020 3150 1269 3226 Ecclesiasticam)
1287 3167 1296 3208 ι
1313 3149 1420 3208 -orsve

350 3256 456 3330 jugum
467 3271 553 3331 super
563 3255 639 3315 filios
650 3254 745 3318 Adam
757 3271 774 3313 a
785 3253 832 3312 die
841 3255 936 3313 exitus
950 3252 986 3310 de
999 3257 1100 3310 venue
1110 3252 1212 3308 matris
1225 3263 1326 3309 eornm
1339 3261 1416 3322 usque

356 3353 393 3410 ad
411 3353 487 3412 diem
506 3354 705 3430 sepulturae.»
721 3351 832 3415 Ibidem
857 3351 1019 3432 Sapientiae
1041 3347 1183 3423 verbale)
1199 3347 1301 3407 retulit
1320 3343 1418 3424 praedi·

355 3465 439 3510 censa
459 3476 472 3501 «
487 3451 563 3510 Hinc
578 3458 641 3527 est,
655 3451 735 3528 quod
754 3453 824 3510 item
844 3450 915 3509 dicit.
932 3448 1081 3524 Scriptura
1095 3446 1152 3522 (de
1167 3445 1329 3522 pelagianis
1343 3441 1419 3518 loqui·

354 3549 416 3624 turi
432 3551 501 3624 quia
521 3565 619 3609 semea
639 3557 702 3610 erat
719 3549 945 3610 maledictum.»

363 3681 366 3694 ·
393 3645 422 3721 S.
444 3647 496 3708 Xl.
512 3647 596 3708 liano
609 3653 732 3708 aetatem
746 3649 888 3721 ameoutl,
906 3645 985 3705 haud
1001 3651 1046 3704 est
1065 3659 1187 3704 neeman
1197 3649 1232 3702 ut
1248 3637 1421 3702 ulterioribus
1491 3669 1492 3682 κ

353 3745 603 3822 disquisitionibus
609 3750 818 3824 investigemus
825 3745 995 3822 pontificum
1004 3744 1051 3804 vel
1063 3743 1242 3821 synodorum
1253 3745 1284 3806 in
1295 3757 1325 3799 re
1333 3743 1418 3798 nostra

354 3846 531 3922 sententias,
545 3861 583 3906 ne
605 3848 810 3923 praestitutum
824 3844 956 3904 ordinem
973 3845 1171 3918 invertamus3
1185 3846 1233 3900 ast
1247 3841 1345 3916 potius
1357 3847 1419 3910 opas

354 3943 537 4002 insumamus
555 3944 739 4004 enucleantes
767 3941 869 4003 sedulo
895 3943 1001 4002 veteris
1022 3939 1137 4002 concidi
1158 3953 1319 4012 monem,
1343 3945 1417 4012 mom

352 4039 439 4111 nohis
459 4038 601 4117 amiciunt
620 4039 780 4100 adversarii
797 4039 889 4100 velati
903 4053 974 4098 suae
998 4037 1147 4100 doctrinae
1170 4035 1326 4096 laventem.
1345 4029 1418 4090 limo

380 4250 416 4315 (1)
431 4251 510 4395 ῐῖἱῖιιεί
526 4251 553 4304 ia
571 4247 738 4382 concliorum
754 4250 924 4317 supplemento
933 4250 994 4304 tom.
1006 4251 1027 4302 1.
1039 4263 1064 4317 p.
1077 4251 1168 4304 att·-
1179 4245 1215 4314 (a)
1230 4245 1295 4300 hoel.
1305 4257 1327 4297 c.
1340 4243 1385 4294 lli.
1394 4245 1413 4288 t.

355 4337 419 4390 1.-
449 4333 691 4397 esap.o.lll.it.
1160 4348 1165 4362 ·
1307 4347 1309 4352 ·
