3094 5176
393 519 456 567 reos
469 501 660 583 ligneosque,
682 501 830 580 lapideos,
852 505 904 580 qui
916 519 977 562 non
991 501 1113 580 vident,
1128 517 1222 578 neque
1234 503 1383 579 rendunt,
1403 503 1465 564 un·

391 605 551 763 (haim
567 701 750 776 Hieremiae,
771 707 805 762 ut
819 699 977 777 praesefert
990 697 1168 776 epigraphe,
1190 705 1398 775 nuncupentur
1413 699 1468 758 hee

389 799 521 876 litterae,
546 799 620 858 mihi
640 797 719 858 houd
738 797 855 858 videor
874 814 892 857 a
912 799 1034 858 verno
1054 797 1207 873 alienam,
1227 813 1296 857 oum
1317 799 1345 856 is
1366 799 1467 873 udone

389 905 466 958 reete
484 898 615 956 novisset
632 895 829 956 eondittonem
848 891 948 972 populi
967 895 1058 954 Israel
1073 895 1105 954 in
1122 896 1265 972 assyriis,
1286 898 1414 971 ejusque
1425 895 1467 954 di·

388 998 513 1058 scrimen
532 997 609 1054 inter
627 999 672 1054 tot
695 992 874 1053 offendioma
897 992 1039 1069 degenda.
1067 991 1187 1054 Phrosis
1213 995 1317 1069 enirn,
1343 999 1381 1052 ut
1400 993 1467 1052 etthi

388 1093 472 1170 dixi,
493 1092 630 1152 hebraica
650 1093 751 1168 lingna
770 1107 890 1167 prorsus
915 1089 1052 1166 redolet,
1080 1107 1175 1152 mores
1195 1098 1226 1150 et
1249 1098 1413 1168 tempora,
1441 1097 1467 1150 et

386 1205 515 1269 musae,
541 1207 644 1268 resque
667 1205 768 1250 omnes
793 1190 834 1250 iti
860 1192 966 1250 citatae
991 1193 1101 1266 pariter
1123 1193 1313 1250 eonveniunt.
1343 1188 1466 1248 Minoris

387 1292 527 1349 momenti
554 1291 703 1367 negotium
731 1293 813 1348 extat
831 1289 983 1365 originalis
1002 1294 1101 1348 textus
1121 1290 1249 1348 emissio.
1271 1289 1309 1348 lu
1334 1303 1395 1347 usn
1414 1286 1466 1346 iiu-

387 1403 523 1464 guarum,
539 1386 671 1446 homiues
692 1393 821 1446 aetatum
843 1386 957 1446 nutus
977 1403 1009 1446 se
1028 1403 1060 1446 ee
1080 1385 1302 1448 aooommodnnt
1321 1392 1354 1446 et
1372 1387 1466 1463 regio·

386 1487 494 1563 nibus,
521 1501 594 1562 pnes
614 1486 756 1546 iuooinut.
789 1485 835 1544 ita
855 1484 973 1546 hebraei
992 1487 1025 1544 ia
1044 1484 1170 1562 Assyria
1194 1483 1347 1546 ehetdoioe
1367 1485 1466 1561 ioque

385 1583 517 1659 bantur,
545 1585 578 1641 in
600 1582 757 1660 Aegypto,
778 1583 830 1642 ubi
850 1583 977 1644 invaluit
995 1599 1167 1659 graeoorum
1187 1583 1313 1660 lingua,
1338 1598 1464 1660 graeee,

385 1685 472 1742 sicuti
492 1688 521 1742 et
544 1689 656 1742 eeterae
682 1689 781 1759 gentes
807 1684 1001 1758 exoogitoot,
1027 1687 1199 1758 quaerentes
1222 1681 1369 1758 unoquo
1393 1686 1466 1742 tem·

384 1781 465 1855 pori,
487 1785 516 1839 et
531 1781 598 1838 usui
617 1781 734 1855 proprio
757 1784 857 1854 aptum
876 1781 1062 1856 aestimatur,
1082 1795 1187 1856 porum
1206 1779 1350 1840 soitioitae
1363 1777 1403 1838 de
1416 1781 1463 1854 iis,

382 1892 458 1955 quae
478 1881 543 1954 Jum
562 1875 704 1954 inerunt,
729 1881 850 1954 jamque
876 1878 1054 1938 musnetado
1074 1881 1261 1954 permutavit.
1283 1879 1331 1938 lto
1350 1878 1465 1938 saeuum

383 1975 510 2035 ereditur
529 1978 560 2035 iu
581 1977 714 2035 versione
734 1991 839 2053 graece
855 1975 1016 2036 Bibiiorum
1036 1977 1224 2053 divinornm,
1245 1977 1367 2038 hebraei
1387 1984 1464 2036 vete·

383 2073 464 2133 ribus
482 2073 633 2133 codicibus
644 2072 881 2151 Seriptnrarum,
901 2077 996 2151 patria
1016 2076 1118 2152 tingue
1130 2075 1302 2151 descriptis,
1325 2077 1463 2152 omissus,

385 2173 471 2231 novis
491 2170 640 2230 codicibus
660 2172 885 2250 graeculinguu
904 2175 1053 2249 amatis,
1074 2175 1205 2234 animum
1225 2173 1419 2234 intenderunt
1436 2181 1464 2234 et

383 2284 503 2345 eurem,
524 2271 569 2328 att
588 2268 681 2328 attera
695 2275 778 2345 parte
791 2270 1023 2332 demonstratum
1038 2277 1093 2332 est.
1112 2271 1202 2333 Plura
1214 2289 1263 2332 en.
1279 2289 1325 2348 gr.
1344 2279 1461 2348 petrum

382 2381 553 2442 graeeorum
573 2368 704 2443 scripta,
730 2368 820 2428 iatine
843 2370 985 2430 onorata
1005 2370 1084 2446 apud
1103 2387 1157 2430 uos
1182 2377 1368 2447 supersunt,
1390 2388 1459 2448 quo

380 2477 447 2523 rum
466 2464 580 2524 codiees
599 2467 696 2542 graeei
711 2469 775 2541 jam
794 2467 962 2543 perierunt,
983 2483 1094 2544 nosque
1113 2475 1211 2528 tamen
1233 2484 1269 2528 ee
1286 2470 1342 2530 tait
1359 2475 1459 2532 aueto-

381 2562 467 2620 ritate
483 2562 653 2638 aoeipiruus,
668 2564 914 2639 quemadmodum
927 2566 997 2645 elie,
1011 2583 1086 2642 quae
1100 2567 1197 2628 adnue
1209 2574 1367 2628 servantur
1381 2585 1460 2646 grae·
1545 2583 1546 2587 ’

380 2658 481 2748 mnino
500 2657 615 2734 eloquio
635 2661 753 2736 seripta.
772 2661 838 2720 Non
858 2669 943 2739 urget
954 2679 1024 2740 ergo
1037 2663 1125 2741 injus
1143 2667 1283 2742 epistolae
1295 2666 1459 2728 Hieremiae

381 2755 558 2828 genuitaten
578 2761 607 2815 et
626 2756 757 2818 divinam
778 2762 997 2838 auctoritatem,
1018 2762 1126 2826 eodieis
1146 2764 1275 2824 hebroid
1295 2763 1438 2826 defectus.
