3094 5176
889 363 1049 414 ..gp-

431 475 542 534 invenit
555 470 664 550 loseph
678 471 773 533 Maria
781 471 858 532 Caro
871 474 903 530 in
913 471 1012 531 codice
1025 470 1107 530 Orat.
1123 483 1208 547 quem
1221 469 1365 534 eliiitanno
1373 487 1432 540 itti.

431 571 529 633 Codex
552 571 677 649 denique
697 571 896 631 laurentianae
908 569 1100 630 bibliothecae
1117 569 1223 630 saeculi
1242 572 1435 638 x11.N.iit.in

430 671 488 731 line
505 673 608 747 cupitis
629 687 672 729 ur.
689 669 746 730 hoc
767 669 848 730 addit
869 670 973 729 litteris
988 669 1083 728 rubris
1097 668 1285 744 descriptum:
1307 672 1436 752 silurusque

430 767 521 828 verbe
540 767 730 828 Hieremiae»
753 785 828 844 quae
848 768 940 828 verba
955 767 1155 827 desiderantur
1170 769 1202 826 ln
1220 767 1347 828 codicibus
1360 770 1438 848 Septa

431 867 532 943 ginta,
554 868 638 943 quasi
658 883 717 925 non
737 867 797 925 siut
813 883 848 926 ex
862 865 961 926 vcrhis
979 865 1161 942 Prophetae,
1183 863 1235 925 sed
1247 865 1438 944 qnumanglosa

429 963 476 1023 vel
499 963 630 1041 additio,
656 966 694 1026 ah
713 965 845 1025 hebraeis
867 971 967 1044 postea
987 967 1096 1024 inserta
1121 964 1190 1022 huic
1211 963 1291 1024 llhro.
1313 964 1439 1027 muisis

430 1062 567 1122 scribitur
588 1069 676 1140 caput
692 1079 750 1122 arr.
772 1063 935 1123 Hieremiae
953 1077 1013 1123 una
1033 1078 1099 1122 cum
1109 1061 1224 1120 Bmuch
1241 1061 1374 1138 libello,in
1389 1068 1439 1140 cnjus

429 1159 488 1218 line
509 1159 633 1237 legitur:
660 1161 811 1236 «Explicit
827 1160 978 1237 prophetia
997 1159 1194 1218 Hieremiae.»

391 1270 393 1274 ’
470 1257 499 1332 S.
521 1256 573 1316 iv.
596 1257 650 1316 His
669 1259 868 1334 praenotatis,
895 1255 933 1317 ad
954 1262 1095 1334 majorem
1113 1255 1442 1332 propositiexplanationm

431 1357 581 1432 quaeritur
600 1357 666 1432 quis
682 1356 731 1416 llle
747 1355 968 1416 Hvilmerodach
986 1359 1166 1433 assyriorum
1182 1371 1233 1414 rex
1246 1356 1274 1412 iu
1287 1355 1444 1413 ultimoHiee

433 1457 510 1514 miae
527 1456 622 1531 capite
639 1460 844 1532 nuncupatus,
871 1455 922 1531 qui
944 1455 1070 1514 elevavit
1088 1460 1175 1530 caput
1195 1451 1338 1527 luceium,
1360 1452 1405 1510 sive
1417 1453 1444 1509 is

431 1550 573 1628 chonias,
595 1558 624 1610 et
644 1551 717 1610 alter
737 1567 814 1628 rex,
835 1553 936 1629 quiin
954 1568 981 1610 c.
1006 1568 1029 1609 1.
1052 1550 1167 1610 Baruch
1182 1550 1286 1609 dicitur
1305 1547 1445 1608 Nohucholu
1486 1567 1487 1578 2

431 1663 535 1726 nosor,
555 1665 608 1724 pro
628 1651 711 1726 cujus
729 1650 791 1708 vita
808 1656 838 1708 et
854 1649 907 1708 illii
928 1652 973 1708 sul
984 1649 1177 1726 precabantur
1188 1648 1286 1725 judaei
1304 1645 1446 1722 captitiis
1486 1651 1487 1682 i

431 1747 611 1823 expendetur
627 1763 686 1806 non
699 1754 815 1806 tantum
835 1747 873 1807 ad
887 1747 974 1824 hujus
995 1747 1063 1806 libri
1076 1754 1106 1806 et
1121 1749 1203 1823 aem,
1226 1762 1283 1822 quo
1295 1746 1398 1820 scriptus
1407 1742 1447 1816 luit,

432 1845 689 1922 perspicuitatem,
711 1845 762 1905 sed
782 1847 870 1906 etlam
891 1846 1048 1906 verborum
1067 1845 1254 1920 Hieremiae,
1274 1850 1301 1902 et
1317 1843 1374 1902 libri
1389 1843 1447 1917 quart

431 1941 566 2018 Regum,
594 1949 624 2002 ct
645 1942 793 2020 Danielis,
820 1945 889 2021 qul,
914 1946 997 2003 vario
1017 1947 1046 2002 et
1066 1943 1173 2002 alicubi
1200 1944 1231 2000 ln
1259 1943 1316 2002 suis
1339 1939 1448 2014 Scriptura

427 2040 607 2099 mentionem
634 2041 764 2101 iecerunt
788 2041 825 2101 de
852 2041 1057 2102 chaldaeorum
1084 2041 1228 2118 regibus,
1252 2039 1348 2116 mribus
1367 2037 1449 2095 serum

431 2136 547 2198 hebraei
566 2146 634 2198 anie
650 2140 781 2217 Cyrum,
802 2141 853 2216 qui
873 2155 974 2198 everso
988 2140 1166 2216 assyriorum
1180 2139 1316 2213 imperio,
1332 2134 1450 2212 judaeae

430 2235 562 2296 libertate
580 2236 704 2314 donate,
725 2237 763 2296 ad
775 2240 901 2314 patriam
920 2243 1150 2313 reverterentur,
1171 2237 1253 2295 sivit.
1272 2233 1374 2293 Divinis
1388 2228 1449 2287 llibllis

429 2336 497 2408 jure
515 2335 642 2411 primum
658 2337 774 2413 innixi,
795 2335 899 2396 deinde
915 2335 1098 2396 ethnicorum
1111 2333 1286 2394 testimoniis
1303 2334 1332 2389 in
1348 2325 1450 2387 bisexti

433 2431 534 2491 condis
552 2432 798 2510 difficultatibus,
820 2433 943 2511 legimus
963 2433 994 2492 ln
1017 2432 1180 2492 lileremiae
1205 2430 1282 2490 libro
1302 2425 1402 2486 verbum
1418 2421 1450 2480 lic

431 2531 525 2606 mini,
547 2531 625 2607 quod
645 2531 756 2592 iactum
775 2531 832 2592 furit
858 2531 895 2592 ad
912 2547 979 2592 eum
994 2533 1024 2590 ln
1044 2531 1187 2607 principio
1208 2529 1293 2606 regni
1306 2519 1451 2586 luechimlll'

430 2627 554 2705 losiae,
579 2629 629 2689 uhi
652 2631 874 2706 praenuntiatur
895 2632 1049 2708 captivitas
1073 2629 1265 2689 hebraeorum
1286 2623 1337 2685 suh
1354 2637 1406 2698 rege
1418 2617 1450 2677 lla
1487 2629 1488 2636 ¹

431 2724 691 2804 huchodonosoru,
713 2734 742 2788 et
763 2728 870 2787 dicitur
889 2729 927 2805 (i)
947 2745 955 2786 ε
984 2727 1050 2786 «Et
1068 2727 1195 2786 servient
1212 2727 1242 2784 ei
1262 2737 1357 2783 omnes
1377 2723 1452 2796 gnra,

431 2827 460 2880 et
477 2821 539 2881 illio
560 2826 642 2900 ejus,
663 2824 771 2884 stillio
792 2825 846 2884 illil
866 2830 949 2903 ejus,
970 2826 1062 2885 donec
1077 2827 1303 2899 veniaitempus
1319 2827 1397 2880 terrae
1409 2817 1451 2889 eiu,
1487 2877 1488 2880 ,

430 2925 459 2978 et
478 2922 596 2996 ipsius»
620 2923 717 3000 quoad
733 2939 826 3000 usque
846 2941 949 3001 nempe
967 2923 1076 3000 impleti
1093 2922 1202 2982 luerint
1220 2921 1392 2998 septuaginta
1404 2913 1452 2981 llll
1487 2975 1488 2986 ,

431 3024 498 3094 post
519 3036 611 3097 quos,
634 3027 669 3081 ut
688 3023 730 3081 ait
754 3021 831 3082 idem
850 3022 1016 3101 Propheta,
1037 3019 1193 3081 reducendi
1215 3020 1312 3080 forent
1329 3020 1358 3076 iu
1373 3013 1453 3090 patriti

431 3119 588 3196 regionem.
616 3119 731 3180 Revera
756 3121 795 3180 ab
819 3121 912 3181 Hadra
933 3119 972 3197 (a)
994 3126 1023 3180 et
1048 3119 1167 3179 Daniele
1188 3117 1329 3177 discimus
1349 3111 1394 3174 sub
1409 3109 1453 3185 iili

430 3221 460 3274 et
475 3214 564 3276 Dario
583 3219 696 3294 persis,
717 3219 868 3278 interiecto
891 3217 1056 3278 Baltassare
1078 3231 1146 3294 rege
1171 3215 1453 3284 obmutescamus

429 3313 539 3389 pletum
559 3331 622 3376 esse
646 3333 799 3377 numerum
819 3315 1002 3393 septuaginta
1015 3327 1198 3389 ‘aunomm,
1225 3327 1300 3389 quos
1322 3303 1454 3386 praedixit*

430 3409 584 3472 Hieremia.
608 3413 668 3473 Nos
686 3421 782 3474 autem
804 3430 842 3473 ex
861 3413 964 3472 iisdem
984 3412 1139 3488 seripturis
1157 3411 1313 3470 hausimus
1330 3403 1454 3465 revestiti

429 3523 510 3585 reges
523 3513 651 3588 assyrios
664 3513 819 3588 imperasse
829 3511 987 3588 Babylone,
997 3525 1121 3586 quorum
1134 3523 1210 3566 unus
1221 3501 1452 3564 Nabuchodonosor.

430 3605 503 3666 alter
516 3607 758 3686 Hvilmerodach,
773 3611 876 3669 tertiam
887 3615 931 3668 est
943 3607 1100 3667 Baltussar.
1112 3606 1170 3666 Sed
1181 3605 1238 3664 hoc
1255 3606 1287 3662 tn
1305 3613 1385 3661 ceusu
1399 3593 1455 3652 otili!

429 3703 588 3780 quidquam
613 3706 808 3768 obscuritatis.
832 3705 909 3766 Nam
933 3708 965 3765 lu
988 3705 1064 3766 lihro
1086 3721 1132 3765 ιν.
1155 3705 1272 3780 Regum
1294 3715 1355 3775 cup.
1374 3691 1456 3754 ixl·il

430 3799 592 3862 Hieremiae
612 3804 718 3863 ultimo
740 3803 847 3865 (licitum
862 3802 1086 3864 Erllnrerodach
1103 3817 1181 3864 anno
1202 3807 1252 3860 si.
1275 3785 1456 3868 mmsmlgtiflt

304 3881 306 3886 ’
429 3901 475 3958 nis
497 3897 629 3958 inachim
650 3916 786 3978 regnasse
805 3901 973 3980 Heminae,
994 3903 1102 3978 quique
1117 3897 1233 3959 videtur
1249 3891 1406 3954 summisse
1422 3882 1456 3941 Ni

429 3992 680 4058 buchotlouosoro.
697 3997 753 4058 sm
764 4001 796 4058 in
808 3998 924 4060 Baruch
934 3997 1093 4058 etDauiele
1101 3996 1207 4074 legitur
1218 3985 1457 4053 Naracustoma

896 4100 916 4148 t

456 4269 490 4332 (i)
507 4271 614 4322 llierem.
637 4285 659 4321 c.
672 4274 747 4322 xxv.
768 4274 794 4322 ei
814 4273 913 4324 llllvll.
926 4271 1001 4335 -(i)
1012 4272 1071 4324 Hsd.
1082 4285 1105 4324 o.
1120 4274 1140 4322 1.
1154 4273 1179 4322 st
1189 4267 1370 4320 michaili.
