3022 5178
785 392 966 444 —alo-

377 505 405 579 5.
428 501 481 562 ΙΙΙ.
506 502 592 560 Nunc
611 496 649 559 ad
669 501 796 576 primum
815 503 994 576 propositum
1012 501 1140 574 reversi,
1161 500 1240 575 quod
1257 499 1413 578 Scriptura·

338 619 402 662 rum
432 601 578 661 Canonern
604 601 740 674 respicit,
765 602 896 675 sequitur
922 600 999 658 idem
1019 599 1185 674 praeclarus
1209 597 1365 660 historicus
1382 601 1416 661 de

338 699 451 758 concilii
467 698 651 757 delinitione:
671 721 683 747 «ι
696 698 740 757 Re
762 697 801 755 ad
818 713 883 755 eam
904 697 1124 772 suffragationis
1142 703 1269 758 formam
1287 699 1415 775 redacta,

337 798 374 856 dc
391 799 503 856 cunctis
522 811 621 854 sacrae
639 795 805 872 scripturae
824 795 906 853 libris
929 795 1109 854 concorditer
1127 813 1308 872 convenere,
1333 813 1369 856 ac
1388 799 1417 856 in

337 897 464 954 sessione
482 900 598 969 quarta,
618 909 696 952 anno
712 899 788 950 1546
803 892 995 952 decreverunt
1011 893 1058 951 his
1071 895 1184 954 verbis:
1202 897 1419 956 -sacrosancta

337 992 550 1066 Oecumenica,
578 998 607 1050 et
625 991 767 1067 generalis
786 991 946 1051 tridentina
965 993 1112 1069 synodus,
1134 996 1165 1051 in
1185 993 1294 1070 Spiritu
1314 993 1420 1053 Sancto

335 1091 463 1166 legitime
480 1095 676 1165 congregata,
695 1089 925 1164 prominentibus
939 1092 970 1148 in
991 1105 1026 1149 ea
1040 1092 1150 1150 eisdem
1168 1091 1263 1152 tribus
1280 1094 1417 1168 apostoli-

336 1203 387 1246 cae
408 1187 486 1247 sedis
511 1186 635 1263 legatis,
660 1187 715 1246 hoc
742 1187 799 1245 sibi
816 1195 954 1264 perpetuo
977 1195 1045 1248 ante
1064 1189 1163 1249 oculos
1180 1206 1365 1267 proponens,
1387 1197 1420 1250 ut

337 1285 459 1344 sublatis
479 1283 645 1361 erroribus,
664 1287 776 1360 puritas
794 1287 857 1361 ipsa
875 1287 1028 1364 Evangelii
1057 1290 1089 1346 in
1115 1288 1237 1347 ecclesia
1266 1304 1418 1348 conserve-

336 1388 400 1459 tnr,
427 1385 506 1460 quod
519 1387 695 1461 promissum
718 1391 787 1444 ante
810 1402 862 1462 per
885 1385 1045 1462 Prophetas
1063 1371 1095 1444 dr
1114 1385 1270 1462 Scripturis
1288 1388 1417 1462 sanctis,

335 1479 472 1540 dominus
485 1488 584 1541 noster
598 1483 682 1542 Jesus
696 1482 828 1542 Christus
839 1484 892 1541 Dei
905 1483 997 1543 Filius
1014 1485 1131 1558 proprio
1148 1500 1197 1542 ore
1211 1487 1341 1560 primunr
1354 1500 1418 1560 pro·

336 1579 530 1656 mulgaverit,
545 1581 649 1638 deinde
664 1598 715 1656 per
733 1597 802 1654 suos
815 1581 970 1656 Apostolos
984 1586 1125 1657 tanquam
1143 1580 1253 1641 fontem
1268 1585 1379 1658 omnis,
1393 1589 1420 1642 et

336 1677 473 1736 salutaris
494 1681 645 1755 scutatis,
667 1686 695 1738 et
713 1697 829 1740 morum
849 1679 1019 1755 disciplinae
1037 1682 1117 1738 omni
1134 1688 1284 1740 creaturae
1305 1681 1418 1757 praedi-

335 1776 397 1832 cari
412 1778 518 1851 jussit,
541 1779 774 1855 perspiciensque
799 1778 876 1837 hanc
905 1780 1057 1837 veritatem
1075 1785 1105 1836 ct
1124 1778 1309 1854 disciplinam
1330 1782 1419 1838 conti-

335 1877 398 1932 neri
415 1877 447 1932 in
464 1875 546 1934 libris
566 1877 698 1952 scriptis,
719 1884 748 1936 et
771 1880 834 1936 sine
857 1879 964 1952 scripto
983 1877 1209 1953 traditionibus,
1230 1893 1306 1952 quae
1328 1879 1419 1952 ipsius

337 1971 444 2031 Christi
459 1990 509 2032 ore
527 1974 565 2032 ab
583 1974 729 2050 Apostolis
750 1979 901 2050 acceptae,
919 1981 970 2033 aut
987 1975 1025 2034 ab
1042 1977 1113 2050 ipsis
1131 1973 1289 2050 Apostolis,
1310 1975 1418 2051 Spiritu

337 2067 444 2130 Sancto
461 2071 604 2148 dictante,
624 2075 708 2148 quasi
728 2090 780 2148 per
798 2089 904 2131 manns
921 2073 1047 2132 traditae
1071 2073 1110 2131 ad
1134 2089 1188 2131 nos
1207 2089 1301 2149 usque
1318 2089 1418 2149 perve-

337 2175 464 2245 nerunt,
483 2170 714 2230 orthodoxorum
730 2178 848 2246 patrum
861 2171 994 2246 exempla
1006 2176 1124 2245 secuta,
1141 2186 1241 2230 omnes
1254 2169 1347 2230 libros
1359 2177 1418 2230 tarn

310 2309 318 2334 ,
338 2269 461 2341 veteris,
480 2284 570 2343 quam
588 2271 658 2327 novi
677 2272 940 2345 testamenti,cum
956 2271 1108 2345 utriusque
1127 2283 1203 2332 uuus
1214 2268 1293 2327 Dens
1315 2271 1355 2327 sit
1373 2285 1419 2327 au·

336 2371 415 2440 ctnr,
435 2383 489 2424 nec
512 2384 571 2425 non
596 2366 767 2425 traditiones
792 2369 889 2442 ipsas,
911 2372 974 2425 tum
997 2366 1034 2424 ad
1053 2366 1160 2442 fidem,
1184 2371 1248 2424 turn
1264 2365 1302 2424 ad
1324 2381 1418 2424 mores

336 2465 528 2540 pertinentes,
542 2470 684 2540 tanquam
701 2464 748 2522 vel
766 2470 902 2522 oretenus
916 2479 934 2522 a
947 2463 1077 2540 Christo,
1093 2462 1138 2522 vel
1154 2479 1172 2520 a
1185 2461 1295 2538 Spiritu
1314 2461 1418 2521 Sancto

336 2560 476 2637 dictams,
498 2568 527 2621 et
548 2565 687 2620 continua
705 2564 887 2621 successione
904 2564 936 2619 ln
956 2561 1086 2620 Ecclesia
1103 2559 1252 2619 Catholica
1265 2575 1417 2619 conserva-

335 2665 397 2734 tas,
417 2662 481 2733 pari
498 2662 614 2734 pietatis
630 2659 751 2734 affectu,
773 2676 808 2718 ac
825 2661 987 2718 reverentia
1006 2660 1128 2734 suscipit
1144 2664 1173 2717 et
1187 2663 1355 2716 veneratur.
1372 2657 1418 2717 Sa·

335 2773 451 2814 crorum
464 2773 533 2816 vero
548 2756 689 2815 librorum
702 2757 828 2818 indicem
842 2757 910 2815 huic
921 2755 1036 2815 decreto
1052 2754 1278 2814 adscribendum
1293 2758 1415 2830 censuit,

335 2871 373 2912 ne
390 2858 437 2913 cui
452 2855 595 2914 dubitatio
613 2856 738 2914 suboriri
758 2856 868 2931 possit,
891 2856 1012 2931 quinam
1030 2855 1107 2928 sint,
1127 2855 1177 2930 qui
1200 2853 1238 2911 ab
1255 2855 1321 2927 ipsa
1334 2836 1417 2930 syno-

334 2951 374 3010 do
386 2955 594 3028 suscipiuntur.
610 2953 685 3012 Sunt
697 2970 767 3012 vero
780 2953 859 3011 infra
874 2954 993 3028 scripti,
1008 2953 1186 3010 Testamenti
1200 2953 1319 3027 veteris,
1333 2954 1415 3027 quin-

334 3065 391 3126 que
411 3049 524 3127 Moysi,
538 3050 628 3126 idest,
650 3051 790 3128 Genesis,
812 3051 947 3126 Exodus,
964 3050 1130 3125 Leviticus,
1154 3049 1297 3124 Numeri,
1316 3049 1416 3108 Dente
1509 3061 1510 3084 ¹

334 3153 515 3225 ronomium,
532 3149 635 3224 dosue,
657 3134 810 3224 lodicum,
832 3149 930 3224 Ruth,
954 3155 1080 3224 quatuor
1101 3149 1231 3223 Regum,
1255 3147 1316 3206 duo
1333 3147 1416 3206 Para·

332 3246 516 3324 lipomenon,
533 3247 642 3306 Esdraa
661 3250 772 3322 primus
785 3253 815 3306 et
833 3247 988 3321 secundus,
1003 3248 1054 3321 qul
1071 3245 1179 3303 dicitur
1196 3243 1345 3319 Neemias,
1361 3244 1413 3302 To·

333 3345 408 3420 bias,
424 3344 538 3419 Judith,
557 3344 673 3419 Esther,
690 3343 758 3419 Job,
773 3343 949 3402 Psalterium
963 3342 1132 3401 davidicum
1149 3347 1268 3400 centum
1281 3346 1312 3399 et
1332 3344 1413 3416 quin·

331 3446 473 3520 quaginta
489 3443 685 3518 Psalmorurn,
699 3442 876 3517 Parabolae,
891 3439 1095 3516 Ecclesiastes,
1110 3439 1263 3498 Canticum
1282 3437 1413 3498 eunuco

332 3556 417 3616 rum,
436 3541 603 3616 Sapientia,
625 3540 864 3614 Ecclesiasticus,
885 3539 994 3612 baias,
1015 3538 1176 3596 Hieremias
1199 3551 1268 3594 cum
1288 3534 1410 3608 Baruch‚

331 3638 480 3712 Ezechiel,
499 3638 620 3713 Daniel,
637 3636 790 3695 duodecim
807 3635 968 3711 Prophetae
986 3637 1129 3709 minores,
1145 3634 1219 3692 idest
1236 3631 1326 3708 Osca,
1340 3631 1409 3705 Joel,

331 3734 438 3811 Amos,
460 3735 587 3810 Abdias,
606 3735 712 3810 Jonas,
733 3734 894 3810 Michaeas,
912 3733 1041 3808 Nahum,
1060 3732 1215 3806 Habacuc,
1235 3729 1409 3805 sophonias,
1508 3719 1509 3728 ’

331 3829 484 3908 Aggaeus,
505 3833 677 3908 Zacharias,
702 3830 880 3905 Malachias,
902 3830 961 3888 duo
985 3827 1231 3888 Machabaeorum
1255 3829 1368 3903 primus
1386 3830 1409 3884 et

330 3930 484 3990 secundus.
506 3929 684 3989 Testamenti
705 3932 796 4004 novi,
819 3935 944 4004 quatuor
961 3927 1141 4003 Evangelia,
1159 3925 1321 3984 secundum
1338 3923 1406 3981 Mat·

329 4027 465 4102 thaeum,
486 4027 639 4102 Marcum,
655 4027 783 4102 Lucam,
798 4026 961 4099 loannem,
977 4031 1060 4084 acurs
1074 4022 1280 4099 Apostolorum
1302 4037 1320 4080 a
1333 4020 1403 4079 Luca

329 4123 518 4201 Evangelista
533 4126 708 4199 conscripti,
728 4123 948 4198 quatuordecim
961 4122 1099 4197 epistolae
1112 4120 1196 4181 Pauli
1212 4119 1359 4195 Apostoli,
1372 4115 1404 4174 ad

329 4237 485 4296 romanos,
509 4223 584 4280 duae
603 4220 642 4280 ad
661 4222 837 4295 corinthios,
857 4221 895 4278 ad
917 4220 1047 4295 galatas,
1069 4218 1106 4276 ad
1121 4217 1269 4291 ephesios,
1284 4215 1321 4273 ad
1341 4213 1398 4289 phi·
1507 4289 1508 4296 ἶ

329 4317 489 4395 lippenses,
509 4318 546 4380 ad
563 4319 760 4394 colossenses,
779 4319 854 4378 duae
872 4318 910 4378 ad
930 4318 1204 4388 thessalonicenses,
1219 4315 1294 4374 duae
1312 4312 1348 4372 ad
1360 4309 1400 4369 Ti·
1507 4331 1508 4400 }
