3022 5178
750 345 931 397 -156-

305 468 441 544 pauperis
459 464 600 535 historia,
618 467 727 520 ew...-
744 459 795 512 Διά
814 457 965 530 Σολομῶνος
986 455 1012 509 δέ
1028 451 1053 507 ἕν
1080 461 1112 528 τῇ
1131 451 1332 527 ἐπιγραφομένῃ
1349 469 1393 504 σο-

303 567 362 639 φίᾳ,
378 564 451 619 ἔνθα·
471 561 570 617 δικαίων
589 560 619 614 αι’
640 560 731 632 ψυχαὶ
749 559 775 611 ἒν
786 561 872 632 χειρὶ,
884 557 1045 632 γέγραπται,
1065 560 1142 620 Θεοῦ,
1155 560 1203 611 καὶ
1219 559 1251 614 ου’
1266 559 1304 628 μιὶ
1322 558 1392 629 ἔψη·

303 680 346 710 ται
362 656 444 711 αὐτῶν
461 654 587 719 βάσανος·
605 652 695 718 ἔδοξαν
717 649 742 702 ἕν
761 648 911 721 ὀφθαλμοῖς
924 651 1035 723 ἀφρόνων
1050 650 1183 717 τεθνάναι,
1199 654 1247 704 καὶ
1264 650 1391 721 ἐλογίσθη

302 750 413 808 κάκωσις
439 747 456 804 η’
488 746 576 812 ἔξοδος
590 745 684 809 αὐτῶν,
709 743 754 796 καὶ
772 743 789 802 vj
804 742 928 816 ἆρ’ἦμῶν
945 743 1037 815 πορεία
1052 743 1212 814 σύντριμμα,
1235 742 1263 796 ot‘
1286 743 1393 797 δέεἰσὶν

303 840 329 892 ἐν
349 838 452 912 εἰρήνῃ,
470 838 516 890 ναΐ
532 837 549 895 η’
567 834 643 908 ἐλπὶς
659 837 741 890 αὐτῶν
754 833 905 896 ἀθανασίας
921 833 1034 907 πλήρης,
1052 837 1073 892 i.
1089 851 1115 892 e.
1130 834 1187 894 Per
1206 833 1394 894 Salomonem

304 945 417 1013 autem,
436 939 470 995 in
488 951 523 994 eo
544 935 636 1011 libro,
654 939 705 1012 qui
718 935 888 994 inscribitur
907 934 1093 1010 Sapientia.»
1119 933 1196 994 Ubi:
1214 966 1228 978 -
1242 933 1393 993 Jnstomm

304 1039 420 1095 animae
446 1037 478 1092 in
504 1050 595 1093 manu
617 1034 687 1108 Dei,
707 1035 848 1109 seriptum
870 1039 933 1109 est,
954 1038 984 1092 et
1000 1049 1060 1092 non
1079 1039 1181 1110 tanget
1195 1049 1250 1091 eos
1266 1039 1393 1092 tormen-

303 1140 385 1210 tum3
402 1137 459 1192 visi
476 1140 546 1192 sunt
564 1135 597 1190 in
613 1132 706 1192 oculis
727 1133 927 1207 insipientium
942 1133 1040 1208 mori,
1060 1136 1091 1190 et
1108 1116 1333 1190 aestirnata'est
1353 1131 1394 1190 af-

305 1231 396 1291 flictio
414 1235 510 1291 exitus
531 1230 664 1307 illorum,
683 1237 714 1291 et
730 1230 810 1307 quod
826 1246 844 1288 a
859 1230 944 1288 nobis
964 1235 1009 1288 est
1021 1231 1093 1306 iter,
1115 1233 1340 1306 exterminium
1354 1231 1395 1289 uu

305 1337 404 1390 eutem
420 1336 489 1388 sunt
506 1332 537 1387 in
556 1345 627 1404 paee
636 1373 645 1405 ‚
655 1335 685 1388 et
697 1343 763 1404 spes
776 1327 895 1387 illorum
908 1328 1127 1386 immortalitate
1143 1328 1244 1403 plena.
1258 1353 1272 1377 υ

338 1428 374 1486 In
387 1427 546 1504 Ancorato,
555 1427 707 1486 Canticum
717 1428 808 1484 trium
815 1441 972 1500 puerorum
992 1432 1135 1484 memorat
1149 1443 1175 1485 o.
1190 1443 1296 1486 xxrrr.
1311 1450 1324 1475 α
1338 1429 1397 1479 Διε-

304 1526 393 1588 λόντες
416 1527 442 1580 δὲ
457 1526 489 1580 τα’
502 1526 638 1596 ποιήματα
652 1523 705 1578 duo*
719 1527 765 1577 τοῦ
778 1524 1003 1588 perdomassem?
1021 1526 1054 1577 τοὶ
1071 1525 1166 1577 κτιστιὶ
1178 1525 1234 1580 ἀπὸ
1247 1529 1297 1580 τοῦ
1306 1527 1394 1582 κτίσαν

304 1638 360 1684 τος,
384 1618 470 1690 φασὶ,
486 1617 620 1689 ου’λογεῖτι
632 1615 717 1670 ποίιτα
734 1619 766 1667 τοὶ
780 1616 847 1688 ἔργα
860 1614 954 1686 Κυρίου
962 1615 1005 1668 τὸν
1019 1619 1127 1685 Κύριον,
1142 1619 1163 1674 i.
1179 1634 1207 1676 e,
1224 1617 1395 1678 Disoemen·

305 1717 349 1772 tes
364 1719 461 1774 autem
479 1721 627 1774 creaturus
644 1731 663 1774 a
680 1719 825 1789 creatore,
846 1720 876 1772 et
888 1713 1004 1789 opificia
1018 1713 1056 1772 ab
1068 1712 1185 1790 optime,
1201 1715 1298 1774 locuti
1311 1723 1391 1775 sunt:

306 1842 319 1854 ·
330 1811 493 1872 usnemun
501 1817 696 1888 omniaopera
704 1813 823 1872 Domini
831 1812 967 1871 Domino.
980 1836 992 1861 υ
1009 1810 1119 1869 Deinde
1129 1817 1226 1870 tobim
1238 1811 1391 1872 Canticum

306 1909 601 1986 oensetEpiphanius.
612 1910 705 1970 Paulo
717 1908 943 1988 postSusannae
954 1908 1107 1967 historiam
1118 1911 1231 1984 retudit,
1247 1911 1301 1968 illa
1309 1909 1394 1969 uerba

308 2007 436 2066 Danielis
447 2009 663 2084 interpretatus:
680 2031 694 2056 «ι
705 2007 777 2066 Erat
787 2008 884 2082 quarti
897 2000 987 2066 fades
995 2012 1136 2082 tanquam
1149 2006 1242 2066 iacies
1253 2007 1324 2066 Filii
1333 2008 1393 2084 Dei;

306 2105 435 2164 eeoeubi
447 2105 502 2163 tilii
513 2105 567 2164 Dei
589 2121 713 2181 nomen3
724 2105 853 2180 adeoque
863 2120 957 2179 neque
968 2106 1120 2179 ignorabis
1137 2104 1188 2162 ille
1203 2103 1296 2164 inerit
1308 2107 1392 2164 etiam

308 2209 377 2262 ante
388 2209 502 2278 [emptis
516 2203 656 2262 fornacis:
674 2201 755 2257 «Ὅτι
770 2200 894 2260 ἐπλήσθη
905 2203 1005 2260 Δανινὶλ
1019 2203 1165 2273 πνευματος
1177 2202 1319 2272 ἁγίου,καί
1334 2201 1393 2258 εἷπε.

308 2300 427 2372 καθαρός
441 2301 491 2372 ἐγώ
505 2301 558 2354 dni
573 2304 621 2356 τοῦ
634 2299 747 2374 αἵματος
762 2300 903 2363 αὐτῆςναί
917 2300 1081 2372 ἐπέστρεψαν
1095 2301 1133 2364 εἷς
1153 2305 1182 2354 τό
1200 2305 1339 2374 κριτήριον·
1354 2303 1393 2354 καί

307 2391 384 2462 ἔκρινε
401 2393 461 2454 τούς
485 2391 674 2464 πρεσβυτέρους
699 2391 825 2464 πνεύματι
848 2391 924 2463 α’γίῳ,
947 2393 1154 2464 ἐμφορούμενος,
1170 2395 1191 2452 i.
1207 2411 1236 2452 e.
1253 2395 1393 2466 Quoniam
1448 2389 1449 2398 ¹
1487 2381 1488 2430 ]

309 2490 435 2564 repletus
456 2496 500 2548 est
514 2491 616 2549 Daniel
638 2489 747 2566 Spiritu
765 2491 893 2568 Sancto,
919 2497 949 2549 et
965 2491 1060 2566 dirit3
1080 2491 1207 2550 mundus
1228 2507 1285 2568 ego
1299 2507 1317 2550 a
1331 2507 1391 2548 san·
1487 2479 1488 2490 ’

309 2590 398 2663 guine
417 2588 526 2686 huius,
552 2595 582 2646 et
605 2591 713 2646 reversi
737 2595 806 2647 sunt
823 2589 862 2647 ad
878 2589 1041 2665 judicium,
1063 2595 1093 2647 et
1105 2590 1253 2664 judicavit
1270 2592 1392 2648 seniores

310 2685 417 2761 Spiritu
437 2684 543 2744 Sancto
562 2687 698 2762 repletus.
713 2712 726 2736 n
744 2687 832 2745 Libro
850 2705 889 2744 ιι.
910 2687 1052 2746 adversus
1067 2687 1211 2746 haereses.
1231 2689 1322 2746 Haer.
1345 2695 1388 2744 37.

309 2797 373 2856 cap.
388 2791 416 2839 ν.
432 2790 534 2841 eontra
547 2787 699 2842 noetianos
712 2784 853 2860 scribens,
868 2801 971 2842 eorum
984 2787 1135 2859 opiniones
1148 2784 1278 2859 profert:
1299 2785 1392 2856 «Qua-
1487 2843 1488 2852 ¹

308 2895 340 2936 re
359 2881 384 2936 si
406 2883 526 2939 veniens
546 2881 678 2940 Christus
695 2888 783 2941 nutus
811 2888 870 2957 est,
890 2885 1044 2958 inquiunt,
1065 2883 1144 2940 idem
1163 2885 1225 2958 ipse
1245 2883 1334 2940 Pater
1352 2886 1391 2938 est
1487 2895 1488 2898 ’

308 2982 338 3034 et
352 2975 463 3053 Filius3
477 2979 554 3038 idem
567 2980 691 3056 denique
703 2979 782 3039 Deus
795 2987 856 3056 est,
871 2982 922 3056 qui
946 2987 977 3040 et
1002 2996 1115 3055 semper
1130 2981 1204 3055 init,
1223 2982 1299 3038 etin
1313 2993 1389 3053 prae·
1487 2987 1488 3000 ¹

307 3080 402 3138 sentia
420 3079 579 3153 venitssst
598 3078 671 3149 λέγει
695 3080 713 3135 o‘
733 3080 839 3150 γραφή,
863 3076 938 3140 οὗτος
953 3079 967 3131 o‘
982 3079 1046 3140 Θεός
1070 3099 1130 3142 σου,
1150 3079 1180 3133 οὗ
1199 3074 1388 3148 λογισθήσεται
1487 3091 1488 3156 j

306 3176 392 3251 ἕτερος
412 3179 476 3250 πρὸς
500 3175 591 3241 αὐτόν,
611 3175 698 3247 ἔξευρε
712 3180 802 3230 πᾶσαν
818 3177 876 3230 ὁδόν
890 3176 1057 3248 ἐπιστήμης,
1082 3178 1128 3230 καὶ
1142 3176 1229 3231 ἔδωκεν
1244 3175 1326 3233 αὑτήν
1347 3173 1391 3224 Ἰα-
1487 3203 1488 3230 ι

307 3269 360 3334 uod
379 3271 413 3337 τῷ
436 3271 510 3324 παιδὶ
526 3269 619 3334 αὐτοῦ,
640 3269 685 3323 νιαῖ
700 3270 810 3341 Ἰσραήλ
824 3273 859 3340 τῷ
871 3269 1029 3341 ἠγαπημένῳ
1049 3269 1138 3324 αὐτοῦ·
1155 3272 1223 3342 μετοὶ
1249 3272 1333 3322 ταῦτα
1348 3266 1386 3320 ε’τὶ

305 3365 352 3424 τῆς
367 3363 415 3434 γῆς
436 3361 523 3433 ὤφθη,
542 3363 586 3414 καὶ
604 3365 659 3424 τοῖς
673 3360 816 3434 ἀνθρώποις
830 3362 1035 3436 συνανεστροίφη’
1057 3364 1128 3433 ὁρᾷς,
1141 3363 1210 3434 φησι
1233 3362 1323 3422 ιιοίλιν,
1343 3360 1389 3418 πῶς
1487 3355 1488 3378 ¹

304 3454 321 3512 ἦ
346 3451 415 3506 Sela?
431 3453 518 3524 γμφῆ
537 3453 606 3523 ’ἡμᾶς
627 3451 806 3524 συνετίζιι,ἰ.
830 3470 856 3512 e.
878 3453 918 3512 Ut
935 3453 1007 3512 dicit
1026 3453 1192 3528 Scriptum:
1208 3484 1221 3496 ·
1236 3454 1292 3512 Hic
1316 3450 1386 3508 Deus
1487 3477 1488 3518 p

306 3557 393 3626 tuus,
406 3568 467 3610 non
485 3551 667 3626 reputabitur
682 3552 761 3610 alius
777 3550 817 3609 ad
834 3566 922 3624 eum,
940 3553 1054 3609 invenit
1070 3565 1187 3610 omnem
1204 3553 1285 3609 viam
1304 3551 1387 3608 soien-

307 3652 387 3724 tiae,
401 3656 430 3707 et
451 3649 531 3708 dedit
550 3665 615 3708 eam
632 3648 724 3708 Jacob
741 3664 832 3724 puero
857 3663 926 3723 suo,
947 3653 977 3706 et
998 3649 1088 3708 Israel
1106 3648 1212 3708 diiecto
1231 3664 1305 3723 su03
1325 3649 1385 3722 post

307 3746 381 3806 haee
394 3762 480 3821 super
493 3753 602 3804 terram
615 3749 697 3806 visus
712 3751 774 3823 est,
793 3751 822 3804 et
834 3762 902 3805 eum
915 3746 1082 3805 bominibus
1096 3753 1302 3805 conversatus:
1318 3774 1330 3786 ·
1343 3740 1386 3799 Vi·

308 3845 378 3921 des,
405 3843 518 3902 addunt
539 3847 614 3920 ipsi,
637 3841 784 3920 quomodo
810 3843 912 3902 diuina
935 3844 1085 3919 Scriptura
1106 3860 1161 3902 nos
1181 3843 1335 3914 informat,
1354 3853 1386 3895 ne

308 3943 400 4000 alium
417 3947 505 4018 atque
519 3943 611 4002 alium
628 3941 723 4002 Deum
736 3935 929 4018 arbitremur,
944 3949 1000 4001 etr.
1015 3967 1027 3991 ν
1044 3941 1124 4000 Haec
1145 3959 1162 4000 e
1187 3941 1262 4000 libro
1277 3939 1314 4015 (t)
1336 3936 1384 3994 Ba·

308 4040 381 4099 meh
400 4040 512 4098 delecta
539 4046 618 4100 sunt.
646 4040 690 4099 De
709 4043 857 4118 mysteriis
878 4055 1067 4100 numerorum
1088 4039 1175 4098 divus
1192 4036 1385 4115 Epiphanius,
1487 4019 1488 4038 ¹

335 4273 370 4336 (i)
390 4273 486 4322 Danieb
507 4286 529 4320 u.
542 4273 586 4321 lli.
597 4279 635 4322 36,
