3022 5178
507 333 688 386 -tub

88 446 167 508 rubr:
181 470 191 496 r
203 444 346 520 Incipiunt
357 441 435 516 tituil
446 457 592 502 canonum
607 442 684 518 apud
693 439 851 503 laudiciam
860 439 1007 518 Phrygiae
1019 455 1139 518 conffle-

88 546 136 621 gati
149 559 222 602 num.
240 550 317 600 59.»

117 643 147 700 ln
162 643 332 718 praefatione
351 641 551 719 syntagmatis
573 639 748 715 alphabetici
770 655 868 698 rerum
894 642 1043 715 omnium,
1067 655 1142 716 quae

84 741 208 800 insacda
233 738 392 798 canonibus
416 737 711 812 comprehenduntur,
727 737 868 796 elaborati
887 753 938 812 per
961 736 1143 797 Matthacum

87 838 240 913 illaturam,
256 839 307 913 qui
324 839 401 894 vixit
418 835 533 894 saeculo
548 851 616 904 ary.
635 836 671 894 de
687 836 772 894 locali
794 836 908 912 synodo
928 835 1073 894 laodiceae
1093 835 1144 896 ha·

87 934 136 992 bita
154 935 262 993 scribit:
283 959 295 984 «ι
310 935 382 994 Post
398 933 593 994 sardicensem
614 935 702 992 etiam
721 936 751 992 in
773 933 903 992 laodicea
920 932 1066 1010 Phrygiae
1083 949 1143 993 me·

86 1031 174 1106 tropoli
187 1033 243 1092 alia
255 1032 301 1092 Ss.
321 1031 442 1092 Patrum
458 1031 588 1110 synodus
605 1037 781 1108 congregata
794 1037 853 1106 est,
869 1036 898 1090 et
914 1046 1040 1090 canones
1059 1033 1145 1107 quln-

85 1131 207 1204 quaginta
222 1147 327 1190 novem
342 1130 442 1188 edidit.
460 1155 472 1180 a
489 1129 661 1188 Describens
678 1129 782 1188 deinde
806 1144 948 1206 canones,
965 1131 996 1188 ln
1009 1129 1144 1190 omnibus

25 1235 26 1240 ’
85 1225 219 1286 obsecutus
235 1229 363 1289 Zonarae
378 1235 407 1288 et
423 1228 614 1287 Balsamonae
631 1229 716 1304 quasi
738 1229 878 1304 magistro
895 1227 1055 1304 discipulus
1077 1243 1143 1288 cen·

85 1329 121 1382 set
134 1331 266 1386 canonem
281 1336 317 1388 60
336 1344 371 1387 ac
384 1327 551 1386 eorumdem
567 1329 739 1402 scriptorum
761 1327 884 1403 glossas,
899 1328 985 1386 sicuti
1000 1326 1078 1386 inira
1097 1343 1146 1386 ex·

85 1422 232 1496 pendemus.
252 1425 289 1500 (t)
305 1426 341 1484 In
353 1426 521 1484 collectione
534 1425 723 1484 conciliorum
736 1440 787 1500 per
804 1423 896 1482 Crabe
915 1424 993 1482 edita
1010 1424 1147 1485 Coloniae

85 1533 149 1578 anno
163 1527 234 1580 1530
252 1523 328 1582 duae
347 1523 487 1582 editiones
501 1521 702 1597 proferuntur,
721 1523 816 1597 prima
834 1524 954 1597 antiqua
972 1521 1144 1599 appellatur,

86 1619 259 1696 novantem,
280 1621 358 1680 tituli
376 1637 521 1680 canonum
538 1627 730 1680 numerantur
751 1627 800 1679 59.
824 1619 857 1678 In
877 1621 999 1696 antiqua
1020 1619 1147 1680 editione

85 1711 175 1790 legitur
194 1733 289 1778 canon
307 1727 344 1776 59
363 1721 394 1776 ln
413 1719 470 1776 illls
485 1718 582 1778 verbis
602 1723 716 1778 tantum
734 1717 909 1796 aDlonysio
926 1718 1059 1795 Exiguo,
1081 1725 1110 1777 et
1128 1735 1147 1779 a

85 1812 195 1874 blattina
209 1817 356 1876 dumiensi
375 1817 483 1876 relatis.
504 1817 633 1876 innova
650 1833 720 1876 vero
746 1816 873 1878 editione
889 1816 1026 1893 leguntur
1045 1815 1148 1876 eadem

86 1911 176 1989 verba,
196 1915 246 1974 sod
263 1917 295 1972 in
308 1914 366 1974 line
374 1929 519 1974 canonum
535 1915 681 1974 adduntur
695 1914 785 1974 verba
802 1916 922 1973 canonis
940 1914 1079 1990 60,ldest
1093 1931 1149 1974 nu·

86 2021 167 2068 merus
180 2009 340 2070 bibliorum
357 2027 432 2087 quae
450 2010 571 2087 legenda
588 2017 689 2086 erant,
708 2017 742 2070 ut
756 2011 835 2086 apud
847 2011 991 2070 Zonaram
1006 2018 1035 2070 et
1050 2011 1148 2072 Balsa·

86 2121 184 2168 monem
201 2110 346 2185 traditur,
366 2113 414 2169 cui
432 2112 519 2168 etiam
534 2109 748 2185 scripturarum
766 2125 888 2168 numero
908 2109 980 2168 haec
997 2109 1087 2168 verba
1104 2125 1150 2168 su-

87 2219 128 2278 per
140 2207 252 2267 addere:
276 2233 288 2258 «
300 2210 380 2282 Quae
395 2215 492 2268 autam
508 2213 638 2283 oporteat
651 2208 724 2284 legi,
739 2214 768 2267 et
782 2209 815 2265 ira
833 2209 1040 2266 auctoritatem
1058 2210 1150 2284 recipi

87 2299 145 2362 haec
160 2312 226 2366 sunt
245 2309 304 2366 etc.
320 2332 332 2357 ν
350 2308 454 2366 Visum
467 2312 511 2366 est
525 2307 647 2380 auctori,
662 2305 741 2381 quod
753 2304 858 2363 nullibi
873 2305 1006 2364 codicum
1024 2307 1144 2364 eruitur.

87 2399 200 2463 Tandem
214 2421 342 2464 canones
357 2407 569 2482 quinquaginta
581 2421 687 2464 novem
702 2406 874 2463 constitutos
892 2421 953 2463 essa
971 2404 1027 2463 hac
1046 2406 1078 2462 in
1102 2421 1150 2481 sy·

87 2499 150 2558 nodo
163 2506 247 2578 juxta
264 2519 420 2562 numerum
437 2504 588 2562 tihalorum
612 2505 715 2562 asserit
734 2503 851 2564 Barouii
866 2503 1080 2578 compendium.

118 2597 177 2656 Non
193 2607 310 2662 tantum
328 2593 441 2661 codices
457 2603 563 2660 veteris
580 2601 725 2660 Ecclesiae
739 2617 859 2676 graecae
875 2606 904 2660 et
921 2601 1029 2660 latinae
1047 2617 1065 2659 a
1084 2617 1152 2659 con-

84 2694 141 2756 ciho
152 2698 302 2759 laodiceno
318 2705 469 2759 removent
478 2715 619 2759 canonem
637 2702 866 2776 sexagesimum3
880 2715 983 2759 verum
1003 2699 1091 2758 etiam
1105 2715 1155 2758 va·

86 2794 136 2851 riae
151 2802 178 2854 et
196 2796 392 2857 heterodoxae
410 2813 545 2876 syrorum
562 2797 698 2858 ecclesiae
718 2813 734 2856 e
754 2800 814 2856 suis
830 2798 957 2873 antiquis
974 2795 1155 2874 synodorum

85 2892 293 2955 collectionibus
306 2903 446 2973 respuunt
461 2897 544 2956 illum
560 2911 701 2956 canonmn
719 2895 913 2956 laodicenum.
929 2895 964 2954 ln
980 2893 1156 2954 bibliotheca

85 2993 207 3053 racana
231 3002 295 3054 tres
314 2995 427 3054 codices
445 2998 574 3072 syriacus
592 2997 711 3069 inveni,
734 2996 764 3052 in
781 2993 887 3070 quibus
909 2993 957 3051 hic
979 3007 1074 3068 canon
1095 3009 1155 3052 non

85 3096 200 3162 apparet.
220 3091 321 3152 Codex
340 3095 473 3169 syriacus
491 3095 523 3150 ln
540 3098 656 3167 quarto,
667 3091 869 3150 membraneus
883 3096 1066 3164 pervetustus
1080 3090 1156 3148 litte·

87 3184 120 3242 ris
137 3189 312 3266 sironghelis
332 3197 469 3250 exaratus
486 3205 568 3248 num.
595 3197 650 3246 127
663 3191 808 3265 signatus,
826 3189 955 3246 continet
972 3201 1072 3245 omnes
1091 3201 1158 3244 con-

85 3281 205 3344 cihorum
225 3304 374 3363 canones,
395 3290 446 3364 qui
466 3290 497 3345 in
515 3288 638 3346 ecclesia
655 3289 771 3364 syriaca
785 3283 959 3345 antiochena
977 3284 1014 3342 ab
1032 3283 1156 3357 Aposto-

86 3379 116 3440 lis
135 3399 224 3460 usque
253 3385 293 3446 ad
316 3387 471 3444 concilium
496 3385 722 3444 chalcedonense
748 3386 873 3442 instituti
895 3389 973 3441 sunt.
997 3381 1088 3440 Juxta
1101 3381 1157 3440 hs·

86 3485 187 3540 mmani
210 3483 260 3542 hic
286 3483 379 3543 codex
405 3491 540 3542 armabas
566 3483 681 3543 videtur
705 3481 820 3541 saeculo
844 3480 952 3540 Christi
972 3478 1095 3536 decimo.
1122 3478 1158 3536 ln

86 3574 147 3636 lolio
165 3587 201 3638 59
223 3580 369 3640 habentur
384 3597 510 3642 canones
532 3581 648 3640 concilii
666 3581 808 3640 laodiceni
824 3582 855 3637 in
873 3595 955 3636 num.
978 3585 1014 3635 59
1031 3592 1158 3652 quorum

86 3725 197 3789 ultimus
214 3729 289 3789 haec
306 3728 409 3789 tradit:
430 3757 443 3781 «
473 3717 631 3810 &sa-salua
653 3719 719 3800 wip
749 3717 856 3799 μὴ
890 3698 1022 3795 stigma
1055 3730 1105 3796 ὣς·
1131 3713 1158 3797 fla

87 3841 155 3928 hp„
191 3851 289 3932 aaa„
321 3835 431 3922 adara
456 3873 527 3947 xm
546 3858 659 3934 ‚aas
681 3843 710 3918 il
733 3832 832 3922 aab»
855 3846 868 3915 ιι
892 3831 966 3918 alsus
993 3845 1023 3915 ua
1046 3829 1158 3930 mg„

87 3971 215 4040 lma„
237 3996 259 4050 i.
274 4009 300 4052 e.
315 3993 460 4066 Quoniam
474 4005 533 4048 non
551 3996 664 4065 oportet
676 3996 709 4048 ut
725 3989 829 4064 psalmi
846 3991 953 4064 privati
971 3987 1096 4046 hominis
1115 3987 1158 4044 di·

109 4185 141 4246 (t)
156 4188 301 4249 herasmus
320 4187 346 4238 in
365 4185 495 4238 Pandeolis
513 4187 640 4236 canonum
659 4187 700 4234 SS.
722 4183 911 4247 Apostolorum,
933 4185 957 4231 ct
975 4180 1160 4242 Corrciliorum,

84 4275 143 4326 quac
161 4266 193 4316 ah
204 4268 313 4318 Ecclesia
332 4280 417 4331 gruem
427 4269 523 4330 recepta
543 4267 609 4316 sunt.

122 4349 238 4412 PorsI.
782 4355 816 4405 15
