3022 5178
794 381 975 434 -aui-

339 496 437 572 quitru
454 496 484 554 in
501 495 625 552 tractatu
638 489 675 548 de
684 487 892 550 Communione
905 487 959 547 sub
973 491 1095 565 utraque
1107 489 1217 566 specie:
1237 491 1400 565 «Quoniam
1492 553 1494 560 ,

339 607 422 652 sacra
439 589 586 667 Scriptura
597 585 683 647 debet
698 583 873 645 considerari
888 587 972 661 quusi
986 588 1024 644 sit
1041 601 1101 645 una
1120 589 1277 663 propositio
1294 589 1406 664 copula·

338 691 401 748 tiva
416 692 588 748 connectens
601 684 730 761 singulas
743 688 858 759 partes,
872 690 901 743 et
912 697 1003 742 unam
1019 681 1195 744 confirmans
1209 686 1406 762 parciturum,

337 786 484 846 elucidans
498 791 527 844 et
547 798 707 860 exponens3
721 783 858 858 miculam
872 783 898 839 si
910 783 1067 856 propositio
1093 781 1192 859 aliqua
1219 799 1321 842 sacrae
1330 783 1404 843 Seri-

336 889 439 959 pturas
455 884 549 958 posita
564 883 702 941 assertive
717 895 768 956 per
787 885 933 938 auctorem
953 895 1059 953 suum,
1074 881 1125 954 qul
1138 885 1182 940 est
1198 878 1324 955 Spiritus
1335 879 1405 940 San·

336 984 422 1054 ctus,
442 983 518 1038 esset
533 977 629 1052 laisa,
644 982 705 1035 tota
730 991 830 1036 sacrae
849 974 1024 1050 Scripturse,
1041 977 1117 1035 sicut
1130 975 1203 1034 dicit
1213 975 1408 1054 Augustinus,

275 1093 284 1120 ·
337 1074 486 1151 nuntiaret
507 1076 674 1134 anmoritas.
689 1097 701 1123 s

318 1218 326 1237 ,
377 1171 405 1248 S.
420 1171 556 1232 XXXIV.
578 1170 745 1254 Alphonsus
758 1169 905 1229 abulensis
919 1156 1069 1246 episcopus
1086 1173 1117 1228 ln
1130 1168 1262 1246 canona,
1274 1177 1305 1230 et
1320 1172 1411 1231 inter-

338 1271 499 1344 pretatione
512 1282 661 1328 sacrorum
674 1266 814 1326 librorum
827 1268 945 1326 omnino
957 1281 1020 1326 sese
1032 1268 1146 1350 scriptis
1158 1265 1220 1327 cliui
1236 1266 1409 1346 Hieronymi

338 1365 579 1440 accommodavit,
590 1364 745 1441 siquando
753 1363 789 1423 de
797 1363 951 1440 Scripturis
963 1363 1095 1424 Deuterls
1103 1366 1228 1444 scripsit,
1234 1364 1407 1443 Hieronymi

336 1465 425 1524 verba
439 1467 472 1524 in
483 1463 590 1524 librum
601 1462 719 1524 iudith:
736 1461 850 1538 oculus
863 1463 1019 1522 suetonius
1032 1461 1070 1522 ad
1082 1461 1409 1546 mboranriasiilepquue

336 1566 369 1624 in
382 1565 594 1622 contentionem
609 1561 745 1636 veniunt,
766 1561 862 1619 miuus
881 1559 1168 1636 idoneujudicatur»
1197 1547 1406 1641 lupentinus

301 1679 304 1684 ¹
336 1659 409 1720 hace
428 1659 523 1719 addit:
544 1659 659 1719 «Sacra
684 1663 780 1719 autem
799 1655 969 1734 Scriptura,
997 1653 1224 1720 aretinorum
1244 1657 1405 1732 moran,

335 1758 378 1815 eis
393 1761 491 1816 tamen
509 1759 708 1817 auctoritatem
725 1753 933 1815 accommodat.
946 1779 960 1804 u
981 1753 1060 1814 llaec
1076 1754 1212 1830 leguntur
1233 1755 1264 1822 in
1285 1753 1407 1836 prologo

334 1851 584 1930 Parniponeuon.
604 1851 690 1913 Anno
705 1850 821 1914 nomm
841 1859 917 1912 1⁴40
937 1853 1029 1910 vitam
1044 1849 1167 1928 amabat
1182 1837 1343 1916 abulensis.

374 1952 402 2031 s.
424 1950 544 2011 XXXV.
571 1950 728 2027 Dionysius
742 1949 945 2010 carthusianus
966 1949 1083 2010 natoue
1099 1947 1204 2024 belga,
1223 1947 1325 2007 eadem
1345 1947 1406 2007 iere

335 2053 429 2110 comte
441 2049 587 2110 abulensis
600 2049 726 2107 innotuit
746 2052 775 2107 et
800 2045 952 2116 sanctitate
975 2052 1005 2105 ct
1019 2045 1161 2106 doctrina.
1185 2043 1307 2122 scripsit
1319 2048 1405 2120 Juxta

334 2146 543 2213 Bellarminum
561 2147 593 2206 iu
610 2161 711 2219 omues
729 2143 894 2224 Scripturas
909 2143 1017 2218 libros,
1030 2157 1187 2223 omnesque
1204 2144 1312 2220 pariter
1325 2141 1408 2202 Pric-

335 2259 381 2304 res
398 2247 428 2303 et
444 2243 585 2316 Dantem
601 2245 707 2304 ueteris
718 2245 884 2318 resumemi
896 2241 1073 2322 Scriptorum
1090 2255 1205 2302 sacram
1217 2241 1404 2317 cognomina-

334 2344 379 2401 vit
396 2348 425 2401 et
438 2343 470 2400 in
480 2357 534 2400 sua
546 2343 653 2417 scripta
665 2339 772 2400 intulit.
788 2339 921 2402 mucore
934 2341 1015 2399 enim
1026 2347 1065 2398 28
1078 2340 1110 2398 in
1127 2337 1201 2412 iob,
1214 2337 1317 2396 suaith
1331 2337 1402 2398 scn-

334 2445 451 2516 pturam
461 2439 583 2516 protulit
597 2438 710 2498 dicens:
730 2438 842 2498 «Juxta
853 2438 926 2498 iilud
939 2435 1058 2497 ludin:
1076 2436 1114 2514 (l)
1126 2467 1139 2482 ·
1151 2435 1217 2500 Nou
1230 2436 1405 2506 ulciscamur

267 2517 270 2537 ¹
336 2551 393 2598 nos
407 2551 464 2613 pro
480 2535 545 2610 his,
567 2551 641 2612 quas
657 2539 803 2611 patimur,
819 2535 872 2594 sed
889 2539 1054 2612 reputantes
1070 2535 1198 2610 pacantis
1208 2535 1317 2594 nonnis
1334 2533 1405 2592 haec

333 2635 397 2710 ipsa
414 2632 554 2709 supplicia
570 2634 685 2693 minora
694 2649 756 2692 esse
769 2638 824 2692 etc.
842 2655 855 2683 u
875 2631 1006 2694 Articnlo
1026 2636 1132 2708 quarto
1147 2632 1179 2710 in
1196 2629 1331 2696 eumdem
1347 2629 1404 2690 Joh

332 2729 441 2789 Tobiae
450 2729 556 2789 librum
572 2729 697 2790 advocat
705 2731 861 2806 praelatus:
878 2753 890 2780 a
902 2727 1151 2804 Quemadmodum
1162 2730 1303 2804 seriptum
1313 2733 1361 2786 cst
1374 2729 1403 2786 in

332 2826 443 2886 Tabia:
458 2827 570 2886 ··llanc
586 2832 684 2887 autem
699 2829 887 2889 tentationem
900 2826 965 2910 ideo
978 2827 1109 2901 permisit
1127 2823 1269 2898 Dominus
1286 2825 1403 2884 etenim

334 2922 397 2998 illl,
412 2918 490 2982 tciest
504 2923 629 2998 Tobiae,
643 2931 678 2982 ut
696 2925 818 2999 posteris
831 2923 914 2983 daret
926 2923 1059 2998 exempla
1072 2923 1314 2998 mammenus,
1329 2922 1405 2980 siem

332 3025 362 3078 et
374 3022 468 3080 sancii
480 3019 546 3080 lob.
559 3045 575 3072 a
587 3019 721 3098 Atticum
738 3028 775 3079 tii
788 3036 826 3080 en
840 3019 987 3096 Sapientis
1002 3019 1040 3095 (2)
1054 3019 1141 3079 dicit:
1160 3017 1270 3078 «Unde
1283 3019 1316 3076 in
1328 3017 1403 3076 libro

333 3114 495 3192 Sapientiae
513 3120 653 3194 scriptum
672 3123 731 3178 cstt
748 3117 848 3178 -cum
860 3120 901 3178 sis
911 3121 1022 3198 jmtus,
1040 3116 1204 3192 oliomine,
1217 3116 1403 3192 omnmjmte

332 3213 501 3290 dieponis.»
523 3213 654 3276 Articulo
680 3221 717 3274 25
741 3213 779 3273 de
799 3215 986 3280 Machabaeis
1001 3219 1120 3277 namot:
1137 3212 1211 3274 «Sic
1228 3214 1261 3276 in
1274 3211 1404 3279 samnio

331 3311 575 3372 Machabaaorum
589 3311 628 3388 (si
642 3311 716 3371 libro
743 3312 848 3389 legitur
874 3311 1048 3374 venmabllis
1075 3311 1130 3371 illu-
1153 3317 1262 3387 septem
1277 3309 1403 3369 tranum

330 3415 424 3487 mator
441 3407 510 3470 filiis
534 3411 597 3469 suis
614 3409 739 3469 dixisse:
755 3408 885 3469 ·Neseio
904 3408 1050 3486 qnonmdo
1068 3410 1100 3468 in
1118 3412 1201 3468 utero
1226 3421 1293 3466 nuso
1312 3419 1400 3481 appo·

330 3507 448 3582 ruistis3
462 3522 557 3588 neque
572 3509 650 3567 enim
669 3509 797 3568 animam
818 3513 848 3567 et
866 3509 1000 3584 spiritum
1019 3505 1126 3566 donavi
1146 3503 1240 3564 vobis.
1254 3527 1268 3552 n
1288 3500 1402 3561 Ibidonu

330 3601 524 3670 Ecclesiastici
540 3609 628 3683 eaput
648 3606 774 3680 primum
791 3606 899 3666 sumite
917 3603 1019 3664 «Hinc
1040 3615 1156 3688 quoqne
1171 3601 1202 3660 in
1219 3598 1400 3660 Ecclesiasti-

332 3713 368 3757 ω
378 3697 417 3775 (4)
428 3702 567 3777 seriptum
579 3707 638 3760 ost:
650 3701 769 3762 ·Timor
781 3701 898 3762 Domini
908 3715 1017 3780 corona
1032 3689 1173 3774 justitiae,
1187 3720 1201 3746 u
1218 3694 1352 3756 mutulo
1364 3703 1399 3754 il

331 3795 446 3856 mrum
459 3801 589 3876 sequitur
600 3801 797 3864 tmumonlum
810 3801 841 3859 in
854 3799 912 3861 illis
927 3797 1043 3857 verbis:
1058 3793 1259 3856 «scamillum
1271 3786 1398 3852 Beruch:

333 3892 371 3966 (5)
389 3893 489 3967 -Quia
513 3911 573 3956 non
597 3895 760 3964 truncant
776 3897 971 3974 sapientiam,
988 3893 1159 3956 intonarunt
1179 3896 1297 3968 pmpter
1314 3905 1399 3950 suam

331 3991 802 4070 insipientiam.»1npraslatione
815 4007 886 4052 vero
907 3992 974 4050 libri
993 3989 1107 4064 iudith,
1122 4005 1189 4048 cum
1207 3987 1357 4046 incidisset
1368 3987 1398 4044 in

357 4199 392 4262 (1)
412 4201 528 4254 inditis.
541 4205 610 4254 v111.
623 4229 653 4242 -
663 4203 696 4268 (a)
708 4206 763 4268 sip.
775 4205 853 4256 exn.
864 4229 894 4242 -
905 4201 939 4267 (a)
951 4209 973 4253 n.
984 4201 1046 4252 lise.
1058 4199 1136 4250 svn.
1147 4228 1177 4242 -
1188 4199 1223 4266 (u)
1234 4199 1299 4249 root.
1311 4199 1394 4246 einr.

331 4280 548 4343 (asturconem.
560 4289 598 4336 28.
1351 4303 1354 4308 ·
