3060 5170
543 391 701 448 ...Μ-..-

87 501 176 586 dere,
196 510 226 565 et
238 505 368 568 obtulere
380 505 411 566 ln
425 501 525 566 eodem
539 505 623 582 loeo,
638 507 750 567 etamsi
767 549 776 584 ,
798 513 832 567 ut
844 505 951 568 dldtm
970 507 1002 567 in
1017 521 1081 586 esp.
1098 521 1155 570 nr.

88 602 226 679 tempium
241 601 358 662 Domini
371 604 501 664 nondum
516 603 669 665 fundatum
683 610 755 664 erat.
771 602 997 682 olympiodorus
1009 608 1040 664 in
1053 613 1156 667 moena

86 701 200 761 Barueh
221 701 324 762 addit:
350 703 444 762 «Etsi
465 703 606 780 nmmum
630 702 693 762 solo
712 709 867 779 aquatum
887 709 984 779 esset,
1005 710 1103 764 minen
1124 708 1156 766 in

86 815 119 859 eo
140 799 204 859 loeo
223 799 448 876 sacrifieabmt3
475 801 554 860 leand
575 801 654 860 enim
675 799 810 860 ciiiilius
830 806 915 878 erat,
943 817 1031 878 quam
1053 803 1155 862 Hiero·

72 899 206 978 ,solymis
225 897 368 959 matilda
387 897 502 957 offerre.
523 923 536 949 e
564 899 628 958 Hac
648 900 883 974 interpretatione
906 902 1005 960 omnia
1028 902 1104 960 inter
1123 917 1156 960 se

83 997 259 1071 cohaerent3
287 995 388 1055 divina
410 996 529 1055 oracula
546 995 722 1072 iirrnantm,
744 1002 773 1056 et
794 1003 859 1056 rate
879 996 1002 1058 babetur
1019 998 1157 1060 historica

82 1095 213 1154 narratio
235 1093 360 1153 Baruch.

120 1192 148 1267 s.
172 1191 227 1251 vi.
250 1189 308 1250 Ubi
322 1189 358 1250 de
371 1189 459 1267 hunus
480 1195 574 1250 eeute
593 1190 758 1267 Scripturas
777 1191 985 1270 disseruimus,
1007 1193 1087 1254 aliud
1106 1205 1155 1256 eu·

82 1297 180 1366 peresi
198 1289 432 1364 discutiendum,
454 1290 532 1366 qnod
551 1297 657 1367 urgent
676 1290 835 1349 adversarii
851 1288 889 1366 (i)
906 1291 1034 1352 dieentes
1048 1292 1155 1353 librum

84 1389 199 1450 Berueh
216 1388 412 1448 contradicere
431 1386 593 1446 Hieremiae
612 1385 709 1447 verbis
729 1387 759 1446 ln
781 1388 875 1463 capite
894 1403 989 1446 narn.
1014 1396 1042 1448 t.
1065 1388 1155 1449 Nam·

83 1503 140 1564 que
158 1485 275 1546 Barueh
295 1487 327 1544 in
346 1499 400 1544 suo
421 1484 496 1544 libro
515 1485 622 1544 dleiun
643 1483 801 1544 translatus
821 1483 1019 1562 Babylonem,
1041 1492 1071 1546 et
1085 1503 1154 1547 eon·

81 1591 127 1644 tra
145 1586 176 1642 in
197 1579 343 1642 Hieremia
364 1583 469 1660 legitur
489 1581 654 1662 Aegyptum
676 1581 781 1642 adiisse
800 1600 867 1642 eum
887 1583 987 1643 mem
1008 1583 1155 1646 Hieremia

83 1683 206 1760 aliisque
221 1683 347 1758 judaeis.

121 1781 246 1841 Minime
270 1781 455 1842 adinvicem
480 1779 597 1841 obstant
620 1781 783 1858 praedictae
806 1786 985 1860 sententiae3
1011 1785 1154 1862 siqnidem

81 1877 196 1941 Baruch
215 1879 278 1938 lieri
296 1881 399 1956 potnit,
416 1885 450 1940 ut
462 1880 607 1956 proiectus
619 1861 801 1958 Aegyptum,
822 1881 905 1960 inde,
926 1889 1092 1960 expugnata
1112 1901 1156 1944 re·

81 1983 168 2056 gione
193 1979 230 2039 ab
255 1981 403 2059 assyriis,
429 1995 491 2040 sese
512 1981 657 2055 receperit
683 1979 871 2058 Bmyiouem.
900 1981 984 2042 Patet
1006 1999 1042 2041 eu
1066 1985 1155 2043 citato

81 2080 197 2154 eapite,
218 2078 385 2156 Aegyptum
408 2077 485 2136 idem
507 2078 629 2136 subiisse
650 2077 743 2137 iatum
764 2093 799 2138 ac
820 2079 960 2138 iudaeam
979 2078 1034 2138 sub
1054 2077 1153 2139 Nabu-

81 2176 303 2252 chodonosoro,
325 2182 355 2235 et
367 2176 490 2252 judaeos
510 2174 550 2233 ibi
570 2175 687 2234 colonos
702 2179 789 2251 Juxta
808 2176 860 2235 Dei
880 2175 1029 2236 oraculum
1049 2178 1155 2237 lterum

81 2275 229 2350 dispersos
248 2269 363 2350 inisse',
390 2275 497 2350 partim
523 2274 626 2348 lame,
655 2274 762 2349 partim
782 2273 879 2348 gladio
901 2272 1088 2349 interiectos,
1109 2277 1155 2334 vi·

80 2387 188 2449 rosque
207 2387 316 2450 paucos
332 2387 465 2430 mersos
485 2371 515 2430 in
535 2377 644 2431 terrm
663 2370 750 2430 iudo.
772 2371 817 2430 Ex
835 2370 892 2430 hoc
912 2378 1008 2430 autem
1026 2369 1155 2450 'Aegypti

79 2476 210 2547 euentu,
230 2469 328 2547 ibique
347 2475 462 2528 mortum
484 2469 650 2544 Hieremia,
671 2474 705 2528 ut
726 2485 763 2528 ex
785 2468 975 2528 hebraeorum
999 2470 1155 2530 traditione

79 2565 227 2643 habear,
247 2562 362 2627 Baruch
373 2610 382 2643 ,
394 2567 425 2625 ln
445 2582 531 2644 quem
545 2568 631 2626 sicuti
650 2567 825 2626 Hieremiam
844 2583 957 2642 semper
977 2566 1101 2645 benigne
1121 2583 1154 2629 se

78 2663 206 2724 contulit
224 2677 274 2724 rex
298 2663 457 2742 Babylonis
473 2661 512 2723 ob
531 2665 628 2724 fausta
649 2666 808 2740 vaticinia,
829 2668 861 2723 in
882 2664 969 2725 iidem
994 2665 1031 2724 ab
1052 2681 1086 2724 eo
1107 2683 1153 2726 re·

78 2765 220 2839 ceptum,
242 2763 347 2820 rationi
367 2777 527 2821 consonum
548 2768 611 2839 eet,
630 2762 809 2840 Babylonem
824 2763 985 2838 proiectum
998 2779 1077 2841 esse,
1098 2762 1152 2823 ibi·

79 2877 138 2937 que
155 2865 313 2928 moratum.
335 2861 419 2934 Quod
438 2877 509 2921 vero
531 2861 643 2920 iirmius
664 2863 766 2920 statuit
785 2861 862 2920 hane
883 2862 1068 2938 opinionem,
1093 2874 1154 2921 nun

78 2963 195 3018 mnium
215 2957 252 3020 de
275 2959 353 3017 illius
373 2974 456 3018 mora
474 2955 634 3036 Babylone,
657 2975 758 3019 verum
781 2962 869 3018 etium
890 2959 927 3020 de
941 2960 1020 3018 iliius
1043 2963 1152 3036 gestis,

78 3057 200 3134 ejusque
222 3056 440 3134 longaevitate,
469 3073 527 3132 qua
553 3057 668 3134 assequi
693 3059 787 3132 potuit
810 3056 848 3116 ad
871 3055 950 3117 ultra
970 3058 1153 3133 trigesimum

76 3158 234 3232 septimum
249 3171 360 3214 annum
378 3153 643 3230 transmigrationis
653 3152 808 3230 Joeohim,
824 3160 910 3229 prout
922 3169 1014 3229 nuper
1027 3154 1152 3232 ostendi,

79 3253 109 3313 ld
133 3259 200 3331 est,
228 3254 308 3329 quod
329 3269 381 3329 per
405 3251 581 3312 Hieremiam
600 3251 742 3310 Dominus
769 3253 883 3310 loeutus
905 3258 950 3310 est
972 3249 1090 3326 eidem,
1113 3251 1152 3327 (²)

80 3361 237 3431 postquam
261 3351 387 3430 Aegypti
410 3354 526 3412 ruinam
552 3363 588 3410 ex
612 3366 662 3409 ore
686 3349 847 3425 Prophetae
868 3351 983 3425 scripsit
1004 3352 1035 3407 in
1058 3349 1151 3409 libro:

81 3476 92 3500 ιι
106 3451 144 3510 Et
166 3452 286 3528 quaeris
307 3449 456 3526 (baruchi
476 3449 531 3508 tibi
556 3448 706 3526 grandia?
733 3447 793 3506 noll
813 3463 972 3524 quaerere,
999 3449 1068 3522 quia
1088 3462 1154 3506 ecee

77 3565 132 3627 ego
152 3551 299 3611 adducam
323 3547 433 3609 malum
457 3564 543 3634 supqr
565 3563 680 3608 omnem
706 3563 849 3624 earnem,
877 3550 919 3608 alt
938 3545 1102 3625 Dominus3
1124 3551 1154 3607 ci

78 3648 156 3709 dabo
175 3649 234 3708 tibi
258 3651 386 3708 annnam
403 3655 484 3708 tuam
503 3649 533 3706 in
555 3647 677 3708 salutern
700 3649 732 3706 in
749 3646 884 3706 omnibus
902 3647 993 3722 iocis,
1015 3645 1052 3704 ad
1067 3661 1153 3723 quae·

77 3763 204 3824 cumque
223 3749 422 3823 perrennis.»
446 3747 491 3805 Ex
513 3745 655 3823 ejusmodi
676 3744 774 3806 verbis
794 3747 865 3806 satis
885 3745 1096 3822 conjiciendum
1109 3750 1154 3805 est

75 3862 129 3922 pro
142 3847 281 3906 instituto
293 3851 403 3905 nostro.
422 3843 620 3905 Tbeodoretus
633 3861 748 3922 quoque
763 3846 794 3903 in
808 3844 886 3904 hune
899 3843 1006 3904 librum
1024 3845 1065 3903 lta
1081 3845 1152 3907 scri·

76 3942 141 4003 bit:
168 3969 181 3995 o
198 3940 398 4002 Admirandns
421 3941 535 4002 Barucb
563 3942 695 4002 discessit
718 3941 834 4019 quidem
855 3957 921 4004 cum
940 3940 1082 4020 judaeis,
1103 3944 1153 4019 qui

75 4043 256 4122 aufugerent
272 4043 303 4098 in
320 4040 486 4119 Aegyptum
499 4059 508 4116 3
530 4040 585 4100 hoc
599 4043 675 4100 enim
689 4043 719 4101 in
734 4040 970 4116 proooedentibus
986 4039 1151 4100 didicimus.

75 4140 284 4201 Verumtamen
304 4145 371 4216 post
388 4141 516 4216 quinque
529 4156 642 4216 annos,
663 4156 699 4200 ex
714 4155 772 4217 quo
785 4147 870 4216 capta
887 4147 931 4200 est
944 4139 1035 4214 urbs,
1051 4152 1151 4213 perve-

120 4333 156 4395 il)
178 4337 236 4385 l‘ar.
251 4335 270 4384 1.
283 4335 298 4399 ς
318 4337 352 4385 ii.
369 4348 392 4386 n.
408 4345 429 4388 2.
442 4349 467 4400 p.
480 4343 516 4387 ii.
529 4361 559 4374 -
570 4335 604 4398 it)
617 4335 682 4388 Hier.
695 4351 716 4386 u.
728 4337 799 4385 XLV.
811 4341 834 4386 5.
