3086 5182
857 381 997 434 ,zp-

391 492 439 553 dle
463 489 577 570 laudem
602 491 664 551 dlxi
689 488 753 550 tibi.
773 517 785 542 u
816 490 914 552 Veluti
937 491 1066 551 diceret:
1102 490 1219 568 «Saepe
1245 494 1313 554 ondit
1330 501 1425 580 latam

393 607 478 668 saepe
505 589 620 650 laudem
641 591 702 650 dlxi
720 589 813 649 tibin
835 589 947 650 Deinde
965 591 1082 650 nonnisi
1109 607 1146 650 ex
1171 591 1428 661 divina'ordinatime

391 689 515 749 daemon
534 689 674 748 occidisse
687 688 794 748 dicitur
813 687 901 749 Sarae
920 704 1061 764 sponsos,
1082 703 1150 748 eum
1163 696 1192 749 et
1209 689 1306 750 ibidem
1318 694 1428 757 referatur

391 803 498 864 causa,
520 803 573 846 cur
590 787 633 846 llll
652 789 709 846 viri
726 789 815 846 occisi
831 793 946 862 essent3
964 787 1045 863 quod
1062 788 1174 847 scilicet
1190 791 1324 849 venissent
1340 792 1371 850 ad
1381 810 1429 854 mm

392 901 452 946 non
472 893 551 946 recta
571 892 676 961 mente,
689 886 740 946 sed
752 893 869 946 tentum
885 891 920 947 ut
936 901 1006 946 snae
1023 885 1135 945 libidini
1154 894 1298 946 vacarent:
1311 895 1336 948 et
1347 890 1378 948 ob
1388 891 1429 952 hoc

392 985 528 1050 daemoni
545 985 624 1045 fecte
640 991 683 1044 est
694 991 820 1060 potestas
839 984 905 1043 illos
921 984 1122 1044 interficiendi.
1140 983 1306 1062 Huiusmodi
1321 993 1431 1065 potetas,

390 1083 442 1144 sed
459 1085 678 1160 circumscripta
690 1081 944 1159 dnibnn‘sataune
960 1083 1030 1144 data
1043 1082 1114 1159 tuit,
1134 1089 1298 1144 attentaret
1311 1085 1372 1144 lob:
1388 1087 1432 1145 alit

389 1181 466 1246 dixit
478 1185 505 1241 el
519 1183 673 1257 Dominus3
692 1181 730 1257 (ι)
748 1197 815 1240 ecee
828 1181 964 1240 universa
977 1195 1052 1257 qnae
1064 1169 1163 1257 babet,
1178 1184 1210 1241 in
1222 1197 1307 1241 manu
1317 1188 1363 1243 tna
1371 1191 1432 1260 suot

388 1285 504 1340 tnntnm
524 1283 556 1338 in
571 1295 639 1338 eum
659 1295 721 1338 non
738 1278 878 1338 extendas
899 1293 1020 1338 manum
1039 1286 1139 1353 tuam3
1161 1295 1340 1357 egressusque
1353 1287 1389 1339 est
1401 1298 1432 1340 so

388 1383 441 1436 tau
461 1393 480 1436 a
502 1376 576 1436 iacie
597 1377 753 1436 Domini.»
782 1376 820 1436 lit
837 1376 910 1436 dam
932 1378 964 1434 iu
986 1375 1061 1436 libro
1084 1377 1192 1436 Tobiae
1215 1377 1315 1436 dieitur
1336 1376 1432 1436 donam

390 1474 570 1534 interfecisse
598 1474 686 1533 Same
711 1475 857 1550 maritos,
889 1477 921 1532 in
944 1474 1095 1549 Scriptura
1117 1473 1173 1533 lob
1198 1475 1300 1551 legitur
1321 1474 1387 1532 idem
1402 1478 1433 1532 ln·

388 1573 493 1632 nitense
517 1579 637 1656 ventum
660 1572 878 1646 vehementem,
902 1587 937 1632 ac
957 1575 1076 1632 lmuisse
1097 1575 1129 1630 ln
1152 1573 1293 1650 domum,
1311 1572 1356 1632 nbi
1373 1577 1435 1631 erant

389 1670 443 1730 nin
469 1678 499 1730 et
521 1671 599 1730 tiliae
622 1669 707 1746 lob,
737 1671 895 1745 eademque
924 1687 1061 1730 corruens
1087 1675 1263 1748 oppressisse
1287 1670 1356 1730 illos.
1376 1671 1434 1730 Pari·

388 1773 433 1826 ter
461 1769 553 1828 altera
583 1769 725 1830 sententia
748 1768 814 1842 (ηε
841 1793 853 1818 «
872 1768 957 1828 Tunc
980 1769 1111 1845 Raphnel
1134 1771 1255 1848 angelus
1280 1768 1435 1846 apprehendit

385 1864 596 1941 daemonium,
622 1873 652 1925 et
671 1865 806 1942 religavit
826 1866 900 1925 illud
920 1869 952 1924 in
976 1867 1089 1926 deserto
1116 1870 1273 1943 superioris
1292 1867 1432 1944 Aegypti.»

388 1962 516 2023 dromus
536 1969 634 2022 autem
655 1963 743 2040 legit:
769 1988 782 2014 «ι
797 1963 838 2022 Ut
863 1963 997 2046 manavit
1023 1965 1147 2024 daemon
1174 1965 1316 2042 odorem,
1339 1964 1436 2042 bigitin

388 2063 550 2136 superiores
569 2067 667 2136 pentes
685 2059 831 2137 Aegypti,
853 2067 883 2119 et
903 2061 1035 2138 alligavit
1053 2062 1139 2122 illum
1157 2063 1316 2140 angelum
1342 2063 1435 2121 ltemin

387 2157 444 2218 Job
461 2158 535 2217 dicit
552 2157 630 2217 idem
648 2159 768 2234 spiritus
786 2159 970 2218 immundus:
996 2183 1009 2210 o
1020 2158 1148 2220 Circnivi
1167 2167 1292 2236 terram,
1312 2167 1339 2219 et
1354 2175 1436 2234 peram

388 2255 488 2316 bulavi
509 2273 614 2316 earn.»
642 2255 698 2316 Sed
720 2257 827 2316 elarius
851 2257 1020 2333 hujusmodi
1040 2258 1130 2318 verba
1154 2257 1298 2318 habentor
1317 2260 1347 2315 in
1364 2257 1434 2314 livan-

390 2356 464 2436 gello
475 2355 513 2430 (3)
527 2355 597 2430 ,ubi
613 2371 650 2414 ex
670 2353 819 2414 Matthaeo
838 2355 980 2414 Dominus
997 2361 1096 2414 noser
1109 2357 1168 2415 ait:
1194 2380 1207 2406 «
1220 2356 1293 2416 Cum
1309 2356 1437 2414 enemim
1497 2411 1498 2430 χ

389 2452 516 2514 mundus
541 2454 662 2528 spiritus
687 2454 789 2511 exierit
813 2452 850 2510 ab
877 2453 1018 2528 homine,
1044 2453 1176 2512 ambulat
1201 2470 1254 2530 per
1276 2452 1336 2511 loca
1359 2449 1435 2522 arim,

388 2545 530 2630 quaerens
553 2553 703 2628 reputem
724 2557 753 2611 et
771 2567 830 2610 non
850 2553 972 2610 invenit.
1000 2551 1083 2612 Tuae
1104 2551 1194 2628 dicit,
1215 2557 1341 2612 revertar
1358 2551 1384 2607 ln
1402 2547 1437 2605 io

389 2667 472 2712 mum
492 2665 606 2726 meam,
628 2649 706 2710 anie
728 2652 808 2709 exivi
828 2656 915 2708 ete.»

428 2748 576 2824 Qarldqnld
593 2755 691 2808 autem
722 2748 834 2808 dietum
854 2755 899 2808 est
917 2748 955 2807 de
976 2749 1062 2808 malis
1084 2747 1248 2826 spiritibus,
1260 2748 1386 2824 quiinttr
1403 2743 1438 2800 lic

388 2849 482 2907 rubiae
503 2848 654 2906 errantia
674 2861 776 2906 eorum
794 2847 994 2907 seductionem
1014 2853 1044 2906 et
1064 2846 1196 2922 malurn,
1218 2853 1254 2906 nt
1275 2848 1395 2904 assuunt
1408 2839 1438 2898 lli·
1496 2893 1497 2914 2

388 2946 476 3004 vinee
496 2943 683 3020 Seripturae‚
708 2945 785 3004 idem
808 2944 992 3021 probandum
1012 2944 1050 3004 de
1070 2945 1154 3004 bonis
1173 2943 1335 3021 spiritibus,
1356 2941 1439 3000 nivele

389 3043 521 3122 engolis,
543 3043 594 3120 qui
616 3045 648 3102 in
670 3042 834 3102 custodiam
856 3049 987 3102 nostram
1007 3060 1026 3102 a
1044 3043 1105 3102 Deo
1125 3046 1295 3103 mittvrntnr.
1316 3042 1349 3100 lo
1367 3043 1438 3096 nostro

388 3141 463 3201 libro
477 3141 582 3218 legitur
593 3141 714 3217 angelus
734 3140 865 3216 Raphnel
884 3143 1023 3200 missust
1039 3141 1176 3218 Domino,
1191 3147 1227 3201 ut
1241 3143 1353 3200 curant
1364 3135 1439 3195 snm

388 3245 418 3299 et
435 3238 558 3298 Tobiam
577 3238 679 3298 ambos
697 3242 794 3315 justos
815 3252 915 3298 eornm
933 3253 978 3298 en.
992 3238 1102 3300 Omnes
1121 3255 1191 3298 vero
1209 3247 1295 3298 aetus
1313 3237 1391 3312 hrvjns
1406 3245 1439 3288 tn

390 3337 447 3413 geli
466 3353 536 3414 erga
552 3336 690 3413 Tobiam,
709 3339 764 3396 iter
781 3353 886 3412 nempe
900 3351 968 3396 cum
985 3353 1033 3412 eo,
1051 3337 1132 3397 ilbns
1148 3332 1440 3410 manducationem

388 3435 579 3511 huiusmodi,
600 3450 675 3510 quae
695 3434 842 3494 hnmanae
859 3439 982 3494 naturae
1000 3436 1179 3496 eonveniont
1196 3436 1393 3510 potiusquam
1407 3439 1439 3484 tlt

389 3533 520 3608 gellone,
545 3531 771 3607 mmprotannn
792 3531 830 3591 ab
852 3531 955 3592 mem
981 3530 1132 3607 Scriptura
1154 3529 1400 3591 Proto-Canonlca·
1417 3521 1441 3579 ll

388 3628 494 3688 Genesi
506 3628 544 3703 (4)
556 3631 635 3688 enim
648 3629 792 3688 Dominus
814 3645 866 3704 per
879 3628 1000 3704 angelos
1015 3630 1150 3705 apparuit
1161 3627 1343 3688 Abrabarno:
1362 3620 1441 3679 «Cin

341 3754 344 3760 ·
387 3741 444 3802 que
467 3726 620 3800 elevasset,
641 3727 702 3800 nit,
720 3727 1050 3803 oeulos,eppen1eront
1066 3729 1094 3786 ei
1107 3733 1167 3786 tres
1186 3727 1244 3784 viri
1262 3728 1367 3785 stantes
1377 3731 1442 3795 Μ

387 3838 467 3899 eum,
485 3837 559 3899 quos
576 3839 646 3883 cnm
663 3823 784 3884 vidisset
800 3827 930 3884 euomuit
944 3827 976 3884 in
992 3840 1149 3886 occursum
1161 3839 1263 3884 eornm
1280 3822 1316 3882 de
1334 3819 1399 3878 ostio
1411 3819 1441 3872 n·

387 3919 580 3982 bernecon-
604 3920 716 3980 Ibidem
735 3929 801 3981 orat
821 3923 888 3982 illos
909 3921 1083 3998 Abraham,
1103 3928 1138 3982 ut
1158 3922 1258 3982 lavent
1277 3919 1360 3996 pedn
1376 3926 1441 3982 suli,

388 4023 417 4076 et
439 4021 621 4094 requescent
640 4018 694 4078 sub
714 4019 832 4096 arbore,
852 4019 923 4080 dnm
941 4022 1004 4096 ipse
1022 4019 1171 4080 festinavit
1188 4035 1225 4078 ac
1241 4016 1339 4094 epules
1354 4007 1443 4089 paravi

414 4241 948 4313 (osmer.12.-(2)'r0n.e.v1u.a.
964 4275 995 4288 -
1011 4249 1047 4314 (s)
1063 4251 1151 4300 usna.
1170 4263 1193 4298 e.
1204 4250 1258 4298 xn.
1270 4251 1309 4296 ss.
1320 4238 1439 4304 -clffl

391 4342 412 4377 c.
424 4330 478 4377 vti.
