3086 5182
823 369 981 422 ...gg-

361 482 464 538 omnie
482 479 659 554 periclitatus
678 485 745 553 est,
766 486 799 538 ut
813 485 931 554 praeter
946 483 999 554 jas
1016 478 1158 538 obtineret
1176 483 1329 555 immrium
1356 497 1435 558 assy·

364 579 494 650 riorum,
510 575 594 652 ‘quod
612 575 729 652 quidem
749 584 897 636 assecutis
917 583 962 636 est
981 576 1067 652 dolo,
1089 578 1296 653 etirnpictate,
1318 578 1438 638 sublatis

365 673 442 732 binis
453 673 605 750 fratribus,
626 675 691 732 solii
704 676 839 750 legitimis
852 674 1035 751 haeredibus,
1053 675 1153 752 Dario,
1170 681 1199 734 et
1212 675 1346 750 Ariaspe.
1362 675 1440 736 Alter

366 787 436 830 vero
454 770 602 848 Arsames,
624 788 714 846 quum
734 774 759 830 ei
774 775 805 830 in
823 775 943 847 imperio
962 774 1093 833 aemulus
1108 781 1203 849 esset,
1225 789 1260 832 ac
1273 777 1394 849 iusuper
1407 774 1442 832 ab

367 885 451 928 suam
466 870 670 946 prudentiam,
692 877 720 930 et
735 887 850 930 mamm
863 872 1058 946 integritatem
1070 873 1158 945 patri,
1175 876 1204 928 et
1215 873 1330 930 cunctis
1345 885 1443 944 carus,

367 969 441 1028 solio
459 975 640 1043 reputaretur
659 970 785 1047 dignus,
807 969 904 1028 Ochus
925 968 1041 1044 eiiecit,
1062 976 1096 1028 ut
1109 985 1159 1044 per
1179 971 1316 1028 sicarium
1335 968 1445 1044 llarpa·

365 1073 415 1125 ten
435 1065 561 1125 Tiribaai
580 1067 672 1127 filium
699 1066 886 1126 occideretur.
909 1066 1083 1141 liujusmodi
1106 1068 1267 1141 impietates
1294 1071 1380 1140 pater
1400 1080 1445 1122 ae·

365 1172 425 1224 tate
438 1173 597 1242 provectus
617 1183 683 1226 cam
711 1169 852 1226 sustinere
881 1166 960 1226 haud
986 1167 1147 1240 valuisset,
1175 1182 1344 1242 supremum
1368 1165 1446 1223 diem

367 1264 517 1339 explevit,
539 1271 693 1340 postquam
713 1280 835 1340 regnum
856 1267 949 1324 tenuit
968 1264 1040 1324 adeo
1060 1264 1226 1324 clementiae
1242 1270 1272 1323 et
1290 1265 1447 1338 aequitatis

366 1377 418 1436 pcr
439 1375 531 1420 anuos
552 1361 767 1438 quadraginta,
788 1369 821 1422 ut
834 1362 940 1438 ubique
960 1363 1090 1420 omnium
1109 1363 1346 1435 provinciarum,
1367 1359 1447 1418 illius

368 1461 526 1519 auctoritas
551 1460 626 1520 ioret
645 1461 778 1520 solidata.
806 1460 903 1520 Ochus
924 1477 993 1519 vero
1013 1466 1111 1536 aperte
1130 1458 1272 1534 praevidit
1292 1475 1324 1516 se
1343 1461 1375 1516 in
1395 1473 1446 1531 pa·

366 1559 419 1615 tris
439 1560 650 1618 successionem
675 1566 791 1635 propter
815 1575 869 1618 sua
894 1559 1001 1618 seelera
1028 1560 1148 1616 minime
1173 1573 1311 1633 prospero
1335 1563 1447 1614 eventu

366 1654 530 1712 subiturum
550 1654 654 1730 luisse,
676 1672 743 1716 cum
755 1657 891 1716 omnibus
910 1660 1101 1717 innotesceret
1117 1661 1147 1714 et
1159 1655 1254 1731 plebi,
1277 1661 1306 1712 et
1323 1669 1447 1729 magna-

365 1751 443 1810 tibus
456 1751 579 1811 hanam
594 1770 712 1813 suorum
726 1755 838 1816 medes.
858 1753 898 1815 At
910 1755 959 1814 ille
972 1756 1195 1831 prudentissime
1207 1752 1349 1812 eunuchis
1365 1751 1448 1810 domi

366 1852 461 1926 regiae
480 1855 675 1927 conveniens,
696 1857 786 1928 patris
806 1861 929 1913 mortem
949 1855 988 1913 ad
1006 1855 1105 1912 decem
1119 1868 1231 1912 menses
1244 1851 1392 1925 coelavit3
1414 1865 1449 1908 ac

364 1948 406 2006 ita
426 1949 563 2025 genitoris
579 1953 662 2026 quasi
676 1950 783 2012 insumi
803 1958 897 2028 nutu,
918 1967 1011 2028 neque
1032 1967 1101 2008 vcro
1124 1952 1245 2025 mortui,
1267 1947 1450 2025 fungebatur

365 2047 495 2121 imperio.

402 2144 517 2204 Interea
537 2154 632 2206 autem
646 2147 701 2206 hoc
714 2147 927 2224 artificiousus,
943 2163 1009 2206 cum
1024 2146 1178 2221 mandata,
1198 2147 1289 2219 patris
1308 2145 1445 2218 nomine,

348 2241 470 2315 ,populo
490 2244 671 2320 institueret,
695 2251 724 2305 et
741 2249 875 2320 opinatus
895 2251 965 2304 tunc
986 2244 1144 2304 firmiorem
1164 2242 1264 2300 haberi
1287 2257 1372 2300 suam
1397 2256 1449 2298 au·

364 2341 547 2416 ctoritatem,
569 2341 716 2402 decretum
736 2344 845 2403 annulo
864 2349 985 2419 paterno
1005 2345 1152 2418 signatum
1172 2339 1287 2413 edidit,
1313 2353 1374 2412 quo
1397 2353 1449 2396 rex

269 2483 272 2488 .
364 2449 514 2509 persarum
533 2443 679 2516 totiusque
697 2443 811 2516 imperii
824 2441 1048 2500 renunciabatur
1063 2439 1171 2498 Ochus.
1188 2437 1228 2496 Ut
1241 2451 1311 2496 vero
1326 2451 1447 2494 sensere

363 2533 451 2593 Asiae
470 2537 568 2612 populi
599 2538 770 2598 Artaxerxis
802 2539 965 2598 Memnonis
980 2545 1124 2612 mortem,
1153 2542 1183 2596 et
1207 2535 1323 2594 Ochum
1351 2533 1449 2592 eidem

364 2636 554 2711 successisse,
573 2638 739 2711 provinciae
753 2644 782 2695 et
794 2639 861 2696 illae
876 2639 1002 2696 maxime
1016 2642 1099 2694 extra
1113 2636 1267 2710 Assyriam
1281 2635 1354 2690 sitae
1367 2647 1447 2689 unae

362 2735 430 2802 post
453 2731 525 2790 alias
545 2732 583 2791 ab
602 2750 637 2792 eo
654 2732 839 2810 deiecemnt,
861 2734 1031 2810 Aegyptus,
1050 2733 1226 2806 Phoenicia,
1254 2729 1342 2805 Syria
1363 2731 1448 2788 circa

364 2824 559 2905 Damascum,
578 2837 745 2907 ceteraeque
765 2834 897 2890 civitates
917 2834 1091 2890 maritimae.
1108 2829 1141 2888 ld
1155 2831 1186 2886 in
1200 2830 1343 2903 principio
1357 2829 1448 2901 potis

364 2927 471 2983 simum
496 2925 569 2987 Ochi
595 2931 726 2988 animum
744 2933 847 3006 anxit,
875 2929 1030 2988 thesaurus
1054 2930 1133 2986 enirn
1155 2929 1252 3003 regius
1279 2925 1448 2983 rebellionis

363 3037 452 3082 cansa
468 3025 583 3084 tributis
602 3026 851 3103 imminuebatur,
873 3027 1017 3102 simulque
1038 3032 1171 3100 sumptus
1191 3025 1313 3082 maxirai
1327 3039 1448 3080 necesse

363 3127 448 3179 erant
467 3122 505 3180 ad
522 3125 730 3200 expugnandos
747 3124 890 3200 rebelles,
908 3131 937 3185 et
957 3125 995 3184 ob
1012 3124 1068 3182 hoc
1081 3137 1207 3182 cessasse
1220 3121 1277 3180 sibi
1291 3121 1390 3179 visum
1405 3127 1448 3178 est

360 3217 401 3274 ab
427 3221 609 3294 expeditione
630 3224 660 3280 iu
681 3222 874 3282 refractarios.
894 3222 954 3282 Alii
982 3237 1051 3280 vero
1071 3224 1205 3280 asserunt
1223 3218 1339 3277 Ochum
1360 3219 1447 3274 initio

359 3319 446 3391 regni
461 3319 507 3376 sui
521 3318 648 3378 desidem
667 3323 759 3379 vitam
778 3321 907 3380 duxisse.
924 3320 1034 3378 Deinde
1047 3335 1117 3378 vero
1130 3334 1197 3379 curn
1210 3318 1368 3392 cogitasset
1383 3317 1447 3373 aui·

362 3414 541 3476 madvertsre
560 3420 591 3475 in
611 3418 752 3494 rebelles,
771 3419 882 3478 lactum
895 3425 940 3476 est
958 3425 992 3476 ut
1010 3417 1177 3492 provinciae
1195 3416 1302 3490 partim
1315 3416 1394 3470 inter
1417 3426 1446 3468 se

359 3514 589 3590 eontendcntes,
614 3519 721 3591 parlim
741 3519 817 3592 regis
845 3517 1005 3590 potentiam
1032 3515 1225 3572 recitassem
1249 3511 1288 3570 ad
1319 3511 1446 3568 invicem

360 3610 560 3690 pmdiderint,
581 3621 610 3674 et
628 3614 726 3674 Ochus
748 3614 860 3674 furnius
882 3629 943 3672 sese
960 3596 1136 3672 continuerit
1152 3613 1184 3668 in
1197 3609 1280 3668 solio.
1297 3609 1363 3680 Quo
1376 3623 1446 3666 rem

361 3705 468 3768 luroris
486 3717 568 3771 aestu
590 3715 650 3789 egit
670 3715 701 3770 ln
719 3728 772 3771 suo
790 3713 930 3789 regimine
952 3719 1017 3770 tum
1036 3717 1139 3770 contra
1163 3725 1236 3783 eos,
1259 3709 1310 3782 qui
1334 3705 1445 3764 defece

361 3811 445 3880 rant,
457 3823 524 3866 cum
536 3817 638 3868 matra
655 3818 786 3886 satrapas
799 3813 1017 3886 provinciarum
1027 3811 1079 3885 qui
1090 3809 1260 3868 seditionem
1274 3806 1372 3866 moliti
1386 3807 1446 3866 luc·

362 3909 448 3981 rant,
472 3907 519 3964 vel
537 3913 651 3967 tanturn
672 3912 798 3985 suspicio
822 3910 920 3986 aliqua
938 3909 974 3967 de
993 3909 1111 3970 illorum
1133 3907 1190 3966 lide
1208 3913 1337 3964 mentem
1361 3922 1445 3965 suam

361 4003 540 4081 ingesserat,
562 4005 691 4065 historici
705 4007 760 4065 hoc
774 4009 844 4065 satis
859 4006 998 4066 indicant.
1012 4005 1119 4065 Omnes
1134 4007 1211 4062 enim
1224 4003 1347 4061 tradunt
1363 4002 1445 4060 illurn

361 4116 511 4174 persarum
524 4120 606 4180 reges
620 4107 724 4164 vicisse
741 4107 907 4180 impietate,
927 4103 1054 4177 duritie,
1070 4108 1099 4160 et
1113 4099 1302 4175 turpitudine.
1318 4097 1444 4156 Cunctos

360 4199 504 4259 interiecit
520 4205 599 4277 regio
619 4206 761 4278 sanguine
783 4209 887 4278 natos,
916 4202 997 4260 nulla
1015 4201 1115 4260 habita
1134 4200 1220 4258 aetati
1241 4205 1271 4256 et
1290 4198 1373 4256 sexui
1397 4211 1442 4252 ra·

358 4297 447 4356 tione.
468 4299 593 4371 Quintus
611 4299 728 4359 Curtius
742 4300 817 4359 libro
831 4319 861 4358 x.
885 4297 1081 4375 Sysigambim
1096 4297 1176 4356 Darii
1188 4302 1313 4354 matrem
1327 4294 1363 4352 de
1376 4291 1439 4350 Ale
