3086 5182
575 339 736 390 ...pq-.-

116 453 250 527 ipsum.»
274 448 446 525 Hrrjusmodi
464 455 526 510 erat
539 447 666 510 madido
684 447 783 526 popuii
796 447 906 526 lsraei,
928 447 1045 526 qnando
1063 449 1118 512 suh
1132 451 1190 512 Na·

117 547 359 608 huchodonosoro
386 555 446 608 tam
476 564 565 626 grave
586 549 740 608 discrimen
761 549 907 622 sustinuit.
936 547 1055 608 Constat
1078 552 1194 626 insuper

119 664 157 708 ex
172 647 228 706 hoc
242 646 327 722 libro,
346 647 534 708 hebraeorum
549 647 756 724 rempublicam
770 653 846 706 recte
859 661 921 706 sese
935 648 1067 726 gesshse,
1082 649 1194 708 acideo

115 761 299 820 prosperasse
312 745 448 804 Judithae
468 751 560 806 aetate
582 745 665 821 (quae
685 746 760 805 vixit
772 753 888 818 centum
901 751 931 804 et
948 747 1075 822 quinque
1089 746 1191 822 annos)

116 841 278 917 diebusque
297 843 396 902 moitis
416 846 503 902 etiam
524 850 589 918 post
609 843 687 902 iliius
705 842 826 902 obitum.
843 843 888 902 ita
906 841 1005 904 scribit
1019 842 1135 902 divinus
1151 843 1194 902 hi·

115 941 240 998 storicus
260 942 291 998 io
311 939 370 998 iine
390 939 480 998 iibri:
507 965 519 990 «ι
537 939 574 1000 Et
593 942 688 1000 senuit
707 942 738 999 in
758 939 845 999 domo
865 943 920 999 viri
941 943 986 999 sui
1010 955 1103 1000 annos
1127 956 1193 1000 een·

115 1045 179 1098 tum
200 1039 327 1114 quinque
349 1081 432 1097 ....
455 1039 490 1098 In
510 1041 590 1099 omni
615 1045 712 1100 autem
733 1039 826 1114 spatio
846 1041 924 1098 vitae
943 1055 1013 1099 suae
1033 1038 1190 1116 nonfuit,

16 1141 18 1178 i
114 1136 165 1210 qai
188 1135 367 1209 perturbaret
386 1135 497 1212 Israel,
519 1142 632 1212 etpost
652 1142 774 1196 mortem
794 1140 856 1212 ejus
876 1138 961 1196 annis
986 1136 1124 1196 moitis.»
1147 1137 1192 1196 Ex

113 1231 160 1290 his
181 1232 276 1292 verbis
297 1232 448 1292 fatendum
461 1239 505 1293 est
524 1232 563 1293 ad
575 1241 691 1294 aenium
712 1249 823 1310 annos,
845 1235 901 1294 nisi
917 1234 1014 1309 piures
1033 1234 1122 1310 veiis,
1139 1249 1191 1309 po·

113 1327 215 1403 pulum
229 1328 318 1389 Israel
334 1346 471 1407 prospera
486 1331 604 1391 idmona
620 1345 724 1408 usum,
745 1331 806 1391 dies
825 1346 893 1392 suos
909 1332 1094 1408 transegisse.
1110 1331 1191 1391 ideo-

113 1439 170 1502 que
188 1429 350 1486 necesaria
368 1427 631 1488 monsterendaest
650 1427 722 1488 haec
742 1428 864 1488 bistone
885 1429 962 1488 nitra
979 1427 1100 1503 Esdrae,
1121 1427 1192 1487 Nee

16 1567 18 1578 ,
113 1523 189 1582 miae
202 1529 232 1582 et
249 1525 353 1584 Esther
372 1531 505 1586 aetatem.
531 1527 587 1600 Qui
607 1528 684 1585 enim
696 1525 767 1604 iegit
786 1541 869 1585 sacra
890 1525 994 1586 horum
1018 1527 1190 1602 scriptorum

16 1639 17 1674 2
114 1621 283 1698 volumina,
305 1639 364 1682 non
386 1627 523 1701 repererit
542 1624 648 1683 ibidem
669 1631 731 1684 tam
749 1625 890 1702 longum,
910 1631 940 1684 ei
957 1629 1019 1683 tam
1038 1622 1192 1700 paciiicum

16 1735 20 1774 r
116 1721 182 1778 aevi
202 1721 412 1798 iniervaiium,
433 1729 467 1780 at
481 1724 511 1780 in
525 1737 560 1781 eo
578 1728 743 1782 statuantur
763 1729 846 1800 gesta
864 1721 976 1794 iudith.
993 1722 1068 1782 Vere
1081 1721 1118 1780 ad
1131 1721 1193 1782 dies

113 1815 193 1877 ultra
212 1820 315 1876 citatos
336 1825 479 1895 auctores,
494 1821 673 1896 transvecti,
694 1822 793 1879 omnia
809 1820 864 1879 hoo
877 1822 907 1878 in
925 1825 1024 1878 nostro
1038 1818 1112 1878 iibro
1128 1834 1195 1878 con·

114 1920 195 1974 tenta
215 1916 391 1976 conformari
411 1920 566 1976 sentiemus
586 1918 679 1977 divini
699 1920 825 1978 auctoris
837 1919 944 1995 menti,
966 1917 1191 1993 chronologiae,

114 2013 274 2089 historiae,
296 2031 440 2091 sanaeque
460 2017 576 2075 rationi.

16 2169 17 2172 ,
151 2111 180 2186 S.
202 2112 255 2170 IX.
277 2113 401 2190 Interea,
423 2112 495 2172 haec
509 2113 609 2172 eadem
627 2116 826 2189 exquirentes,
848 2128 1003 2189 quemnam
1017 2119 1189 2188 statuemus,

16 2231 22 2292 r
112 2209 160 2269 vei
180 2211 414 2286 nuncupabimus
431 2227 527 2288 regem
548 2210 631 2271 ilium
652 2213 849 2289 assyriorum,
870 2213 921 2288 qui
939 2226 990 2286 per
1006 2211 1192 2272 Hoioiernem

113 2323 196 2368 arma
210 2309 308 2368 intuiit
321 2315 422 2368 contra
436 2312 566 2386 regiones
580 2309 761 2385 Occidentis,
783 2311 826 2368 uti
838 2309 944 2368 dicitur
957 2307 1017 2385 ihi,
1039 2315 1192 2384 postquam

113 2409 294 2482 expugnavit
307 2406 439 2466 Ariaxad
459 2423 555 2484 regem
576 2407 749 2466 medorum?
769 2406 842 2467 Cum
862 2406 945 2466 nobis
964 2405 1039 2465 desit
1052 2405 1192 2465 iibrorum

116 2519 265 2564 sacrorum
291 2507 448 2564 auctoritas
468 2507 545 2564 circa
565 2520 619 2580 ea,
642 2519 716 2582 quae
735 2504 790 2564 sub
810 2506 929 2580 imperio
949 2519 1099 2580 persarum
1115 2504 1193 2574 facia

16 2623 18 2628 ·
114 2608 183 2660 sunt
203 2609 269 2678 post
288 2602 373 2664 iiiuoo
392 2602 550 2662 Assuerum
571 2645 579 2679 ,
601 2607 683 2680 cujus
704 2605 836 2662 meminit
855 2603 977 2662 historia
995 2601 1120 2677 Esther,
1142 2619 1192 2661 ne·

113 2715 193 2760 cesse
213 2703 295 2777 erit,
317 2709 350 2760 ut
370 2701 566 2777 disquiramus
586 2701 766 2761 ethnicorum
786 2708 974 2761 monumenta
994 2701 1032 2759 ad
1055 2701 1191 2777 coiiigeu-
1269 2691 1270 2695 ’

16 2833 21 2853 1.
112 2796 182 2857 dnm
203 2799 344 2875 quidquid
363 2799 493 2859 historici
513 2801 671 2858 memoriae
691 2798 869 2859 mandarunt
886 2799 923 2858 de
936 2814 1087 2876 persarum
1102 2797 1193 2876 dyna-

112 2897 189 2971 stia,
211 2895 247 2954 de
268 2898 356 2973 gestis
372 2903 401 2956 et
415 2899 563 2972 speciatim
583 2897 700 2957 iliorum
718 2897 947 2974 expeditionibus
960 2904 1043 2956 extra
1056 2897 1193 2973 Assyriae

112 2993 195 3052 dnae.
218 2992 447 3054 Auctoritatibus
463 2993 678 3069 Xenophontis,
700 2993 832 3071 Polybii,
854 3000 883 3054 et
895 2995 1014 3053 Diodori
1028 2996 1121 3052 innixi
1138 3009 1190 3052 no·

113 3092 211 3150 vimus
230 3089 347 3166 piures,
369 3093 523 3166 variasque
543 3090 739 3166 expeditiones
759 3094 918 3166 suscepisse
937 3107 1036 3166 persas
1056 3090 1193 3150 Occiden-

16 3225 20 3264 ,
111 3191 171 3246 tem
183 3203 296 3247 versus.
312 3188 429 3248 Praeter
443 3189 634 3264 irruptiones,
653 3194 814 3247 memoratu
831 3189 935 3264 dignas
948 3187 1071 3247 traditas
1085 3188 1122 3247 ab
1136 3187 1192 3246 He·

111 3285 230 3362 rodata,
251 3287 331 3346 Darii
345 3293 373 3346 et
386 3287 507 3365 Xerxis,
529 3285 601 3346 aiias
614 3290 771 3362 reperimus
787 3287 951 3346 successivo
962 3293 1090 3362 tempore
1099 3301 1193 3346 susce

16 3427 18 3464 ,
112 3389 178 3458 ptos
193 3399 210 3442 a
224 3387 315 3459 persis
331 3391 433 3444 contra
445 3384 606 3460 praedictas
621 3387 762 3461 regiones.
786 3385 827 3444 Ea
840 3399 942 3460 porro,
960 3391 987 3442 et
1000 3383 1083 3443 nobis
1102 3385 1190 3458 potis·

116 3484 223 3539 simum
245 3481 500 3542 animadvertenda
516 3489 614 3560 extat,
636 3499 723 3559 quam
744 3482 834 3542 tradit
853 3483 928 3540 inter
948 3481 1020 3540 aiios
1039 3480 1191 3539 historicos

112 3579 268 3655 Diodorus,
289 3587 452 3656 susceptam
473 3579 510 3640 ab
530 3580 691 3640 Artaxerxe
712 3580 815 3656 Ocho,
844 3595 912 3638 cum
932 3581 957 3638 is
978 3593 1085 3656 magna
1107 3581 1190 3655 copia

111 3678 236 3738 miiitum
252 3680 387 3754 irruperit
404 3681 435 3736 in
451 3678 592 3754 Ciliciam,
605 3678 746 3756 Cyprum,
768 3678 954 3739 Phoeniciam
972 3683 1000 3736 ct
1014 3677 1190 3754 Aegyptum.

111 3773 215 3850 Operis
229 3791 298 3835 vero
310 3777 435 3851 pretium
450 3780 505 3836 erit
515 3793 552 3836 ex
565 3777 687 3836 historia
707 3777 818 3836 discere
835 3778 961 3852 primum
974 3775 1011 3834 de
1029 3773 1194 3852 hujusmodi

111 3871 194 3932 Ocho
217 3887 285 3950 rege
304 3889 472 3950 persarum,
491 3875 635 3952 quomodo
653 3875 690 3934 ed
711 3874 815 3933 soiium
829 3875 978 3949 pervenit,
1000 3872 1078 3932 iiiins
1091 3871 1194 3932 deinde

111 3975 194 4047 gesta
216 3971 349 4030 meditari
370 3974 400 4030 in
421 3973 541 4047 imperio
562 3978 686 4048 patrata.

151 4067 340 4146 Artaxerxes,
365 4072 585 4146 cognominatus
605 4070 762 4145 Memnon,
776 4069 812 4127 de
832 4084 890 4144 quo
910 4069 1040 4145 sequenti
1061 4066 1193 4141 Proposi-

109 4167 191 4224 tione
203 4183 297 4224 sermo
308 4167 471 4243 habebitur,
486 4174 610 4243 quatuor
622 4167 698 4225 filios
712 4169 830 4225 sortitus
844 4173 887 4226 est
897 4166 1027 4241 Darium,
1040 4165 1193 4240 Ariaspen,

111 4263 227 4324 Ochum
247 4271 275 4324 et
298 4267 450 4326 Arsamen.
474 4265 519 4324 Ex
539 4265 585 4325 his
606 4263 703 4325 Ochus
724 4265 821 4324 throni
837 4269 949 4341 paterni
969 4265 1053 4324 vaide
1073 4263 1194 4340 cupidus
