3022 5178
562 391 743 444 -245-

109 518 211 564 sacrae
231 501 396 578 scripturae
416 498 516 576 librls,
531 515 583 559 seu
596 515 748 576 germanas
766 497 894 575 ejusdem
911 497 1075 576 scripturae
1092 507 1190 578 partes

110 617 264 660 censemus
293 616 355 659 esse
383 598 589 658 numerandos.
612 598 776 673 Quoniam,
800 613 875 674 quae
894 605 997 658 sancta
1015 599 1193 677 Evangelia,

1 774 2 782 ἵ
109 700 243 775 aliosque
264 697 430 773 Scripturae
445 697 555 772 libros,
573 701 607 754 ut
625 699 766 772 genuinos
785 695 925 772 tradidit,
937 699 1058 772 antiqua
1077 715 1197 758 consue·
1303 749 1305 754 .

1 794 3 801 '
110 797 205 872 tudo,
225 812 277 855 seu
292 797 386 872 magis
400 795 530 853 Ecclesia
549 793 716 869 Catholica,
732 800 762 853 et
778 795 850 852 istos
867 795 939 852 baec
952 797 1016 870 ipsa
1032 811 1083 854 sen
1097 813 1197 856 sacrae

1 893 2 898 ’
111 893 280 970 Scripturas
294 893 391 969 partes
405 894 505 969 procul
519 892 608 951 dubio
628 892 766 968 tradidit,
784 899 927 968 quatenus
941 895 1012 952 istos
1030 896 1081 970 qui
1098 901 1195 972 neget,

109 998 139 1052 et
157 991 225 1050 illos
241 993 429 1050 recusaverit.
452 989 503 1049 Sin
522 1006 592 1048 vero
611 993 757 1048 acunctis
777 991 857 1049 baud
873 993 1015 1049 recenseri
1028 993 1123 1051 omnis
1138 991 1196 1050 for-

108 1095 188 1148 tasse
208 1087 379 1163 videantur;
394 1089 443 1146 isti
463 1087 555 1146 nihilo
582 1090 676 1146 secius
702 1104 720 1146 a
738 1087 876 1165 synodis,
896 1105 951 1147 nec
966 1104 1026 1147 non
1047 1095 1075 1147 et
1089 1106 1107 1148 a
1121 1090 1196 1149 mul-

110 1188 150 1245 tis
172 1202 241 1245 cum
266 1187 494 1262 antiquissimis,
520 1193 583 1246 tum
605 1187 845 1244 nominatissimis
865 1185 1031 1244 Catholicae
1052 1185 1198 1246 Ecclesiae

0 1282 3 1289 “
109 1283 257 1360 theologis
274 1290 471 1360 recensentur,
484 1289 512 1343 et
524 1300 621 1342 sacras
639 1285 715 1341 inter
729 1283 893 1359 Scripturas
906 1291 1109 1360 numerantur,
1124 1302 1197 1362 quos

111 1399 217 1441 omnes
231 1389 261 1442 et
277 1399 331 1442 nos
343 1382 510 1457 judicamus
527 1398 589 1441 esse
603 1381 781 1458 Canonioos,
801 1389 830 1441 et
845 1398 959 1442 sacram
972 1399 1022 1442 eos
1039 1395 1102 1442 esse
1121 1383 1197 1443 Scri-

1 1465 9 1492 *
109 1486 231 1554 pturam
251 1479 433 1539 confitemur.
445 1504 457 1530 »

154 1577 301 1652 §.VILEn
314 1578 433 1637 tandem
451 1583 480 1636 et
497 1579 632 1638 sessionis
645 1577 820 1637 tridentinae
832 1595 915 1639 mens
930 1584 960 1637 et
976 1584 1108 1656 patrum,
1129 1581 1197 1639 alio

1 1664 2 1672 ’
114 1691 240 1750 rumque
258 1675 430 1752 doctorum,
446 1677 497 1751 qui
514 1678 556 1734 eis
577 1692 739 1735 successere
753 1674 789 1734 de
803 1676 903 1735 eadem
915 1693 946 1734 re
961 1691 1119 1737 consensus
1131 1681 1197 1736 uni·

0 1766 3 1773 ’
112 1772 236 1832 versalis
257 1772 349 1847 adeo,
375 1780 409 1831 ut
433 1773 507 1831 nulli
523 1772 608 1832 liceat
629 1773 666 1831 ab
686 1773 765 1832 illius
782 1776 898 1832 statutis
917 1773 1064 1832 decedere.
1087 1774 1122 1836 In
1142 1776 1198 1834 boo

1 1883 2 1887 ’
112 1873 193 1930 enim
212 1871 290 1930 illius
310 1871 455 1930 Ecclesiae
464 1871 609 1948 judicium
631 1871 753 1947 oincio,
774 1888 849 1947 quae
867 1887 936 1947 prae
957 1865 1057 1932 ceteris'
1072 1876 1197 1950 antiqui-

1 1979 12 1988 ’·
111 1975 204 2028 tatem
214 1972 318 2045 jactat,
333 1976 363 2028 et
377 1968 540 2028 doctrinam
565 1984 583 2028 a
599 1972 660 2027 stris
676 1969 879 2029 fundatoribus
897 1970 1114 2048 praedicatam,
1134 1973 1199 2030 stri·

112 2069 185 2128 etim
201 2066 385 2126 adhaerendo
401 2072 546 2142 sectatur,
564 2083 638 2142 quae
651 2083 722 2125 vera
735 2073 764 2124 et
784 2067 896 2142 divina,
911 2071 999 2144 juxta
1012 2071 1058 2126 sui
1071 2071 1198 2129 auctoris

5 2145 12 2184 ⁵
114 2166 318 2242 divinitatem,
341 2165 464 2242 singulis
481 2163 640 2240 aetatibus,
664 2166 715 2240 qui
730 2181 795 2223 eam
811 2167 986 2242 reciperent,
1006 2173 1155 2225 servarent
1170 2173 1199 2226 et

6 2266 12 2284 '
113 2265 260 2339 integram
279 2265 400 2338 posteris
419 2263 457 2322 ad
473 2263 550 2321 banc
570 2277 660 2336 usque
678 2262 755 2320 diem
774 2261 938 2338 traderent,
953 2269 1040 2322 nacta
1054 2271 1115 2339 est;
1142 2281 1195 2322 an-

1 2376 9 2384 ·
113 2363 279 2437 tiquitatem
293 2361 370 2420 illius
384 2362 457 2438 dixi,
473 2367 501 2419 et
515 2360 715 2435 stabilitatem,
729 2377 799 2419 nam
813 2361 887 2419 nulli
899 2367 1030 2420 vestrum
1044 2362 1126 2438 latet,
1142 2365 1196 2423 vix

115 2465 261 2518 tercentos
283 2476 375 2518 annos
393 2459 541 2535 evolutos,
556 2477 593 2518 ex
613 2475 671 2535 quo
687 2461 789 2518 matris
808 2466 922 2519 vestrae
941 2460 1105 2519 doctrinam
1123 2461 1199 2538 abje-

115 2559 216 2631 cistis,
231 2559 310 2615 viam
330 2559 463 2615 veritatis
478 2557 657 2632 deseruistis,
666 2564 700 2616 ut
716 2557 861 2616 erroribus
874 2559 905 2615 in
919 2558 1024 2634 quibus
1040 2562 1144 2618 misere
1157 2565 1200 2619 ta·

10 2723 12 2730 ,
113 2653 243 2731 bescitis,
253 2660 390 2730 perpetuo
401 2653 582 2714 laboraretis.
594 2655 808 2731 Recordemini,
819 2655 888 2713 lruic
898 2655 1043 2715 Ecclesiae
1053 2657 1197 2715 damnan-

114 2751 162 2828 di,
187 2768 223 2810 ac
243 2752 413 2812 absolvendi
428 2758 598 2828 potestatem
613 2754 724 2828 inesse,
738 2759 824 2828 atque
842 2752 880 2811 ad
897 2753 974 2811 banc
992 2759 1122 2829 spectare
1132 2757 1196 2830 jus,

1 2839 11 2880 ’ί
113 2847 261 2909 humanas
272 2849 419 2910 doctrinas
429 2851 588 2923 scrutandi,
599 2851 779 2927 approbandi
788 2857 931 2927 quatenus
943 2851 1105 2911 fundatoris
1116 2869 1197 2913 men·

0 2965 1 2978 ¹
114 2949 137 3007 ti
153 2947 384 3024 conformentur,
403 2949 450 3006 vel
464 2949 548 3006 aliter
561 2948 723 3007 detestandi
738 2954 766 3008 et
779 2948 948 3008 obstruendi
966 2949 1039 3008 illud
1054 2965 1104 3024 os,
1120 2947 1198 3024 quod

8 3037 12 3045 ’
115 3047 207 3120 impie
221 3046 350 3121 loquitur
366 3052 468 3104 contra
481 3046 560 3105 illius
575 3046 724 3122 dogmata.
743 3046 845 3105 Vester
859 3063 974 3123 qnoque
986 3046 1078 3123 judex
1096 3052 1139 3104 est
1150 3046 1198 3104 ille

0 3167 1 3174 ¹
115 3145 241 3219 scriptor
261 3146 398 3218 antiquus
416 3143 576 3219 Eusebius,
597 3143 634 3218 (1)
659 3160 746 3219 quem
766 3160 820 3202 vos
840 3144 916 3203 elata
937 3160 1008 3202 voce
1035 3143 1196 3202 celebratis.

1 3231 12 3259 '¹'
115 3241 200 3300 Idem
213 3257 340 3317 namque
351 3244 434 3301 istius
446 3242 591 3300 Ecclesiae
604 3241 771 3300 firmitatem
786 3241 832 3299 his
849 3241 934 3299 dictis
952 3241 1083 3299 extollit:
1102 3241 1198 3298 «Nam

1 3375 2 3380 κ
116 3342 261 3414 cumipse
277 3339 446 3415 (Christus)
463 3357 523 3399 non
544 3345 660 3398 tantum
678 3339 740 3398 lore
759 3339 950 3414 praedixerit,
972 3343 1006 3397 ut
1033 3338 1112 3413 quod
1129 3355 1198 3396 suae

116 3438 279 3497 voluntatis
302 3439 379 3514 apud
397 3455 497 3497 omnes
517 3439 639 3514 populos
652 3439 862 3497 monimentum
881 3442 1008 3511 extaret,
1031 3435 1139 3494 tradita
1161 3435 1199 3494 ab

1 3526 2 3531 ’
117 3551 153 3593 eo
168 3535 320 3612 doctrina,
340 3537 391 3596 ubi
410 3536 526 3612 degeret
536 3536 698 3595 humanum
718 3551 829 3612 genuS,
850 3535 935 3610 longe
959 3533 1073 3609 lateque
1090 3532 1201 3608 praedi·

116 3639 246 3710 caretur,
259 3650 361 3693 verum
374 3637 461 3692 etiam
478 3634 580 3692 divina
593 3636 825 3710 praesumptione
839 3633 922 3691 illam
937 3634 1043 3707 ipsam,
1058 3648 1133 3708 quae
1147 3630 1200 3689 ali·

116 3739 229 3808 quanto
249 3740 314 3808 post
335 3734 464 3810 ejusdem
483 3737 603 3792 numine
620 3752 657 3793 ex
674 3736 806 3794 omnium
824 3733 953 3810 gentium
974 3733 1110 3790 societate
1131 3747 1200 3788 oon·

118 3829 191 3889 flata
207 3837 270 3906 est,
292 3848 423 3907 quaeque
437 3848 490 3890 neo
513 3831 583 3890 dum
604 3849 638 3890 eo
662 3838 808 3907 tempore,
829 3846 887 3906 quo
907 3831 999 3889 vitam
1017 3831 1093 3887 inter
1111 3827 1201 3885 homi·

119 3944 172 3986 nes
189 3928 278 3986 bomo
293 3931 354 4004 ipse
370 3929 510 4005 degebat,
525 3929 666 3988 coaluisse
681 3928 850 4004 videbatur,
865 3927 1025 3986 Ecclesiam
1042 3926 1130 3984 nullis
1148 3940 1201 3982 un·

120 4041 211 4100 quam
233 4026 345 4085 viribus
365 4026 590 4102 expugnandam
613 4043 647 4084 ac
661 4043 698 4084 ne
723 4026 761 4085 ab
784 4028 848 4102 ipsa
864 4025 982 4102 quidem
1005 4028 1098 4082 morte
1118 4037 1201 4096 supe-

122 4124 247 4183 mildam
270 4167 541 4182 .........
561 4125 684 4178 Ἑσταίναι
701 4126 726 4178 δέ
740 4124 784 4178 ιιοιιΙ
805 4124 888 4196 μένειν
904 4122 1026 4176 ἄσειστον
1041 4163 1050 4196 ,
1067 4121 1098 4181 ὥς
1115 4117 1145 4173 οἶν
1166 4119 1205 4171 ἐπ“

147 4333 183 4398 (1)
199 4335 274 4385 Libro
290 4337 309 4384 1.
334 4337 447 4398 Praepar.
460 4338 551 4397 Evang.
562 4349 584 4384 c.
596 4337 639 4384 111.
