3094 5176
834 377 1013 426 -iion

738 581 1046 644 PROPOSITIO
1067 583 1106 642 X.

385 778 507 858 Seustatio
526 777 653 838 11111111
668 795 707 838 ea
723 777 973 840 Maubabaeorum
988 777 1155 856 sorbilare,
1161 777 1298 856 probatur
1305 781 1367 856 stain
1379 784 1408 844 is
1478 750 1479 800 ¹

427 878 596 952 brawmm,
619 881 650 936 et
666 875 896 938 abmtiaaorum
909 877 1136 955 deceptatione
1151 877 1409 960 [1111111111111
1479 864 1480 897 ¹

425 981 529 1055 cipro
547 978 672 1037 aaran
689 980 823 1037 vivorum
838 993 941 1054 preces
960 979 1168 1037 instituuntur.

425 1171 454 1247 s.
476 1173 491 1232 1
510 1172 557 1232 Ab
574 1173 704 1234 Ecclesia
723 1173 872 1234 Cntbolica
892 1173 1414 1251 1111111111*111111111111111111

385 1270 571 1332 divinitatem
583 1271 745 1332 Bibiiorum
757 1271 950 1332 Deuterorum
966 1275 1072 1332 veteris
1088 1271 1282 1346 Testamenti,
1298 1270 1360 1328 iilud
1369 1289 1415 1347 quo
1483 1314 1484 1372 ,

386 1386 444 1446 que
463 1371 610 1432 inseruere
629 1376 779 1446 sumptum
799 1387 816 1430 e
838 1373 933 1447 eapite
955 1387 1017 1429 11.
1039 1371 1107 1428 libri
1131 1369 1250 1429 secundi
1268 1368 1418 1430 blachabaso

385 1484 473 1544 rum,
493 1468 546 1528 ubi
565 1475 702 1528 narratur
721 1470 771 1544 pio
789 1471 928 1546 cogitatio
941 1469 1035 1530 dudae
1048 1469 1237 1543 Machabaci,
1254 1467 1419 1526 mittendiliie

387 1566 566 1643 rosolymam
586 1566 738 1626 duodecim
759 1567 839 1626 mille
851 1567 1007 1626 drachmas
1022 1571 1133 1644 argenti
1150 1565 1252 1626 oilerri
1265 1582 1314 1640 pro
1330 1569 1421 1639 peanis

387 1671 590 1740 mortuorum,
612 1667 697 1741 quasi
716 1665 773 1724 boc
790 1665 884 1725 Judne
904 1666 1059 1724 eonsilium
1077 1680 1187 1724 vanum
1208 1671 1239 1724 et
1250 1663 1379 1722 (11111111
1393 1664 1422 1722 di·
1486 1654 1487 1681 ¹

388 1763 475 1821 11111
491 1763 645 1838 otpairiae
659 1761 851 1822 hebraeorum
869 1764 1047 1824 institutioni
1065 1763 1141 1823 ioret
1162 1763 1214 1838 li).
1233 1761 1328 1838 Magni
1339 1762 1423 1838 quiden

387 1861 528 1919 momenti
547 1859 716 1936 hujusmodi
738 1863 870 1937 quaestio
888 1867 953 1937 est,
974 1877 1010 1921 ac
1032 1864 1130 1922 varios
1148 1859 1204 1920 sub
1223 1877 1254 1920 se
1268 1862 1374 1920 intuitu
1384 1859 1423 1920 ool·

388 1956 464 2034 llgit.
486 1957 599 2018 Idcirco
620 1959 759 2034 peculiam
779 1959 844 2018 loco
861 1959 939 2020 banc
961 1962 1061 2020 censui
1082 1958 1311 2036 expendendam.

429 2057 509 2117 llaec
535 2057 572 2118 de
589 2061 765 2134 expiationis
781 2057 940 2136 doctrina,
960 2059 1151 2119 hebraeorum
1175 2065 1305 2117 veterum
1322 2056 1377 2116 iidei
1391 2059 1425 2114 rai

389 2159 468 2218 nime
488 2157 680 2233 contradicit,
703 2159 810 2234 quippe
833 2159 884 2233 qul
906 2163 1002 2217 cetera
1025 2159 1140 2216 1111111
1154 2155 1426 2230 immortalitates

389 2256 601 2330 surrectionis,
622 2257 701 2316 vitae
720 2261 875 2332 automno,
897 2258 1055 2332 impiorum
1078 2262 1107 2316 et
1124 2259 1274 2332 justorum
1287 2251 1426 2327 staundog·

389 2357 470 2412 mata
486 2368 504 2411 1
522 2353 625 2428 primis
648 2353 802 2414 bominum
823 2353 967 2414 oeuubm
988 2353 1074 2414 firma
1097 2360 1239 2428 tenuere,
1259 2354 1291 2410 in
1308 2350 1427 2426 qubus

390 2449 440 2508 bic
466 2448 608 2510 11111111
632 2453 736 2512 merito
759 2451 976 2513 enumerandus
999 2457 1054 2512 esi.
1085 2451 1193 2510 Omnes
1206 2467 1237 2510 va
1257 2450 1315 2509 lieo
1333 2447 1430 2524 pntibu

389 2547 485 2608 laetae
495 2551 722 2626 promissiones,
738 2549 857 2610 illorum
873 2549 1051 2628 symbolicae
1064 2551 1281 2624 institutiones,
1296 2549 1370 2606 varia
1379 2545 1432 2604 oble

388 2649 524 2723 tionum,
543 2653 572 2707 ei
583 2649 784 2724 expletionum
798 2665 923 2726 genera,
942 2665 976 2708 ac
990 2651 1145 2725 praecipue
1155 2647 1191 2707 de
1206 2647 1330 2706 Messias
1338 2644 1433 2704 aditus

389 2761 476 2820 spos,
497 2743 608 2805 frastra
629 2746 744 2823 expleta
761 2753 879 2824 essem,
900 2749 957 2806 nisi
974 2746 1034 2806 ilde
1048 2747 1184 2807 roborato
1195 2749 1311 2806 animae
1323 2745 1433 2805 hammus

390 2842 640 2918 immortalitatis,
662 2851 692 2904 et
709 2846 787 2904 vitae
808 2851 962 2921 aeternae,
983 2853 1018 2906 nt
1038 2845 1110 2905 olibi
1130 2847 1243 2906 notavi.
1267 2845 1303 2902 Et
1322 2840 1433 2918 bocpul·

388 2945 434 3000 ter
453 2939 602 3017 socom,
624 2947 653 3000 et
670 2941 796 3017 probant
814 2943 985 3004 adversarii.
1006 2945 1132 3022 Ideoque
1151 2947 1244 3021 gratis
1262 2939 1435 3002 laboraremin

389 3038 446 3098 bac
462 3054 563 3098 eoram
579 3041 622 3099 eis
635 3041 841 3117 ρει-1111111111
857 3045 1038 3118 quaestione.
1058 3043 1188 3102 Tantum
1205 3058 1278 3102 vero
1295 3035 1435 3100 11111111

389 3136 461 3198 dum
483 3145 614 3213 superest
624 3179 634 3213 ,
657 3140 832 3215 expiationis
852 3139 949 3201 locum
969 3143 1001 3200 in
1023 3141 1115 3200 altera
1136 3142 1221 3216 vita,
1244 3138 1375 3198 hebraeos
1391 3139 1437 3192 aaa

388 3241 419 3294 et
437 3243 504 3310 post
525 3234 688 3297 salvatoris
709 3237 869 3298 advemum
894 3237 979 3298 iirme
997 3244 1120 3313 tenere3
1142 3255 1177 3298 ac
1198 3252 1262 3297 una
1283 3237 1386 3296 animas
1402 3229 1438 3288 bi

294 3319 298 3330 ’
389 3335 502 3395 minum
515 3338 548 3394 in
560 3353 594 3395 eo
607 3338 741 3413 expiari,
756 3337 930 3413 easdemque
942 3337 1036 3397 levari
1051 3339 1142 3397 variis
1154 3339 1294 3396 vivorum
1308 3330 1437 3405 satrapa·

389 3433 426 3493 Et
445 3451 483 3494 ex
502 3434 559 3494 boc
584 3439 703 3512 majoris
728 3439 870 3496 momenti
894 3436 966 3497 lieni
987 3435 1079 3496 verba
1099 3435 1365 3507 Maenobaeomm,
1386 3441 1440 3504 quit

388 3532 577 3608 disquirenda
589 3551 745 3612 aggressus
759 3551 837 3611 sum,
855 3551 1006 3612 quaeque,
1021 3551 1089 3594 oum
1104 3535 1212 3608 scripta
1228 3533 1289 3591 sint
1305 3529 1396 3589 aviris
1406 3524 1440 3581 be

389 3629 500 3708 brasis,
525 3633 700 3711 ostendunt,
722 3651 772 3694 eos
796 3633 973 3711 credidisse,
995 3649 1030 3694 ac
1051 3632 1256 3708 comprobasse
1276 3630 1353 3690 huna
1368 3626 1442 3700 expia·

388 3731 478 3789 tionis
497 3730 594 3792 locum
614 3735 646 3792 ln
667 3733 759 3792 altera
778 3735 851 3792 vita
868 3732 991 3808 Insuper
1005 3735 1037 3791 in
1053 3731 1142 3809 hujus
1161 3731 1329 3808 argumenti
1346 3725 1442 3784 irmu-

387 3833 448 3887 tem
468 3829 597 3908 addam,
618 3831 695 3890 hane
715 3831 907 3892 hebraeorum
925 3831 1090 3890 doctrinam
1103 3831 1134 3888 in
1158 3828 1321 3888 1111111111
1338 3822 1442 3884 christia

389 3939 458 3984 nam
478 3931 690 4006 pertransisse,
712 3929 750 3988 ab
761 3928 910 4005 Apostolis
929 3935 1045 4005 ratam,
1067 3943 1085 3987 a
1105 3929 1165 3988 suis
1186 3923 1338 4002 discipulis
1356 3935 1387 3980 ae
1401 3919 1443 3992 pri·

388 4027 500 4084 maevis
523 4025 656 4103 patribus
681 4033 856 4104 acceptam,
877 4025 1002 4104 indeque
1026 4029 1057 4088 in
1086 4025 1155 4085 orbe
1180 4023 1350 4097 catholico,
1376 4013 1444 4076 nulii

388 4122 585 4202 obstantibus,
605 4125 770 4202 probatam.

415 4316 449 4380 (1)
465 4317 555 4368 Corricr
570 4333 621 4382 piar.
635 4321 654 4369 i.
666 4334 689 4382 p.
702 4327 737 4368 11.
751 4319 773 4380 §.
788 4323 831 4370 lli.
845 4335 869 4370 n.
890 4329 911 4370 1.
