3022 5178
539 399 719 452 -225-

88 513 135 572 dis
153 519 252 572 autem
272 511 355 572 libris
374 510 462 588 hujus
475 512 660 585 testamenti,
679 509 757 586 quod
770 511 812 569 ita
825 508 1036 586 appellavimus
1050 527 1087 570 ex
1101 527 1170 570 con-

87 611 243 670 suetudine
259 611 425 686 Ecclesiae,
442 609 652 685 distinguentes
669 611 766 684 ipsum
787 623 918 683 anovo,
935 608 971 667 de
990 624 1048 684 quo
1071 624 1172 668 sumus

1 733 2 736 ¹
86 710 203 784 acturi,
222 710 306 780 varii,
318 709 402 768 uaria
418 706 628 782 prodiderunt,
650 712 775 782 suntque
788 706 866 780 apud
878 722 933 764 nos
946 709 978 764 in
998 709 1172 767 auctoritate

1 815 2 818 ’
86 805 155 864 libri
174 807 261 865 multi
280 810 342 882 ejus
361 806 538 878 voluminis,
560 807 612 880 qui
633 803 824 862 nihilominus
842 803 880 862 ab
896 803 1028 862 hebraeis
1051 821 1110 862 non
1128 821 1174 863 re-

1 898 2 910 ’
85 907 247 980 cipiuntur.
266 929 278 955 υ
299 904 379 963 Bene
402 910 525 962 noverat
557 903 643 962 Picus
684 901 848 978 Scripturas
875 901 1173 962 Deuterollanonicas

84 1008 118 1061 ut
137 1001 256 1062 diuinas
280 1001 387 1060 habere
405 1001 565 1059 Ecclesiam
584 1000 661 1058 idem
689 1015 724 1058 ao
748 999 1024 1075 Proto-Canonicas,
1044 1005 1173 1060 attamen

83 1099 208 1177 Lyrano
224 1100 400 1174 obsecutus,
419 1105 448 1158 et
467 1097 616 1158 nonnullis
636 1099 808 1174 Hieronymi
822 1101 1017 1174 testimoniis,
1036 1115 1111 1174 quae
1124 1116 1173 1174 pa·

3 1221 8 1228 ·
83 1215 153 1258 rum
173 1198 330 1275 discrevit,
349 1201 431 1258 visus
449 1204 494 1256 est
512 1197 726 1275 quodammodo
746 1196 961 1272 scripturarum
980 1196 1172 1256 Deuterarum

1 1291 12 1327 ⁶
82 1298 194 1355 veteris
215 1295 338 1354 foederis
362 1298 528 1354 auctoritati
557 1295 718 1354 detrahere.
743 1293 900 1370 Prologum
920 1297 998 1352 enim
1018 1295 1172 1355 Galeatum

1 1389 12 1478 [²
82 1393 148 1453 divi
166 1395 296 1470 ejusdem
324 1393 496 1472 Hieronymi
525 1395 748 1468 interpretatus,
769 1393 905 1468 illiusque
925 1391 1042 1451 Conone
1062 1397 1171 1453 censita

8 1487 12 1497 '
81 1491 229 1551 librorum
244 1492 411 1550 divinorum
431 1507 553 1550 numero
575 1493 681 1567 uiginti
699 1495 728 1550 et
745 1490 870 1549 duorum
883 1533 892 1565 ,
907 1489 1004 1554 addit:
1024 1515 1036 1540 «
1047 1491 1085 1549 Hl
1100 1499 1170 1552 sunt

6 1588 12 1624 l
81 1605 159 1666 quos
178 1606 234 1666 pro
255 1589 408 1648 Canonicis
426 1589 528 1648 haberi
548 1589 585 1647 ab
605 1589 737 1646 hebraeis
756 1594 964 1648 commemorat
982 1597 1099 1648 sanctus
1118 1591 1169 1649 do-

1 1682 14 1722 ῖ
82 1695 169 1764 ctor,
194 1703 373 1764 quamquam
395 1690 538 1746 anostris
557 1687 641 1745 aliter
659 1693 885 1745 numerentur.»
907 1687 1017 1746 Deinde
1036 1691 1173 1763 proponit

1 1783 15 1820 '·
81 1786 158 1844 alios
177 1783 479 1844 Deutero-Canonicos
493 1787 581 1859 juxta
593 1784 766 1860 Hieronymi
786 1783 894 1842 ibidem
911 1783 1011 1841 verba.
1029 1785 1170 1856 Quamvis

10 1881 14 1918 '·
80 1885 206 1960 insuper
224 1883 302 1942 idem
322 1881 427 1957 Picus,
453 1882 598 1941 Ecclesiae
620 1882 757 1958 judiciis,
788 1882 835 1941 vel
862 1881 985 1941 decretis
1007 1885 1170 1942 necessario

1 2006 16 2020 ψ
78 1981 260 2042 credendum
276 1997 356 2058 esse,
371 1979 488 2058 probet,
503 1986 532 2039 et
552 1984 640 2040 veteri
654 1997 788 2056 novoque
806 1985 995 2056 testamento,
1015 1997 1050 2039 ae
1066 1983 1166 2058 singu·

79 2079 116 2140 lis
133 2097 238 2140 eorum
258 2082 408 2140 sententiis
425 2079 660 2155 adhaerendum,
675 2095 750 2155 quae
763 2081 862 2136 anania
876 2077 1005 2137 Ecclesia
1025 2081 1089 2153 ipsa
1102 2081 1168 2137 uni-

14 2202 18 2214 ·
77 2195 168 2238 versa
186 2179 313 2254 recepit,
332 2178 485 2254 probavit,
504 2190 635 2254 quaeque
653 2176 814 2252 credenda,
834 2175 1073 2251 observandaque
1086 2193 1169 2235 mau-

79 2275 185 2352 davit3
210 2281 338 2336 attamen
365 2279 446 2336 visus
467 2283 511 2334 est
533 2275 619 2334 Picus
636 2292 697 2333 non
715 2276 786 2333 satis
803 2274 976 2350 Hieronymi
996 2274 1087 2332 verba
1107 2277 1169 2333 ani-

1 2371 17 2414 l‘
79 2373 295 2450 madvertisse,
316 2375 402 2432 sicuti
423 2389 476 2432 suo
494 2373 558 2432 loco
580 2378 714 2432 notatum
730 2379 792 2448 est,
811 2377 839 2431 et
853 2371 993 2447 firmiter,
1016 2371 1063 2432 vel
1081 2375 1169 2432 nimis

80 2473 228 2547 strictim,
247 2477 276 2530 et
294 2470 457 2530 inconsulto
479 2471 652 2547 Hieronymi
678 2469 807 2547 ejusdem
833 2471 998 2530 adhaesisse
1020 2473 1170 2530 sententiis

1 2575 4 2596 ¹
78 2586 142 2629 nou
157 2569 254 2644 aliter,
268 2583 358 2644 quam
372 2568 507 2646 Lyranus
521 2575 550 2628 et
562 2569 711 2646 nonnulli,
726 2571 777 2644 qui
794 2567 895 2627 eadem
908 2568 968 2627 fere
985 2575 1078 2628 aetate
1088 2572 1168 2628 vixe-

7 2653 14 2679 '⁵
79 2673 164 2746 runt,
180 2683 258 2744 quaa
271 2669 370 2726 omnia
383 2667 470 2744 paulo
483 2673 549 2743 post
560 2665 771 2726 Reformationi
789 2666 956 2743 adjumento
971 2667 1063 2744 fuere,
1081 2685 1169 2744 quae·

80 2782 139 2841 que
157 2763 248 2824 simul
268 2771 365 2842 patres
385 2765 557 2823 tridentinos
572 2781 706 2841 movere,
724 2766 803 2823 utin
817 2766 940 2824 coneilio
959 2763 1048 2824 iidem
1067 2783 1169 2826 rursus

1 2923 2 2926 ,
83 2862 239 2921 decretum
259 2869 433 2922 renovarent
452 2862 488 2920 de
506 2877 590 2921 sacro
609 2862 751 2920 librorum
768 2861 901 2939 canone,
924 2863 1171 2940 quemadmodum

0 2961 18 3004 -2
81 2962 249 3037 antiquitus
263 2961 295 3018 in
313 2960 443 3021 Ecclesia
458 2966 539 3020 ratus
554 2967 745 3037 acceptusque
757 2960 863 3038 fuerat,
873 2963 917 3020 uti
931 2963 1019 3037 paulo
1036 2966 1169 3039 posterii

82 3057 255 3118 dicendum.

1 3157 2 3170 ²
118 3155 259 3214 XXXIX.
277 3154 451 3232 Priusquam
464 3172 534 3215 vero
549 3156 586 3214 ab
603 3155 650 3214 his
666 3172 776 3215 cessem
789 3157 1053 3233 disquisitionibus,
1065 3164 1168 3216 notam

5 3257 17 3296 '³‘
78 3269 137 3329 par
158 3255 232 3329 erit,
248 3269 383 3330 graecam
405 3255 556 3313 ecclesiam
574 3255 729 3314 schismate
747 3255 948 3332 alongissimo
963 3271 1036 3313 aevo
1051 3271 1169 3331 praeoc-

78 3357 220 3427 cupatam
242 3368 343 3411 omncs
364 3351 528 3427 Scripturas
547 3353 637 3412 libros
657 3353 957 3413 Dantem-Canonicos
971 3370 1069 3413 sacros
1083 3355 1169 3415 habe·

0 3485 1 3488 =
80 3466 113 3508 re
136 3465 171 3508 ac
185 3452 337 3526 uenerari,
354 3451 489 3527 illiusque
505 3453 658 3527 scriptores
676 3454 842 3529 saepissime
861 3455 921 3511 suis
941 3453 1076 3528 operibus
1092 3456 1168 3512 inse-

6 3557 16 3572 ’
79 3549 177 3606 ruisse
195 3546 301 3606 harum
321 3545 537 3624 seripturarum
558 3552 766 3609 testimonium.
791 3550 854 3609 Hoc
872 3557 969 3609 autem
993 3554 1069 3610 inter
1094 3553 1168 3612 alios

1 3676 17 3720 ,1
78 3643 290 3704 animadvertit
309 3643 475 3705 Ackermau
497 3664 551 3706 sua
568 3647 784 3708 introductione
803 3649 841 3708 ad
860 3649 950 3708 libros
971 3665 1069 3708 sacros
1089 3657 1166 3710 vete·

77 3743 119 3803 ris
139 3743 387 3819 foedes-musitae
407 3745 578 3806 academicis
598 3747 828 3824 accommodata,
847 3748 978 3808 Viennae
999 3756 1086 3808 1825.
