3094 5184
598 349 639 363 ..
658 329 696 380 ⁴³
719 351 759 364 ..

139 433 227 494 datae
247 440 325 494 sunt.
351 433 463 494 Pariter
482 434 616 496 Clemens
637 436 865 514 alexandrinus,
892 407 1031 514 quibis,
1052 439 1084 496 ni
1105 438 1214 516 iallor,

135 531 332 608 Philopatoris
352 535 529 593 mentionem
552 533 640 610 iecit,
675 535 712 594 de
731 535 788 595 bac
808 535 933 596 historia
955 552 992 595 ne
1012 536 1135 596 verbum
1152 539 1216 613 qui·

137 631 216 691 dem.
240 629 379 708 Origenes
398 634 449 708 qul
464 648 534 709 prae
544 633 679 692 manibus
697 633 824 694 babebat
841 633 953 694 codices
973 633 1217 696 Bibllornuianti·

137 731 296 806 qnissimos
315 737 363 790 70.
381 731 569 806 interpretum
586 746 621 789 ac
633 731 773 806 plurimos
802 731 874 791 allos
897 731 1007 820 legerat
1026 731 1218 810 undequaque

12 839 13 872 1
140 835 296 904 sumptos,
320 828 357 887 de
379 827 453 886 libro
476 829 563 887 unio
585 827 831 888 blachabncomm
853 842 904 888 seu
923 827 961 888 dc
980 826 1102 887 historia
1121 827 1218 888 Philo-

138 928 270 1002 patoris,
292 943 385 1004 neque
406 928 482 985 inter
500 926 682 1004 apocryphos
700 925 805 1003 libros,
827 941 900 1003 qnos
918 926 1074 987 nonnullos
1090 927 1215 1003 censuit,

12 1033 18 1070 ἰ
136 1023 212 1085 nibil
233 1027 345 1101 innuit3
372 1023 451 1104 quod
462 1023 548 1084 valde
566 1025 733 1086 mirandum
753 1032 817 1101 est,
838 1039 905 1087 cum
925 1031 1022 1086 esseut
1042 1023 1128 1084 ambo
1149 1025 1212 1085 Cle·

12 1171 15 1188 ,
135 1137 220 1180 meas
241 1126 271 1180 ct
296 1118 435 1198 Origenes
455 1123 583 1198 aegyptii
602 1127 632 1181 at
652 1137 749 1182 rerum
774 1125 975 1200 aegyptiarum
1003 1125 1099 1200 periti.
1134 1123 1215 1183 Idem

13 1213 17 1227 '
135 1216 294 1277 dicendum
313 1219 368 1277 erit
387 1217 423 1276 de
441 1223 545 1294 quarto
565 1216 810 1278 Machabacorum
830 1219 916 1296 libro,
931 1219 1002 1280 dnm
1014 1224 1102 1297 juxta
1124 1219 1216 1280 verba

16 1358 22 1372 .
135 1315 178 1376 ibi
199 1317 294 1394 capita
316 1316 443 1377 secundo
470 1316 562 1376 relata
584 1315 896 1400 «uddubaecttoncm
922 1316 1025 1380 wreus
1044 1319 1212 1379 secundm»

137 1413 255 1474 videtur
277 1415 399 1491 scriptor
420 1415 497 1475 banc
514 1418 657 1476 instruere
677 1415 829 1476 idstoriam
847 1417 1049 1493 posttempll,
1070 1423 1101 1477 et
1114 1417 1215 1478 Hiero-

134 1512 318 1590 solymorum
334 1515 512 1574 eversionem
526 1513 580 1574 sub
593 1514 659 1574 Tito
673 1515 872 1592 Vespasian03
891 1517 934 1574 sic
947 1531 1065 1593 quoque
1081 1515 1215 1576 sebasten

13 1613 16 1620 ’
136 1627 190 1688 pro
213 1609 363 1689 Samaria,
385 1617 414 1672 et
434 1611 570 1688 Neapolis
588 1628 641 1688 pro
662 1612 777 1673 Slchem
797 1615 937 1691 nomina,
963 1613 1051 1693 hujus
1073 1614 1140 1675 libri
1161 1630 1212 1674 au·

135 1714 247 1768 ctorem
269 1709 306 1768 ad
331 1711 423 1770 serlus
445 1717 511 1786 post
532 1709 678 1770 Christum
698 1727 803 1772 aevum
822 1715 984 1773 remittunt.
1011 1711 1065 1773 llis
1089 1713 1214 1773 addatur

137 1806 375 1867 contradictionis
395 1824 511 1886 sermo,
543 1811 594 1884 qni
614 1809 651 1868 ab
677 1809 733 1868 hoc
757 1809 833 1870 libro
852 1812 999 1886 resurgit,
1032 1811 1131 1870 alteris
1156 1824 1216 1870 am·

18 1924 24 1966 t
135 1903 229 1964 bobus
249 1909 279 1964 et
292 1907 424 1982 genuinis
440 1905 597 1983 scripturis
611 1923 620 1983 3
636 1909 781 1983 etiamque
793 1909 952 1967 renuntias
972 1907 1046 1967 aliae
1064 1909 1214 1984 oppositae

137 1999 393 2062 Proto-Canonicis
410 2002 513 2079 libris,
538 2001 674 2063 ialsltatls
690 2003 769 2062 hunc
787 1993 893 2062 librum
917 2008 1063 2080 arguunt,
1086 2017 1121 2062 ac
1138 2003 1215 2061 inter

137 2103 246 2180 scripta
258 2105 358 2179 spuria
371 2095 557 2180 relinquunt,
583 2104 669 2162 sicuti
683 2108 712 2162 et
725 2101 794 2160 lecit
807 2101 1039 2177 Philostorglus,
1063 2103 1115 2177 qui
1129 2103 1214 2160 initio

20 2223 26 2264 r
138 2198 207 2260 iibri
218 2201 306 2277 primi
313 2199 459 2259 Historiae
477 2199 706 2275 Ecclesiasticus,
725 2201 865 2274 scriptum
885 2198 942 2258 hoo
954 2197 1110 2274 improbet,
1125 2213 1210 2257 mou·

12 2255 15 2275 *
137 2303 286 2358 sunosnm
301 2297 375 2358 illud
387 2298 553 2376 appellans,
579 2296 716 2374 quodqure
728 2295 802 2356 nihil
816 2301 939 2373 narrat,
968 2295 1047 2372 qnod
1061 2295 1156 2355 simile
1174 2297 1213 2355 sit

12 2457 22 2484 ιχ
138 2393 215 2454 libro
227 2396 332 2471 primo.

176 2493 220 2552 lle
232 2493 308 2553 libro
321 2493 401 2553 Enoc
430 2493 531 2570 (cutus
545 2492 601 2552 bac
611 2499 758 2569 postrema
771 2497 865 2554 aetate
881 2495 912 2552 ln
921 2492 1081 2572 Abyselnia
1100 2491 1214 2552 codices

137 2591 273 2652 nonnulli
293 2591 393 2669 lingua
406 2590 567 2668 aethiopica
584 2589 732 2667 descripti,
747 2589 904 2667 Ludolpht,
926 2605 961 2649 ac
978 2589 1070 2648 Brucc
1082 2604 1153 2648 cura
1172 2591 1216 2648 in·

138 2689 218 2748 uenti
238 2696 327 2767 snat,
349 2705 384 2749 ac
396 2689 504 2765 publici
519 2689 596 2766 juris
615 2687 685 2750 lacti
705 2689 795 2748 variis
815 2689 846 2747 in
866 2689 999 2765 Europae
1018 2685 1209 2764 sermonibus)

137 2790 312 2847 mentionem
332 2793 423 2865 agunt
450 2786 570 2864 quidam
594 2789 706 2864 antiqui
728 2786 873 2846 Ecclesiae
898 2793 1023 2863 patres,
1047 2784 1208 2862 inquibus

11 2913 13 2920 v
138 2885 349 2962 Tertullianus,
367 2892 396 2946 et
413 2883 552 2962 Origenes
566 2885 726 2961 speciatim.
746 2883 855 2944 Serlem
868 2883 998 2944 continet
1015 2885 1159 2944 visionum
1174 2883 1210 2942 dc

15 3044 24 3062 ,
138 2981 318 3060 Angelorum
330 2982 433 3061 lapsu,
463 2982 499 3042 da
520 2983 638 3043 illorum
659 2984 852 3058 posteritate,
881 2981 917 3040 de
940 2980 1132 3058 gigantibus,
1158 2982 1210 3055 qui

20 3117 25 3160 2
138 3081 169 3138 in
183 3096 273 3140 causa
288 3080 406 3142 buerunt
421 3080 545 3155 diluvii,
575 3079 611 3138 de
625 3077 771 3138 caelorum
790 3079 958 3155 mysteriis,
979 3077 1092 3136 deloco
1110 3075 1215 3152 judicii
1323 3135 1325 3146 ,

138 3175 258 3255 finalis,
279 3184 308 3238 et
328 3179 364 3238 de
384 3180 495 3238 ceteris.
520 3175 610 3236 Stilus
625 3175 753 3252 ejusdem
775 3173 950 3251 propheticis
971 3172 1099 3232 Danielis
1114 3171 1214 3232 verbis

11 3355 12 3360 ἵ
140 3275 350 3336 conformatur.
367 3275 532 3337 bichardus
544 3275 737 3351 Laurentius,
761 3271 867 3334 Oxonii
881 3275 978 3349 regius
994 3271 1146 3331 hebraicae
1161 3270 1216 3330 lin-

11 3425 12 3460 3
140 3389 215 3450 guae
228 3372 374 3451 prolcsscr
394 3380 460 3449 post
472 3379 640 3433 accuratum
664 3373 695 3430 ln
718 3371 797 3431 hunc
811 3371 918 3430 librum
933 3368 1085 3447 studium,
1113 3371 1216 3429 statuit

140 3471 231 3548 istud,
246 3487 320 3550 opus
337 3487 400 3532 csse
412 3471 562 3550 cujusdam
577 3469 694 3530 hebraei
709 3511 718 3547 ,
733 3471 785 3546 qni
799 3469 878 3528 Enoc
892 3484 998 3529 nomen
1014 3467 1061 3543 (in
1074 3468 1215 3542 potiorem

139 3567 229 3646 hujus
255 3570 354 3645 scripti
376 3569 592 3645 anctoritatem)
615 3567 672 3628 sibi
693 3567 878 3643 vindicavit,
913 3583 948 3626 ac
971 3564 1130 3624 condatum
1152 3579 1215 3624 esse

140 3671 209 3725 anta
222 3665 329 3725 Christi
342 3672 450 3742 orbun,
467 3668 626 3742 imperante
641 3665 766 3741 llerodc,
779 3665 939 3741 nonagmta
953 3679 1005 3722 sex
1019 3677 1112 3723 annos
1120 3664 1214 3737 prius·

11 3811 21 3838 ,
139 3777 230 3839 mam
251 3763 343 3824 Judac
355 3762 477 3840 epistola
491 3765 598 3839 scripta
613 3762 697 3824 ioret.
727 3761 789 3840 ligo
802 3778 872 3822 vero
895 3777 954 3822 non
975 3761 1061 3837 longe
1078 3761 1215 3820 sentirem

11 3839 19 3854 ’
139 3859 198 3920 boc
211 3875 285 3937 opus
298 3867 397 3938 utpote
413 3877 450 3921 cx
464 3861 522 3919 illis
538 3860 852 3936 ajudaeochristlanis
867 3859 1019 3936 conllctis,
1040 3864 1069 3917 et
1081 3859 1153 3918 novi
1168 3872 1216 3916 ve·

11 4008 19 4048 ,
139 3959 268 4036 terisque
282 3957 460 4019 Testamenti
475 3959 557 4018 libris
569 3960 773 4018 concinnatum
778 3962 865 4035 Juxta
877 3963 992 4033 patrum
1004 3956 1213 4028 testimonium,

140 4062 175 4116 ut
200 4071 291 4134 nuper
314 4055 400 4135 dlxi,
429 4059 460 4115 iu
484 4055 642 4116 Ecclesiam
665 4057 844 4131 primaevam
874 4054 1099 4128 subintroilssc,
1129 4057 1215 4126 atque

140 4169 178 4212 ex
203 4151 258 4214 hoc
280 4153 343 4214 llcri
363 4155 490 4231 potuisse
518 4169 577 4212 non
603 4151 709 4212 ludam
730 4153 900 4228 Apostolum
925 4169 962 4212 ex
979 4151 1034 4210 hoc
1049 4148 1215 4225 apocrypho

146 4250 222 4310 libro
244 4251 333 4314 verbu
348 4251 446 4329 aitqua
460 4251 615 4328 delegisse,
640 4247 720 4310 sede
735 4257 836 4312 conus
849 4249 1002 4312 subdolum
1019 4254 1167 4308 auctorem
1177 4261 1215 4308 ea
