3094 5184
823 323 981 374 ...44-

360 435 447 512 hujus
462 433 584 512 epistola
600 434 759 492 sententias
772 431 944 516 colleghae,
965 439 995 492 et
1007 447 1076 492 suos
1091 432 1241 494 adauxisse
1258 447 1392 504 mamma.
1480 398 1481 480 i

360 536 418 594 tios
431 549 589 592 sermones.
610 532 732 591 Etiamsi
741 529 860 590 tandem
871 530 1021 608 Origenes,
1037 533 1100 590 sine
1111 529 1312 607 Scripturamm
1320 540 1395 618 titula,
1481 506 1482 594 i

359 631 516 707 aliqrmndo
537 631 616 689 dicta
642 629 786 706 maedam
808 629 896 706 hujus
918 629 985 688 libri
1009 629 1091 688 Enoc
1115 632 1267 707 citaverit,
1294 640 1394 697 attamen

360 727 431 787 ahhi
443 733 546 788 eontra
561 726 676 787 Celsum
691 729 751 786 ait:
778 751 790 777 ι
808 727 864 786 llic
876 728 966 803 enim,
989 725 1102 803 Celsen,
1128 745 1182 788 nec
1197 729 1293 806 legisse
1302 749 1398 794 necno

360 828 439 884 visse
451 825 568 884 videtur
580 825 670 884 libros
683 825 764 884 Enoc
777 827 942 901 inscriptos,
956 826 988 884 ln
1002 825 1129 885 ecclesiis
1143 843 1203 886 non
1215 831 1358 890 omninout
1366 833 1400 892 ti·

363 925 448 984 vinos
458 923 617 999 judicari.»

399 1021 480 1094 Quas
499 1023 664 1081 censuimus
687 1021 724 1081 de
748 1027 889 1097 anemae,
919 1028 949 1081 et
977 1028 1090 1098 aetam,
1119 1025 1330 1082 mansionata
1349 1024 1403 1084 llhri

354 1117 435 1178 Enoc
459 1126 626 1194 repetantur
651 1119 688 1179 ‹la
711 1120 804 1178 altero
831 1119 971 1195 opusculo
996 1119 1243 1196 pseudepigrapha
1262 1149 1273 1164 ·
1294 1121 1404 1182 Ascemio

361 1215 460 1276 Isaiae
480 1218 559 1275 votis
574 1223 752 1292 nuncupato.
775 1215 906 1276 liabetur
924 1218 1002 1275 enirn
1015 1216 1071 1276 hoe
1084 1233 1157 1292 opus
1169 1223 1204 1276 ut
1217 1220 1324 1292 spurius
1333 1220 1406 1294 ignoti

355 1313 457 1390 judaei
474 1313 585 1388 iusim,
607 1315 725 1373 ineunte
738 1314 785 1372 vel
803 1314 952 1374 desinente
965 1315 1081 1373 saeculo
1094 1313 1202 1373 Christi
1215 1316 1321 1392 paruo,
1338 1331 1407 1391 men

361 1427 454 1486 nuper
480 1411 642 1470 celebratus
654 1411 829 1471 Laurentius
850 1413 1054 1488 interpretatus
1075 1429 1112 1471 ex
1136 1411 1294 1488 aethiopica
1314 1415 1342 1470 in
1357 1413 1407 1471 lati·

359 1525 430 1568 nam
442 1511 625 1582 versionem,
651 1515 681 1568 et
695 1509 899 1586 anglicanam,
914 1510 1023 1585 publici
1027 1513 1104 1585 jnris
1119 1509 1209 1585 iecit,
1222 1508 1323 1568 Oronii
1336 1515 1406 1568 tati.

360 1604 527 1665 Doctrinam
550 1612 681 1664 vctmum
695 1605 888 1666 hebraeorum
905 1623 973 1666 cnm
994 1606 1154 1667 christiana
1166 1609 1299 1666 amhenit
1311 1612 1407 1683 annom

359 1709 390 1762 et
416 1703 509 1762 muta
528 1703 569 1762 ihi
594 1703 739 1778 descripta
760 1705 897 1764 videntur
914 1705 1066 1764 aloannia
1079 1704 1214 1780 Apostoli
1232 1702 1409 1782 Apocalypsi,
1492 1775 1493 1780 γ

360 1800 399 1859 oh
415 1816 507 1876 quae,
528 1803 604 1860 sicut
616 1802 689 1860 alter
703 1801 804 1878 Enoc,
834 1803 943 1862 nulllus
971 1804 1151 1862 auctoritatis
1175 1802 1215 1862 ab
1235 1801 1408 1861 omnihusae·

361 1900 497 1958 stimatnr
518 1898 567 1957 hic
590 1898 691 1976 liber,
728 1901 815 1958 sicutl
840 1900 1038 1977 Hieronymus
1063 1900 1095 1958 ln
1117 1906 1206 1975 eaput
1223 1907 1272 1958 os.
1293 1899 1412 1959 hasale

361 1997 439 2056 illius
456 2004 549 2056 morte
570 2013 620 2072 per
639 2013 750 2057 serram
770 2013 789 2056 a
799 1998 915 2074 judaeis
933 2005 1069 2074 patrata,
1088 1997 1161 2057 haee
1181 2000 1242 2057 ait:
1266 2021 1279 2048 ι
1294 1997 1413 2057 Asomsio
1495 2059 1496 2062 ,

360 2095 471 2170 Isaiae,
484 2102 514 2154 et
526 2095 718 2173 Apocalypsis
731 2097 812 2156 Eliae
825 2097 881 2155 hoc
892 2097 1002 2156 hahent
1013 2099 1234 2173 testimoninm,
1255 2103 1284 2156 et
1294 2113 1341 2173 per
1350 2096 1413 2156 hano
1496 2122 1497 2150 i

360 2196 542 2252 omasiomm
559 2237 568 2269 ,
592 2195 743 2270 multaque
757 2194 984 2271 hujusumodi,
1005 2195 1215 2270 Hispaniarum
1230 2201 1260 2254 et
1271 2194 1414 2254 Lusitaniae

360 2292 496 2366 ‹lmeptae
514 2297 584 2350 sunt
603 2291 791 2352 mulierculae
809 2299 946 2352 oneratae
965 2295 1121 2369 peccam.»
1153 2293 1191 2352 Et
1210 2296 1255 2352 sic
1273 2293 1309 2352 ‹le
1330 2295 1413 2352 caah

360 2389 536 2468 apocryphis
556 2396 585 2450 et
605 2390 703 2449 nothis
723 2389 881 2466 Scripturis
900 2390 1056 2449 dicendum
1075 2392 1150 2465 erit,
1177 2407 1302 2468 quaram
1325 2390 1414 2466 pisae

360 2503 418 2564 quc
434 2490 605 2564 perierunt,
626 2488 819 2566 quarumdem
838 2505 909 2548 vero
928 2488 1093 2565 hagmenta
1115 2494 1236 2548 tantum
1254 2490 1416 2564 superum

360 2586 398 2644 ile
417 2586 523 2662 quibem
543 2588 694 2662 speciatim
714 2589 775 2663 egit
794 2586 934 2646 libemus
951 2585 1104 2650 Fabricius
1116 2589 1148 2645 in
1159 2586 1248 2662 libro,
1268 2588 1316 2646 eni
1332 2586 1415 2645 titulus
1500 2613 1501 2622 2

360 2683 481 2742 -Codex
500 2684 772 2760 Psendepigraphus
792 2687 898 2744 veteris
917 2685 1096 2744 Testamenti
1122 2684 1287 2762 collectus,
1317 2689 1345 2746 et
1367 2685 1416 2742 ani-

360 2780 613 2841 madversionibus
626 2782 814 2857 illustratus,
835 2782 997 2858 llambargi
1014 2791 1101 2841 1741.
1113 2814 1126 2826 -
1145 2782 1253 2858 Nunc,
1274 2783 1418 2842 lacoras

355 2878 643 2956 jnde13segregatis
663 2881 710 2939 his
729 2880 865 2939 omnihus
885 2883 1001 2956 scriptis
1021 2881 1213 2958 apocryphis,
1236 2881 1416 2956 sivespnrlis,

361 2991 507 3052 quaenam
527 2979 691 3052 superarint
712 2977 877 3052 Scripturas
896 2994 984 3037 verae
1006 2980 1149 3054 genuinae
1168 2993 1203 3036 ae
1222 2977 1325 3037 divina
1344 2978 1417 3052 inspi-

361 3077 473 3134 ratione
488 3075 597 3136 ‹litatac
608 3077 646 3135 ab
667 3077 869 3136 ecclesiasticis
889 3077 988 3136 viris?
1013 3077 1137 3152 Fatmn,
1157 3076 1239 3152 quod
1254 3075 1419 3152 apocryphae

359 3173 524 3249 scripturae
543 3177 575 3233 in
594 3173 676 3232 libris
694 3181 836 3249 patrum,
857 3173 961 3232 deinde
980 3176 1012 3231 ln
1031 3176 1168 3232 universa
1188 3173 1320 3232 Ecclesia
1334 3171 1416 3232 maie

360 3279 448 3348 runt,
468 3276 588 3332 minime
596 3279 751 3332 conseram
761 3280 831 3332 sunt
839 3273 933 3331 Biblia
941 3273 1076 3331 matera
1096 3272 1253 3347 Perspicua
1265 3270 1360 3348 quoad
1376 3284 1417 3344 po

360 3372 404 3428 tui
423 3371 454 3428 in
469 3371 564 3444 prima
585 3375 668 3444 parte
688 3369 745 3428 hoc
771 3368 908 3428 satisfeci.
937 3369 1095 3428 Credam
1115 3385 1214 3445 crgo,
1242 3376 1272 3428 et
1291 3369 1418 3427 naman

363 3467 529 3542 Scripturas
547 3469 654 3527 veteris
673 3468 872 3542 Testamenti,
901 3475 935 3526 ut
954 3467 1070 3526 divinas
1091 3470 1121 3526 in
1143 3467 1279 3526 Ssasiona
1298 3484 1340 3524 av.
1360 3481 1417 3524 con·
1436 3454 1439 3463 “

358 3564 419 3622 eilii
438 3564 587 3623 hidentlni
607 3569 743 3640 censitus,
764 3565 881 3624 casdem
901 3581 974 3640 esse,
995 3572 1025 3624 et
1044 3565 1146 3624 mem
1165 3579 1308 3639 nurnero,
1329 3565 1369 3622 uti
1385 3560 1416 3620 ah

359 3663 487 3735 sanquis
497 3662 628 3735 patribus
642 3665 769 3721 sancitae
780 3661 861 3721 inere
873 3663 1014 3721 divinitus
1028 3663 1204 3738 inspiratac3
1224 3667 1336 3720 ceteras
1345 3674 1415 3732 vero,

359 3756 465 3816 dehine
484 3759 531 3816 vel
550 3759 659 3818 nullius
679 3761 859 3820 auctoritatis
880 3760 969 3821 fnisse
989 3739 1246 3820 assumam'Seo
1266 3756 1420 3818 massalino

352 3855 645 3932 -perscrntcmur'(1).

401 4023 437 4086 (ι)
456 4024 520 4076 Satis
543 4025 695 4088 exploratum
717 4029 753 4078 est
771 4029 797 4078 in
817 4029 895 4094 prima
917 4030 1003 4090 parte,
1032 4041 1082 4090 qua
1112 4028 1225 4088 rohone,
1250 4029 1276 4076 ct
1298 4022 1421 4088 significatu

359 4104 466 4166 cyrillus
483 4105 712 4168 hierosolymitanus
722 4122 781 4157 usus
793 4110 825 4158 sit
838 4109 958 4158 vocabulo
978 4107 1121 4172 apocripha
1139 4109 1203 4156 circa
1214 4107 1305 4170 scripta
1317 4105 1418 4153 Dcnlcra

359 4184 398 4232 Oh
411 4185 673 4250 serenissimam,
700 4189 767 4249 qnod
780 4192 924 4237 iocarentur
937 4187 963 4236 in
981 4187 1084 4235 dubium
1097 4203 1104 4248 ;
1127 4187 1178 4248 ipsc
1188 4199 1265 4246 uero,
1291 4186 1319 4232 ut
1327 4181 1420 4239 cliniis,

358 4261 442 4313 lisina
453 4264 585 4328 aliquando
594 4267 733 4328 appellavit.
748 4268 909 4330 Hieronymus
921 4267 978 4318 licui
990 4268 1097 4330 primunr
1114 4265 1211 4316 amarit
1230 4263 1309 4315 Bihlis
1322 4263 1421 4312 neuim
