<?xml version="1.0" encoding="UTF-8"?>
<!DOCTYPE html PUBLIC "-//W3C//DTD XHTML 1.0 Transitional//EN"
    "http://www.w3.org/TR/xhtml1/DTD/xhtml1-transitional.dtd">
<html xmlns="http://www.w3.org/1999/xhtml" xml:lang="en" lang="en">
 <head>
  <title>
</title>
<meta http-equiv="Content-Type" content="text/html;charset=utf-8" />
  <meta name='ocr-system' content='tesseract 3.04.00' />
  <meta name='ocr-capabilities' content='ocr_page ocr_carea ocr_par ocr_line ocrx_word'/>
</head>
<body>
  <div class='ocr_page' id='page_1' title='image "./sessioquartacon00vincgoog_0590.png"; bbox 0 0 3094 5176; ppageno 0'>
   <div class='ocr_carea' id='block_1_1' title="bbox 584 295 765 348">
    <p class='ocr_par' dir='ltr' id='par_1_1' title="bbox 584 295 765 348">
     <span class='ocr_line' id='line_1_1' title="bbox 584 295 765 348; baseline -0.006 -1"><span class='ocrx_word' id='word_1_1' title='bbox 584 295 765 348; x_wconf 79' lang='lat' dir='ltr'><strong>——tei—</strong></span> 
     </span>
    </p>
   </div>
   <div class='ocr_carea' id='block_1_2' title="bbox 100 399 1214 4008">
    <p class='ocr_par' dir='ltr' id='par_1_2' title="bbox 134 399 1213 1164">
     <span class='ocr_line' id='line_1_2' title="bbox 135 399 1212 483; baseline 0.005 -21"><span class='ocrx_word' id='word_1_2' title='bbox 135 399 245 462; x_wconf 87' lang='lat' dir='ltr'><strong>Contra</strong></span> <span class='ocrx_word' id='word_1_3' title='bbox 254 403 362 480; x_wconf 86' lang='lat' dir='ltr'><strong>ipsrun,</strong></span> <span class='ocrx_word' id='word_1_4' title='bbox 372 404 504 480; x_wconf 88' lang='lat' dir='ltr'><strong>inquam,</strong></span> <span class='ocrx_word' id='word_1_5' title='bbox 521 403 700 482; x_wconf 74' lang='lat' dir='ltr'><strong>Epiphanius</strong></span> <span class='ocrx_word' id='word_1_6' title='bbox 710 405 788 466; x_wconf 76' lang='lat' dir='ltr'><strong>liano</strong></span> <span class='ocrx_word' id='word_1_7' title='bbox 796 403 961 467; x_wconf 79' lang='lat' dir='ltr'><strong>doctrinam</strong></span> <span class='ocrx_word' id='word_1_8' title='bbox 974 404 1122 483; x_wconf 85' lang='lat' dir='ltr'><strong>inculcat,</strong></span> <span class='ocrx_word' id='word_1_9' title='bbox 1137 414 1166 467; x_wconf 89' lang='lat' dir='ltr'><strong>et</strong></span> <span class='ocrx_word' id='word_1_10' title='bbox 1179 409 1212 468; x_wconf 90' lang='lat' dir='ltr'><strong>in</strong></span> 
     </span>
     <span class='ocr_line' id='line_1_3' title="bbox 135 501 1210 582; baseline 0.004 -22"><span class='ocrx_word' id='word_1_11' title='bbox 135 503 315 576; x_wconf 74' lang='lat' dir='ltr'><strong>expositione</strong></span> <span class='ocrx_word' id='word_1_12' title='bbox 335 501 500 562; x_wconf 78' lang='lat' dir='ltr'><strong>Catholicae</strong></span> <span class='ocrx_word' id='word_1_13' title='bbox 519 501 588 562; x_wconf 80' lang='lat' dir='ltr'><strong>fidei</strong></span> <span class='ocrx_word' id='word_1_14' title='bbox 607 503 635 578; x_wconf 76' lang='lat' dir='ltr'><strong>S.</strong></span> <span class='ocrx_word' id='word_1_15' title='bbox 659 510 717 564; x_wconf 78' lang='lat' dir='ltr'><strong>iit:</strong></span> <span class='ocrx_word' id='word_1_16' title='bbox 737 503 847 562; x_wconf 57' lang='lat' dir='ltr'><strong>aiam</strong></span> <span class='ocrx_word' id='word_1_17' title='bbox 866 519 956 580; x_wconf 85' lang='lat' dir='ltr'><strong>vero,</strong></span> <span class='ocrx_word' id='word_1_18' title='bbox 983 507 1041 581; x_wconf 91' lang='lat' dir='ltr'><strong>ait,</strong></span> <span class='ocrx_word' id='word_1_19' title='bbox 1073 505 1151 582; x_wconf 91' lang='lat' dir='ltr'><strong>quod</strong></span> <span class='ocrx_word' id='word_1_20' title='bbox 1172 506 1210 565; x_wconf 88' lang='lat' dir='ltr'><strong>ad</strong></span> 
     </span>
     <span class='ocr_line' id='line_1_4' title="bbox 135 600 1210 678; baseline 0.007 -21"><span class='ocrx_word' id='word_1_21' title='bbox 135 604 265 658; x_wconf 89' lang='lat' dir='ltr'><strong>mortuos</strong></span> <span class='ocrx_word' id='word_1_22' title='bbox 286 605 419 676; x_wconf 88' lang='lat' dir='ltr'><strong>spectat,</strong></span> <span class='ocrx_word' id='word_1_23' title='bbox 446 602 619 660; x_wconf 89' lang='lat' dir='ltr'><strong>nominatim</strong></span> <span class='ocrx_word' id='word_1_24' title='bbox 640 600 677 660; x_wconf 91' lang='lat' dir='ltr'><strong>de</strong></span> <span class='ocrx_word' id='word_1_25' title='bbox 696 601 755 660; x_wconf 93' lang='lat' dir='ltr'><strong>illis</strong></span> <span class='ocrx_word' id='word_1_26' title='bbox 776 602 884 661; x_wconf 90' lang='lat' dir='ltr'><strong>mentio</strong></span> <span class='ocrx_word' id='word_1_27' title='bbox 914 601 969 678; x_wconf 90' lang='lat' dir='ltr'><strong>iit,</strong></span> <span class='ocrx_word' id='word_1_28' title='bbox 991 609 1020 661; x_wconf 92' lang='lat' dir='ltr'><strong>et</strong></span> <span class='ocrx_word' id='word_1_29' title='bbox 1039 617 1158 678; x_wconf 85' lang='lat' dir='ltr'><strong>preces,</strong></span> <span class='ocrx_word' id='word_1_30' title='bbox 1180 610 1210 664; x_wconf 87' lang='lat' dir='ltr'><strong>et</strong></span> 
     </span>
     <span class='ocr_line' id='line_1_5' title="bbox 134 695 1213 774; baseline 0.004 -18"><span class='ocrx_word' id='word_1_31' title='bbox 134 695 295 772; x_wconf 80' lang='lat' dir='ltr'><strong>sacrificia,</strong></span> <span class='ocrx_word' id='word_1_32' title='bbox 317 699 516 774; x_wconf 84' lang='lat' dir='ltr'><strong>mysteriaque</strong></span> <span class='ocrx_word' id='word_1_33' title='bbox 529 697 761 774; x_wconf 80' lang='lat' dir='ltr'><strong>frequentantur.</strong></span> <span class='ocrx_word' id='word_1_34' title='bbox 776 723 788 748; x_wconf 69' lang='lat' dir='ltr'><strong>a</strong></span> <span class='ocrx_word' id='word_1_35' title='bbox 809 699 873 758; x_wconf 88' lang='lat' dir='ltr'><strong>lloo</strong></span> <span class='ocrx_word' id='word_1_36' title='bbox 886 701 974 760; x_wconf 91' lang='lat' dir='ltr'><strong>etiam</strong></span> <span class='ocrx_word' id='word_1_37' title='bbox 988 715 1026 758; x_wconf 90' lang='lat' dir='ltr'><strong>ex</strong></span> <span class='ocrx_word' id='word_1_38' title='bbox 1041 703 1132 760; x_wconf 87' lang='lat' dir='ltr'><strong>veteri</strong></span> <span class='ocrx_word' id='word_1_39' title='bbox 1146 715 1213 760; x_wconf 91' lang='lat' dir='ltr'><strong>con·</strong></span> 
     </span>
     <span class='ocr_line' id='line_1_6' title="bbox 135 793 1212 874; baseline 0.007 -24"><span class='ocrx_word' id='word_1_40' title='bbox 135 793 288 854; x_wconf 85' lang='lat' dir='ltr'><strong>suetudine</strong></span> <span class='ocrx_word' id='word_1_41' title='bbox 306 795 394 856; x_wconf 47' lang='lat' dir='ltr'><strong>ditius</strong></span> <span class='ocrx_word' id='word_1_42' title='bbox 414 796 639 874; x_wconf 77' lang='lat' dir='ltr'><strong>chrysostomus</strong></span> <span class='ocrx_word' id='word_1_43' title='bbox 655 795 692 872; x_wconf 80' lang='lat' dir='ltr'><strong>(il</strong></span> <span class='ocrx_word' id='word_1_44' title='bbox 709 799 741 855; x_wconf 93' lang='lat' dir='ltr'><strong>in</strong></span> <span class='ocrx_word' id='word_1_45' title='bbox 759 797 910 872; x_wconf 89' lang='lat' dir='ltr'><strong>epistolam</strong></span> <span class='ocrx_word' id='word_1_46' title='bbox 930 798 969 856; x_wconf 91' lang='lat' dir='ltr'><strong>ad</strong></span> <span class='ocrx_word' id='word_1_47' title='bbox 982 797 1149 858; x_wconf 86' lang='lat' dir='ltr'><strong>Corinthios</strong></span> <span class='ocrx_word' id='word_1_48' title='bbox 1162 799 1212 858; x_wconf 88' lang='lat' dir='ltr'><strong>ad·</strong></span> 
     </span>
     <span class='ocr_line' id='line_1_7' title="bbox 135 894 1210 972; baseline 0.007 -23"><span class='ocrx_word' id='word_1_49' title='bbox 135 894 241 969; x_wconf 86' lang='lat' dir='ltr'><strong>struit,</strong></span> <span class='ocrx_word' id='word_1_50' title='bbox 262 899 292 952; x_wconf 86' lang='lat' dir='ltr'><strong>et</strong></span> <span class='ocrx_word' id='word_1_51' title='bbox 311 909 396 969; x_wconf 88' lang='lat' dir='ltr'><strong>saepe</strong></span> <span class='ocrx_word' id='word_1_52' title='bbox 416 897 448 952; x_wconf 90' lang='lat' dir='ltr'><strong>in</strong></span> <span class='ocrx_word' id='word_1_53' title='bbox 472 896 533 955; x_wconf 91' lang='lat' dir='ltr'><strong>suis</strong></span> <span class='ocrx_word' id='word_1_54' title='bbox 553 894 635 954; x_wconf 86' lang='lat' dir='ltr'><strong>libris</strong></span> <span class='ocrx_word' id='word_1_55' title='bbox 655 895 691 954; x_wconf 90' lang='lat' dir='ltr'><strong>de</strong></span> <span class='ocrx_word' id='word_1_56' title='bbox 711 911 745 954; x_wconf 94' lang='lat' dir='ltr'><strong>eo</strong></span> <span class='ocrx_word' id='word_1_57' title='bbox 766 895 915 972; x_wconf 89' lang='lat' dir='ltr'><strong>loquitur,</strong></span> <span class='ocrx_word' id='word_1_58' title='bbox 937 895 1024 972; x_wconf 91' lang='lat' dir='ltr'><strong>idque</strong></span> <span class='ocrx_word' id='word_1_59' title='bbox 1044 895 1210 956; x_wconf 88' lang='lat' dir='ltr'><strong>Constanti-</strong></span> 
     </span>
     <span class='ocr_line' id='line_1_8' title="bbox 134 989 1212 1072; baseline 0.007 -26"><span class='ocrx_word' id='word_1_60' title='bbox 134 989 231 1064; x_wconf 87' lang='lat' dir='ltr'><strong>nopoli</strong></span> <span class='ocrx_word' id='word_1_61' title='bbox 249 996 278 1050; x_wconf 93' lang='lat' dir='ltr'><strong>et</strong></span> <span class='ocrx_word' id='word_1_62' title='bbox 298 989 470 1052; x_wconf 82' lang='lat' dir='ltr'><strong>Antiochiae</strong></span> <span class='ocrx_word' id='word_1_63' title='bbox 489 992 680 1068; x_wconf 87' lang='lat' dir='ltr'><strong>praedicavit.</strong></span> <span class='ocrx_word' id='word_1_64' title='bbox 703 993 740 1052; x_wconf 78' lang='lat' dir='ltr'><strong>itt</strong></span> <span class='ocrx_word' id='word_1_65' title='bbox 753 994 796 1052; x_wconf 87' lang='lat' dir='ltr'><strong>ita</strong></span> <span class='ocrx_word' id='word_1_66' title='bbox 811 992 974 1054; x_wconf 86' lang='lat' dir='ltr'><strong>docuerant</strong></span> <span class='ocrx_word' id='word_1_67' title='bbox 994 995 1088 1072; x_wconf 82' lang='lat' dir='ltr'><strong>saneti</strong></span> <span class='ocrx_word' id='word_1_68' title='bbox 1108 995 1166 1052; x_wconf 89' lang='lat' dir='ltr'><strong>viri</strong></span> <span class='ocrx_word' id='word_1_69' title='bbox 1180 995 1212 1055; x_wconf 91' lang='lat' dir='ltr'><strong>in</strong></span> 
     </span>
     <span class='ocr_line' id='line_1_9' title="bbox 135 1087 755 1164; baseline 0.013 -20"><span class='ocrx_word' id='word_1_70' title='bbox 135 1089 225 1146; x_wconf 84' lang='lat' dir='ltr'><strong>variis</strong></span> <span class='ocrx_word' id='word_1_71' title='bbox 246 1087 335 1148; x_wconf 79' lang='lat' dir='ltr'><strong>Asiae</strong></span> <span class='ocrx_word' id='word_1_72' title='bbox 355 1092 526 1164; x_wconf 86' lang='lat' dir='ltr'><strong>provinciis.</strong></span> <span class='ocrx_word' id='word_1_73' title='bbox 754 1161 755 1164; x_wconf 8' lang='grc' dir='ltr'><strong>Ἴ</strong></span> 
     </span>
    </p>

    <p class='ocr_par' dir='ltr' id='par_1_3' title="bbox 100 1184 1214 3318">
     <span class='ocr_line' id='line_1_10' title="bbox 173 1184 1213 1268; baseline 0.002 -22"><span class='ocrx_word' id='word_1_74' title='bbox 173 1184 202 1259; x_wconf 74' lang='grc'><strong>5.</strong></span> <span class='ocrx_word' id='word_1_75' title='bbox 225 1185 263 1246; x_wconf 83' lang='grc' dir='ltr'><strong>Χ.</strong></span> <span class='ocrx_word' id='word_1_76' title='bbox 286 1187 321 1244; x_wconf 94' lang='lat' dir='ltr'><strong>In</strong></span> <span class='ocrx_word' id='word_1_77' title='bbox 341 1187 458 1262; x_wconf 86' lang='lat' dir='ltr'><strong>Europa</strong></span> <span class='ocrx_word' id='word_1_78' title='bbox 479 1187 603 1265; x_wconf 88' lang='lat' dir='ltr'><strong>denique</strong></span> <span class='ocrx_word' id='word_1_79' title='bbox 624 1190 681 1246; x_wconf 87' lang='lat' dir='ltr'><strong>viri</strong></span> <span class='ocrx_word' id='word_1_80' title='bbox 695 1189 863 1266; x_wconf 86' lang='lat' dir='ltr'><strong>evangelico</strong></span> <span class='ocrx_word' id='word_1_81' title='bbox 884 1190 994 1248; x_wconf 89' lang='lat' dir='ltr'><strong>lumine</strong></span> <span class='ocrx_word' id='word_1_82' title='bbox 1007 1189 1129 1264; x_wconf 85' lang='lat' dir='ltr'><strong>imbuti,</strong></span> <span class='ocrx_word' id='word_1_83' title='bbox 1150 1191 1213 1268; x_wconf 88' lang='lat' dir='ltr'><strong>pari</strong></span> 
     </span>
     <span class='ocr_line' id='line_1_11' title="bbox 135 1285 1211 1364; baseline 0.007 -24"><span class='ocrx_word' id='word_1_84' title='bbox 135 1285 245 1344; x_wconf 88' lang='lat' dir='ltr'><strong>ratione</strong></span> <span class='ocrx_word' id='word_1_85' title='bbox 265 1301 300 1344; x_wconf 88' lang='lat' dir='ltr'><strong>ao</strong></span> <span class='ocrx_word' id='word_1_86' title='bbox 320 1285 377 1344; x_wconf 90' lang='lat' dir='ltr'><strong>ilde</strong></span> <span class='ocrx_word' id='word_1_87' title='bbox 392 1285 448 1346; x_wconf 90' lang='lat' dir='ltr'><strong>hoc</strong></span> <span class='ocrx_word' id='word_1_88' title='bbox 468 1289 549 1362; x_wconf 89' lang='lat' dir='ltr'><strong>pium</strong></span> <span class='ocrx_word' id='word_1_89' title='bbox 563 1302 636 1362; x_wconf 88' lang='lat' dir='ltr'><strong>opus</strong></span> <span class='ocrx_word' id='word_1_90' title='bbox 656 1288 839 1363; x_wconf 87' lang='lat' dir='ltr'><strong>docuerunt,</strong></span> <span class='ocrx_word' id='word_1_91' title='bbox 861 1293 889 1348; x_wconf 91' lang='lat' dir='ltr'><strong>et</strong></span> <span class='ocrx_word' id='word_1_92' title='bbox 903 1287 1097 1364; x_wconf 86' lang='lat' dir='ltr'><strong>perfecerunt.</strong></span> <span class='ocrx_word' id='word_1_93' title='bbox 1114 1287 1211 1350; x_wconf 87' lang='lat' dir='ltr'><strong>Libel-</strong></span> 
     </span>
     <span class='ocr_line' id='line_1_12' title="bbox 137 1379 1213 1462; baseline 0.007 -24"><span class='ocrx_word' id='word_1_94' title='bbox 137 1379 201 1454; x_wconf 87' lang='lat' dir='ltr'><strong>lus,</strong></span> <span class='ocrx_word' id='word_1_95' title='bbox 225 1384 276 1458; x_wconf 88' lang='lat' dir='ltr'><strong>qui</strong></span> <span class='ocrx_word' id='word_1_96' title='bbox 288 1399 394 1442; x_wconf 91' lang='lat' dir='ltr'><strong>nomen</strong></span> <span class='ocrx_word' id='word_1_97' title='bbox 406 1385 518 1460; x_wconf 87' lang='lat' dir='ltr'><strong>profert</strong></span> <span class='ocrx_word' id='word_1_98' title='bbox 532 1385 710 1444; x_wconf 85' lang='lat' dir='ltr'><strong>Traditionis</strong></span> <span class='ocrx_word' id='word_1_99' title='bbox 723 1385 908 1462; x_wconf 90' lang='lat' dir='ltr'><strong>apostolicae,</strong></span> <span class='ocrx_word' id='word_1_100' title='bbox 926 1391 955 1446; x_wconf 90' lang='lat' dir='ltr'><strong>ei</strong></span> <span class='ocrx_word' id='word_1_101' title='bbox 971 1385 1040 1444; x_wconf 88' lang='lat' dir='ltr'><strong>divo</strong></span> <span class='ocrx_word' id='word_1_102' title='bbox 1053 1384 1213 1462; x_wconf 88' lang='lat' dir='ltr'><strong>Hippolyto</strong></span> 
     </span>
     <span class='ocr_line' id='line_1_13' title="bbox 136 1479 1211 1560; baseline 0.004 -26"><span class='ocrx_word' id='word_1_103' title='bbox 136 1485 321 1554; x_wconf 88' lang='lat' dir='ltr'><strong>nuncupatur</strong></span> <span class='ocrx_word' id='word_1_104' title='bbox 344 1479 381 1556; x_wconf 80' lang='lat' dir='ltr'><strong>(i)</strong></span> <span class='ocrx_word' id='word_1_105' title='bbox 406 1479 553 1557; x_wconf 85' lang='lat' dir='ltr'><strong>(profecto</strong></span> <span class='ocrx_word' id='word_1_106' title='bbox 573 1481 610 1541; x_wconf 96' lang='lat' dir='ltr'><strong>ob</strong></span> <span class='ocrx_word' id='word_1_107' title='bbox 632 1484 732 1558; x_wconf 89' lang='lat' dir='ltr'><strong>scripti</strong></span> <span class='ocrx_word' id='word_1_108' title='bbox 760 1484 857 1560; x_wconf 85' lang='lat' dir='ltr'><strong>graeci</strong></span> <span class='ocrx_word' id='word_1_109' title='bbox 877 1483 1082 1558; x_wconf 87' lang='lat' dir='ltr'><strong>antiquitatem</strong></span> <span class='ocrx_word' id='word_1_110' title='bbox 1110 1484 1211 1556; x_wconf 81' lang='lat' dir='ltr'><strong>magni</strong></span> 
     </span>
     <span class='ocr_line' id='line_1_14' title="bbox 140 1574 1212 1656; baseline 0.004 -22"><span class='ocrx_word' id='word_1_111' title='bbox 140 1574 307 1653; x_wconf 74' lang='lat' dir='ltr'><strong>faciendus)</strong></span> <span class='ocrx_word' id='word_1_112' title='bbox 330 1579 361 1636; x_wconf 93' lang='lat' dir='ltr'><strong>in</strong></span> <span class='ocrx_word' id='word_1_113' title='bbox 382 1581 475 1654; x_wconf 87' lang='lat' dir='ltr'><strong>capite</strong></span> <span class='ocrx_word' id='word_1_114' title='bbox 495 1595 593 1638; x_wconf 87' lang='lat' dir='ltr'><strong>xx111.</strong></span> <span class='ocrx_word' id='word_1_115' title='bbox 609 1581 730 1640; x_wconf 90' lang='lat' dir='ltr'><strong>statuit:</strong></span> <span class='ocrx_word' id='word_1_116' title='bbox 756 1604 769 1630; x_wconf 73' lang='lat' dir='ltr'><strong>o</strong></span> <span class='ocrx_word' id='word_1_117' title='bbox 782 1579 866 1654; x_wconf 85' lang='lat' dir='ltr'><strong>Quod</strong></span> <span class='ocrx_word' id='word_1_118' title='bbox 885 1585 997 1656; x_wconf 81' lang='lat' dir='ltr'><strong>spectat</strong></span> <span class='ocrx_word' id='word_1_119' title='bbox 1011 1578 1048 1638; x_wconf 90' lang='lat' dir='ltr'><strong>od</strong></span> <span class='ocrx_word' id='word_1_120' title='bbox 1062 1585 1212 1656; x_wconf 88' lang='lat' dir='ltr'><strong>mortuos,</strong></span> 
     </span>
     <span class='ocr_line' id='line_1_15' title="bbox 135 1673 1212 1758; baseline 0.002 -26"><span class='ocrx_word' id='word_1_121' title='bbox 135 1673 294 1736; x_wconf 86' lang='lat' dir='ltr'><strong>celebretur</strong></span> <span class='ocrx_word' id='word_1_122' title='bbox 315 1675 377 1736; x_wconf 89' lang='lat' dir='ltr'><strong>dies</strong></span> <span class='ocrx_word' id='word_1_123' title='bbox 396 1679 499 1738; x_wconf 84' lang='lat' dir='ltr'><strong>tertius</strong></span> <span class='ocrx_word' id='word_1_124' title='bbox 511 1679 551 1746; x_wconf 75' lang='lat' dir='ltr'><strong>‚in</strong></span> <span class='ocrx_word' id='word_1_125' title='bbox 571 1677 695 1738; x_wconf 86' lang='lat' dir='ltr'><strong>Psalmis</strong></span> <span class='ocrx_word' id='word_1_126' title='bbox 715 1684 744 1738; x_wconf 92' lang='lat' dir='ltr'><strong>et</strong></span> <span class='ocrx_word' id='word_1_127' title='bbox 763 1678 896 1754; x_wconf 86' lang='lat' dir='ltr'><strong>precibus</strong></span> <span class='ocrx_word' id='word_1_128' title='bbox 916 1677 954 1758; x_wconf 88' lang='lat' dir='ltr'><strong>ob</strong></span> <span class='ocrx_word' id='word_1_129' title='bbox 974 1692 1068 1752; x_wconf 88' lang='lat' dir='ltr'><strong>eum,</strong></span> <span class='ocrx_word' id='word_1_130' title='bbox 1094 1679 1144 1756; x_wconf 80' lang='lat' dir='ltr'><strong>qui</strong></span> <span class='ocrx_word' id='word_1_131' title='bbox 1165 1676 1212 1735; x_wconf 92' lang='lat' dir='ltr'><strong>die</strong></span> 
     </span>
     <span class='ocr_line' id='line_1_16' title="bbox 136 1773 1211 1848; baseline -0.004 -15"><span class='ocrx_word' id='word_1_132' title='bbox 136 1773 222 1833; x_wconf 82' lang='lat' dir='ltr'><strong>tertia</strong></span> <span class='ocrx_word' id='word_1_133' title='bbox 241 1777 409 1836; x_wconf 80' lang='lat' dir='ltr'><strong>resurrexit.</strong></span> <span class='ocrx_word' id='word_1_134' title='bbox 432 1775 506 1834; x_wconf 87' lang='lat' dir='ltr'><strong>Item</strong></span> <span class='ocrx_word' id='word_1_135' title='bbox 526 1775 588 1836; x_wconf 88' lang='lat' dir='ltr'><strong>dies</strong></span> <span class='ocrx_word' id='word_1_136' title='bbox 602 1790 696 1834; x_wconf 90' lang='lat' dir='ltr'><strong>nonus</strong></span> <span class='ocrx_word' id='word_1_137' title='bbox 716 1776 748 1834; x_wconf 91' lang='lat' dir='ltr'><strong>in</strong></span> <span class='ocrx_word' id='word_1_138' title='bbox 761 1775 989 1834; x_wconf 82' lang='lat' dir='ltr'><strong>recordationem</strong></span> <span class='ocrx_word' id='word_1_139' title='bbox 1003 1774 1211 1848; x_wconf 89' lang='lat' dir='ltr'><strong>superstitum,</strong></span> 
     </span>
     <span class='ocr_line' id='line_1_17' title="bbox 136 1869 1212 1950; baseline 0 -22"><span class='ocrx_word' id='word_1_140' title='bbox 136 1876 165 1930; x_wconf 93' lang='lat' dir='ltr'><strong>et</strong></span> <span class='ocrx_word' id='word_1_141' title='bbox 184 1869 411 1949; x_wconf 86' lang='lat' dir='ltr'><strong>defunctorum,</strong></span> <span class='ocrx_word' id='word_1_142' title='bbox 434 1879 521 1948; x_wconf 88' lang='lat' dir='ltr'><strong>atque</strong></span> <span class='ocrx_word' id='word_1_143' title='bbox 542 1875 628 1932; x_wconf 90' lang='lat' dir='ltr'><strong>etiam</strong></span> <span class='ocrx_word' id='word_1_144' title='bbox 650 1872 890 1950; x_wconf 85' lang='lat' dir='ltr'><strong>quadragesimus</strong></span> <span class='ocrx_word' id='word_1_145' title='bbox 907 1875 996 1948; x_wconf 88' lang='lat' dir='ltr'><strong>juxta</strong></span> <span class='ocrx_word' id='word_1_146' title='bbox 1017 1878 1143 1930; x_wconf 81' lang='lat' dir='ltr'><strong>ueterem</strong></span> <span class='ocrx_word' id='word_1_147' title='bbox 1165 1876 1212 1948; x_wconf 92' lang='lat' dir='ltr'><strong>ty-</strong></span> 
     </span>
     <span class='ocr_line' id='line_1_18' title="bbox 137 1969 1212 2048; baseline -0.001 -21"><span class='ocrx_word' id='word_1_148' title='bbox 137 1982 228 2044; x_wconf 87' lang='lat' dir='ltr'><strong>pum;</strong></span> <span class='ocrx_word' id='word_1_149' title='bbox 256 1969 390 2046; x_wconf 85' lang='lat' dir='ltr'><strong>Moysem</strong></span> <span class='ocrx_word' id='word_1_150' title='bbox 410 1973 488 2030; x_wconf 90' lang='lat' dir='ltr'><strong>enim</strong></span> <span class='ocrx_word' id='word_1_151' title='bbox 513 1973 555 2030; x_wconf 88' lang='lat' dir='ltr'><strong>itu</strong></span> <span class='ocrx_word' id='word_1_152' title='bbox 575 1971 651 2031; x_wconf 83' lang='lat' dir='ltr'><strong>luxit</strong></span> <span class='ocrx_word' id='word_1_153' title='bbox 670 1969 804 2048; x_wconf 87' lang='lat' dir='ltr'><strong>populus.</strong></span> <span class='ocrx_word' id='word_1_154' title='bbox 834 1970 965 2046; x_wconf 88' lang='lat' dir='ltr'><strong>Denique</strong></span> <span class='ocrx_word' id='word_1_155' title='bbox 994 1970 1212 2030; x_wconf 90' lang='lat' dir='ltr'><strong>anniversarius</strong></span> 
     </span>
     <span class='ocr_line' id='line_1_19' title="bbox 136 2065 1213 2144; baseline 0.006 -22"><span class='ocrx_word' id='word_1_156' title='bbox 136 2065 198 2126; x_wconf 89' lang='lat' dir='ltr'><strong>dies</strong></span> <span class='ocrx_word' id='word_1_157' title='bbox 219 2083 272 2144; x_wconf 87' lang='lat' dir='ltr'><strong>pro</strong></span> <span class='ocrx_word' id='word_1_158' title='bbox 293 2071 433 2138; x_wconf 85' lang='lat' dir='ltr'><strong>memoria</strong></span> <span class='ocrx_word' id='word_1_159' title='bbox 454 2072 595 2144; x_wconf 86' lang='lat' dir='ltr'><strong>ipsorum.</strong></span> <span class='ocrx_word' id='word_1_160' title='bbox 618 2069 663 2128; x_wconf 86' lang='lat' dir='ltr'><strong>Ex</strong></span> <span class='ocrx_word' id='word_1_161' title='bbox 682 2069 767 2128; x_wconf 89' lang='lat' dir='ltr'><strong>honis</strong></span> <span class='ocrx_word' id='word_1_162' title='bbox 787 2085 857 2129; x_wconf 84' lang='lat' dir='ltr'><strong>uero</strong></span> <span class='ocrx_word' id='word_1_163' title='bbox 878 2069 963 2128; x_wconf 89' lang='lat' dir='ltr'><strong>detur</strong></span> <span class='ocrx_word' id='word_1_164' title='bbox 979 2067 1154 2144; x_wconf 87' lang='lat' dir='ltr'><strong>pauperibus</strong></span> <span class='ocrx_word' id='word_1_165' title='bbox 1175 2065 1213 2128; x_wconf 87' lang='lat' dir='ltr'><strong>od</strong></span> 
     </span>
     <span class='ocr_line' id='line_1_20' title="bbox 138 2164 1214 2243; baseline 0.001 -20"><span class='ocrx_word' id='word_1_166' title='bbox 138 2164 256 2225; x_wconf 86' lang='lat' dir='ltr'><strong>illorum</strong></span> <span class='ocrx_word' id='word_1_167' title='bbox 278 2171 620 2236; x_wconf 85' lang='lat' dir='ltr'><strong>commemorationem.»</strong></span> <span class='ocrx_word' id='word_1_168' title='bbox 644 2167 810 2243; x_wconf 83' lang='lat' dir='ltr'><strong>Purgatorii</strong></span> <span class='ocrx_word' id='word_1_169' title='bbox 830 2167 911 2226; x_wconf 89' lang='lat' dir='ltr'><strong>locus</strong></span> <span class='ocrx_word' id='word_1_170' title='bbox 926 2168 957 2224; x_wconf 90' lang='lat' dir='ltr'><strong>in</strong></span> <span class='ocrx_word' id='word_1_171' title='bbox 971 2167 1062 2226; x_wconf 88' lang='lat' dir='ltr'><strong>altera</strong></span> <span class='ocrx_word' id='word_1_172' title='bbox 1081 2167 1163 2240; x_wconf 82' lang='lat' dir='ltr'><strong>nita,</strong></span> <span class='ocrx_word' id='word_1_173' title='bbox 1184 2172 1214 2224; x_wconf 92' lang='lat' dir='ltr'><strong>et</strong></span> 
     </span>
     <span class='ocr_line' id='line_1_21' title="bbox 136 2263 1212 2347; baseline 0.003 -27"><span class='ocrx_word' id='word_1_174' title='bbox 136 2279 189 2337; x_wconf 91' lang='lat' dir='ltr'><strong>pro</strong></span> <span class='ocrx_word' id='word_1_175' title='bbox 209 2263 354 2326; x_wconf 86' lang='lat' dir='ltr'><strong>defunctis</strong></span> <span class='ocrx_word' id='word_1_176' title='bbox 374 2283 473 2342; x_wconf 87' lang='lat' dir='ltr'><strong>preces</strong></span> <span class='ocrx_word' id='word_1_177' title='bbox 494 2266 719 2347; x_wconf 87' lang='lat' dir='ltr'><strong>comprobantur</strong></span> <span class='ocrx_word' id='word_1_178' title='bbox 740 2282 777 2328; x_wconf 86' lang='lat' dir='ltr'><strong>ex</strong></span> <span class='ocrx_word' id='word_1_179' title='bbox 797 2265 879 2325; x_wconf 80' lang='lat' dir='ltr'><strong>Actis</strong></span> <span class='ocrx_word' id='word_1_180' title='bbox 900 2271 1017 2324; x_wconf 88' lang='lat' dir='ltr'><strong>sanotae</strong></span> <span class='ocrx_word' id='word_1_181' title='bbox 1037 2264 1212 2340; x_wconf 88' lang='lat' dir='ltr'><strong>Perpetuae,</strong></span> 
     </span>
     <span class='ocr_line' id='line_1_22' title="bbox 136 2360 1212 2441; baseline 0 -21"><span class='ocrx_word' id='word_1_182' title='bbox 136 2360 187 2420; x_wconf 91' lang='lat' dir='ltr'><strong>ubi</strong></span> <span class='ocrx_word' id='word_1_183' title='bbox 215 2362 322 2439; x_wconf 83' lang='lat' dir='ltr'><strong>legitur</strong></span> <span class='ocrx_word' id='word_1_184' title='bbox 342 2380 395 2441; x_wconf 89' lang='lat' dir='ltr'><strong>ea,</strong></span> <span class='ocrx_word' id='word_1_185' title='bbox 418 2367 450 2422; x_wconf 90' lang='lat' dir='ltr'><strong>in</strong></span> <span class='ocrx_word' id='word_1_186' title='bbox 469 2367 582 2424; x_wconf 84' lang='lat' dir='ltr'><strong>visione</strong></span> <span class='ocrx_word' id='word_1_187' title='bbox 601 2367 762 2440; x_wconf 82' lang='lat' dir='ltr'><strong>inspexisse</strong></span> <span class='ocrx_word' id='word_1_188' title='bbox 781 2361 967 2423; x_wconf 87' lang='lat' dir='ltr'><strong>Dinocratem</strong></span> <span class='ocrx_word' id='word_1_189' title='bbox 986 2363 1106 2422; x_wconf 87' lang='lat' dir='ltr'><strong>fratrem</strong></span> <span class='ocrx_word' id='word_1_190' title='bbox 1126 2379 1212 2421; x_wconf 88' lang='lat' dir='ltr'><strong>suurn</strong></span> 
     </span>
     <span class='ocr_line' id='line_1_23' title="bbox 131 2462 1212 2538; baseline 0.002 -22"><span class='ocrx_word' id='word_1_191' title='bbox 131 2462 195 2534; x_wconf 90' lang='lat' dir='ltr'><strong>jam</strong></span> <span class='ocrx_word' id='word_1_192' title='bbox 225 2467 373 2521; x_wconf 90' lang='lat' dir='ltr'><strong>mortuum</strong></span> <span class='ocrx_word' id='word_1_193' title='bbox 394 2464 425 2520; x_wconf 94' lang='lat' dir='ltr'><strong>in</strong></span> <span class='ocrx_word' id='word_1_194' title='bbox 446 2462 599 2521; x_wconf 87' lang='lat' dir='ltr'><strong>tenebroso</strong></span> <span class='ocrx_word' id='word_1_195' title='bbox 619 2463 684 2522; x_wconf 92' lang='lat' dir='ltr'><strong>loco</strong></span> <span class='ocrx_word' id='word_1_196' title='bbox 704 2468 907 2538; x_wconf 88' lang='lat' dir='ltr'><strong>aestuantem,</strong></span> <span class='ocrx_word' id='word_1_197' title='bbox 929 2467 958 2522; x_wconf 88' lang='lat' dir='ltr'><strong>et</strong></span> <span class='ocrx_word' id='word_1_198' title='bbox 978 2463 1144 2536; x_wconf 86' lang='lat' dir='ltr'><strong>sitientem,</strong></span> <span class='ocrx_word' id='word_1_199' title='bbox 1175 2477 1212 2518; x_wconf 85' lang='lat' dir='ltr'><strong>ex</strong></span> 
     </span>
     <span class='ocr_line' id='line_1_24' title="bbox 136 2558 1213 2634; baseline 0.001 -20"><span class='ocrx_word' id='word_1_200' title='bbox 136 2570 195 2631; x_wconf 89' lang='lat' dir='ltr'><strong>qua</strong></span> <span class='ocrx_word' id='word_1_201' title='bbox 215 2564 384 2632; x_wconf 87' lang='lat' dir='ltr'><strong>experrecta</strong></span> <span class='ocrx_word' id='word_1_202' title='bbox 404 2561 542 2634; x_wconf 82' lang='lat' dir='ltr'><strong>cognovit</strong></span> <span class='ocrx_word' id='word_1_203' title='bbox 562 2559 681 2618; x_wconf 88' lang='lat' dir='ltr'><strong>fratrem</strong></span> <span class='ocrx_word' id='word_1_204' title='bbox 695 2575 783 2618; x_wconf 90' lang='lat' dir='ltr'><strong>suum</strong></span> <span class='ocrx_word' id='word_1_205' title='bbox 797 2559 939 2618; x_wconf 88' lang='lat' dir='ltr'><strong>laborare.</strong></span> <span class='ocrx_word' id='word_1_206' title='bbox 955 2559 1012 2618; x_wconf 88' lang='lat' dir='ltr'><strong>Sed</strong></span> <span class='ocrx_word' id='word_1_207' title='bbox 1023 2558 1173 2628; x_wconf 80' lang='lat' dir='ltr'><strong>confidens</strong></span> <span class='ocrx_word' id='word_1_208' title='bbox 1186 2559 1213 2616; x_wconf 89' lang='lat' dir='ltr'><strong>ei</strong></span> 
     </span>
     <span class='ocr_line' id='line_1_25' title="bbox 135 2641 1212 2734; baseline 0.004 -23"><span class='ocrx_word' id='word_1_209' title='bbox 135 2641 319 2727; x_wconf 80' lang='lat' dir='ltr'><strong>prodituram</strong></span> <span class='ocrx_word' id='word_1_210' title='bbox 332 2658 493 2716; x_wconf 89' lang='lat' dir='ltr'><strong>orationem</strong></span> <span class='ocrx_word' id='word_1_211' title='bbox 507 2673 612 2734; x_wconf 90' lang='lat' dir='ltr'><strong>suam,</strong></span> <span class='ocrx_word' id='word_1_212' title='bbox 634 2661 730 2716; x_wconf 84' lang='lat' dir='ltr'><strong>oravit</strong></span> <span class='ocrx_word' id='word_1_213' title='bbox 742 2673 796 2733; x_wconf 87' lang='lat' dir='ltr'><strong>pro</strong></span> <span class='ocrx_word' id='word_1_214' title='bbox 811 2673 844 2716; x_wconf 91' lang='lat' dir='ltr'><strong>eo</strong></span> <span class='ocrx_word' id='word_1_215' title='bbox 858 2657 994 2716; x_wconf 90' lang='lat' dir='ltr'><strong>omnibus</strong></span> <span class='ocrx_word' id='word_1_216' title='bbox 1008 2656 1131 2733; x_wconf 89' lang='lat' dir='ltr'><strong>diebus,</strong></span> <span class='ocrx_word' id='word_1_217' title='bbox 1153 2672 1212 2731; x_wconf 78' lang='lat' dir='ltr'><strong>qino</strong></span> 
     </span>
     <span class='ocr_line' id='line_1_26' title="bbox 134 2753 1213 2828; baseline 0.001 -19"><span class='ocrx_word' id='word_1_218' title='bbox 134 2767 226 2828; x_wconf 89' lang='lat' dir='ltr'><strong>usque</strong></span> <span class='ocrx_word' id='word_1_219' title='bbox 246 2756 362 2812; x_wconf 91' lang='lat' dir='ltr'><strong>transiit</strong></span> <span class='ocrx_word' id='word_1_220' title='bbox 374 2755 405 2812; x_wconf 92' lang='lat' dir='ltr'><strong>in</strong></span> <span class='ocrx_word' id='word_1_221' title='bbox 420 2769 565 2814; x_wconf 85' lang='lat' dir='ltr'><strong>carcerem</strong></span> <span class='ocrx_word' id='word_1_222' title='bbox 580 2761 765 2816; x_wconf 87' lang='lat' dir='ltr'><strong>castrensem.</strong></span> <span class='ocrx_word' id='word_1_223' title='bbox 783 2753 827 2812; x_wconf 90' lang='lat' dir='ltr'><strong>lbi</strong></span> <span class='ocrx_word' id='word_1_224' title='bbox 840 2753 935 2812; x_wconf 90' lang='lat' dir='ltr'><strong>denuo</strong></span> <span class='ocrx_word' id='word_1_225' title='bbox 949 2756 980 2812; x_wconf 89' lang='lat' dir='ltr'><strong>in</strong></span> <span class='ocrx_word' id='word_1_226' title='bbox 994 2755 1106 2812; x_wconf 80' lang='lat' dir='ltr'><strong>visione</strong></span> <span class='ocrx_word' id='word_1_227' title='bbox 1119 2759 1213 2820; x_wconf 87' lang='lat' dir='ltr'><strong>osten-</strong></span> 
     </span>
     <span class='ocr_line' id='line_1_27' title="bbox 135 2850 1214 2930; baseline -0.002 -20"><span class='ocrx_word' id='word_1_228' title='bbox 135 2865 185 2910; x_wconf 89' lang='lat' dir='ltr'><strong>sus</strong></span> <span class='ocrx_word' id='word_1_229' title='bbox 205 2858 250 2910; x_wconf 88' lang='lat' dir='ltr'><strong>est</strong></span> <span class='ocrx_word' id='word_1_230' title='bbox 269 2852 359 2914; x_wconf 87' lang='lat' dir='ltr'><strong>frater</strong></span> <span class='ocrx_word' id='word_1_231' title='bbox 379 2858 441 2928; x_wconf 88' lang='lat' dir='ltr'><strong>ejus</strong></span> <span class='ocrx_word' id='word_1_232' title='bbox 462 2853 588 2912; x_wconf 86' lang='lat' dir='ltr'><strong>mundus</strong></span> <span class='ocrx_word' id='word_1_233' title='bbox 610 2869 729 2929; x_wconf 85' lang='lat' dir='ltr'><strong>corpore</strong></span> <span class='ocrx_word' id='word_1_234' title='bbox 749 2859 778 2912; x_wconf 93' lang='lat' dir='ltr'><strong>et</strong></span> <span class='ocrx_word' id='word_1_235' title='bbox 798 2851 999 2930; x_wconf 86' lang='lat' dir='ltr'><strong>refrigerans,</strong></span> <span class='ocrx_word' id='word_1_236' title='bbox 1021 2857 1050 2909; x_wconf 89' lang='lat' dir='ltr'><strong>et</strong></span> <span class='ocrx_word' id='word_1_237' title='bbox 1070 2850 1214 2910; x_wconf 82' lang='lat' dir='ltr'><strong>intellexit</strong></span> 
     </span>
     <span class='ocr_line' id='line_1_28' title="bbox 135 2949 1212 3026; baseline 0.004 -23"><span class='ocrx_word' id='word_1_238' title='bbox 135 2962 202 3006; x_wconf 88' lang='lat' dir='ltr'><strong>eum</strong></span> <span class='ocrx_word' id='word_1_239' title='bbox 224 2963 287 3006; x_wconf 89' lang='lat' dir='ltr'><strong>esse</strong></span> <span class='ocrx_word' id='word_1_240' title='bbox 310 2949 346 3007; x_wconf 89' lang='lat' dir='ltr'><strong>de</strong></span> <span class='ocrx_word' id='word_1_241' title='bbox 365 2967 401 3009; x_wconf 91' lang='lat' dir='ltr'><strong>ea</strong></span> <span class='ocrx_word' id='word_1_242' title='bbox 420 2967 515 3026; x_wconf 91' lang='lat' dir='ltr'><strong>poena</strong></span> <span class='ocrx_word' id='word_1_243' title='bbox 534 2951 709 3012; x_wconf 83' lang='lat' dir='ltr'><strong>translatam</strong></span> <span class='ocrx_word' id='word_1_244' title='bbox 729 2953 762 3010; x_wconf 92' lang='lat' dir='ltr'><strong>in</strong></span> <span class='ocrx_word' id='word_1_245' title='bbox 782 2953 873 3010; x_wconf 81' lang='lat' dir='ltr'><strong>vitam</strong></span> <span class='ocrx_word' id='word_1_246' title='bbox 893 2951 1020 3010; x_wconf 71' lang='lat' dir='ltr'><strong>beamm.</strong></span> <span class='ocrx_word' id='word_1_247' title='bbox 1048 2950 1111 3009; x_wconf 87' lang='lat' dir='ltr'><strong>lloc</strong></span> <span class='ocrx_word' id='word_1_248' title='bbox 1131 2951 1212 3008; x_wconf 88' lang='lat' dir='ltr'><strong>testi-</strong></span> 
     </span>
     <span class='ocr_line' id='line_1_29' title="bbox 136 3041 1212 3124; baseline 0.003 -22"><span class='ocrx_word' id='word_1_249' title='bbox 136 3041 268 3104; x_wconf 83' lang='lat' dir='ltr'><strong>monium</strong></span> <span class='ocrx_word' id='word_1_250' title='bbox 284 3047 395 3122; x_wconf 88' lang='lat' dir='ltr'><strong>profert</strong></span> <span class='ocrx_word' id='word_1_251' title='bbox 407 3049 590 3124; x_wconf 83' lang='lat' dir='ltr'><strong>Augustinus</strong></span> <span class='ocrx_word' id='word_1_252' title='bbox 602 3049 687 3123; x_wconf 88' lang='lat' dir='ltr'><strong>Orsi,</strong></span> <span class='ocrx_word' id='word_1_253' title='bbox 702 3050 733 3105; x_wconf 91' lang='lat' dir='ltr'><strong>in</strong></span> <span class='ocrx_word' id='word_1_254' title='bbox 748 3049 823 3106; x_wconf 87' lang='lat' dir='ltr'><strong>libro</strong></span> <span class='ocrx_word' id='word_1_255' title='bbox 835 3047 872 3106; x_wconf 91' lang='lat' dir='ltr'><strong>de</strong></span> <span class='ocrx_word' id='word_1_256' title='bbox 886 3047 1067 3106; x_wconf 80' lang='lat' dir='ltr'><strong>orthodoxia</strong></span> <span class='ocrx_word' id='word_1_257' title='bbox 1081 3047 1128 3106; x_wconf 88' lang='lat' dir='ltr'><strong>Ss.</strong></span> <span class='ocrx_word' id='word_1_258' title='bbox 1144 3047 1212 3105; x_wconf 87' lang='lat' dir='ltr'><strong>Per·</strong></span> 
     </span>
     <span class='ocr_line' id='line_1_30' title="bbox 136 3143 1212 3221; baseline -0.001 -20"><span class='ocrx_word' id='word_1_259' title='bbox 136 3147 240 3216; x_wconf 87' lang='lat' dir='ltr'><strong>petuae</strong></span> <span class='ocrx_word' id='word_1_260' title='bbox 264 3149 294 3202; x_wconf 91' lang='lat' dir='ltr'><strong>et</strong></span> <span class='ocrx_word' id='word_1_261' title='bbox 315 3143 473 3204; x_wconf 82' lang='lat' dir='ltr'><strong>Felicitatis</strong></span> <span class='ocrx_word' id='word_1_262' title='bbox 493 3151 522 3204; x_wconf 91' lang='lat' dir='ltr'><strong>et</strong></span> <span class='ocrx_word' id='word_1_263' title='bbox 541 3148 704 3221; x_wconf 86' lang='lat' dir='ltr'><strong>sociorum,</strong></span> <span class='ocrx_word' id='word_1_264' title='bbox 727 3145 875 3203; x_wconf 86' lang='lat' dir='ltr'><strong>vindicata</strong></span> <span class='ocrx_word' id='word_1_265' title='bbox 895 3149 997 3202; x_wconf 89' lang='lat' dir='ltr'><strong>contra</strong></span> <span class='ocrx_word' id='word_1_266' title='bbox 1015 3143 1212 3219; x_wconf 77' lang='lat' dir='ltr'><strong>Basnagium3</strong></span> 
     </span>
     <span class='ocr_line' id='line_1_31' title="bbox 100 3241 1022 3318; baseline 0.002 -19"><span class='ocrx_word' id='word_1_267' title='bbox 100 3261 105 3272; x_wconf 92' lang='lat'><strong>·</strong></span> <span class='ocrx_word' id='word_1_268' title='bbox 137 3257 202 3316; x_wconf 87' lang='lat' dir='ltr'><strong>cap.</strong></span> <span class='ocrx_word' id='word_1_269' title='bbox 226 3241 263 3302; x_wconf 89' lang='lat' dir='ltr'><strong>V.</strong></span> <span class='ocrx_word' id='word_1_270' title='bbox 286 3241 314 3318; x_wconf 73' lang='lat' dir='ltr'><strong>s.</strong></span> <span class='ocrx_word' id='word_1_271' title='bbox 339 3250 368 3301; x_wconf 82' lang='lat'><strong>5.</strong></span> <span class='ocrx_word' id='word_1_272' title='bbox 1018 3249 1022 3258; x_wconf 90' lang='grc'><em>“</em></span> 
     </span>
    </p>

    <p class='ocr_par' dir='ltr' id='par_1_4' title="bbox 135 3337 1213 4008">
     <span class='ocr_line' id='line_1_32' title="bbox 177 3337 1213 3418; baseline 0 -20"><span class='ocrx_word' id='word_1_273' title='bbox 177 3339 290 3402; x_wconf 86' lang='lat' dir='ltr'><strong>saeonli</strong></span> <span class='ocrx_word' id='word_1_274' title='bbox 310 3343 389 3400; x_wconf 90' lang='lat' dir='ltr'><strong>tertii</strong></span> <span class='ocrx_word' id='word_1_275' title='bbox 409 3342 505 3418; x_wconf 86' lang='lat' dir='ltr'><strong>exitu,</strong></span> <span class='ocrx_word' id='word_1_276' title='bbox 527 3342 675 3402; x_wconf 84' lang='lat' dir='ltr'><strong>Arnobius</strong></span> <span class='ocrx_word' id='word_1_277' title='bbox 695 3341 936 3416; x_wconf 83' lang='lat' dir='ltr'><strong>contradentes,</strong></span> <span class='ocrx_word' id='word_1_278' title='bbox 957 3337 1032 3398; x_wconf 90' lang='lat' dir='ltr'><strong>libro</strong></span> <span class='ocrx_word' id='word_1_279' title='bbox 1052 3345 1156 3414; x_wconf 63' lang='lat' dir='ltr'><strong>marm</strong></span> <span class='ocrx_word' id='word_1_280' title='bbox 1176 3337 1213 3398; x_wconf 91' lang='lat' dir='ltr'><strong>de</strong></span> 
     </span>
     <span class='ocr_line' id='line_1_33' title="bbox 136 3437 1213 3517; baseline -0.001 -19"><span class='ocrx_word' id='word_1_281' title='bbox 136 3437 213 3514; x_wconf 86' lang='lat' dir='ltr'><strong>fine,</strong></span> <span class='ocrx_word' id='word_1_282' title='bbox 235 3441 296 3498; x_wconf 89' lang='lat' dir='ltr'><strong>ait:</strong></span> <span class='ocrx_word' id='word_1_283' title='bbox 323 3465 336 3490; x_wconf 74' lang='lat' dir='ltr'><strong>o</strong></span> <span class='ocrx_word' id='word_1_284' title='bbox 351 3439 428 3499; x_wconf 90' lang='lat' dir='ltr'><strong>Nam</strong></span> <span class='ocrx_word' id='word_1_285' title='bbox 446 3447 548 3500; x_wconf 90' lang='lat' dir='ltr'><strong>nostra</strong></span> <span class='ocrx_word' id='word_1_286' title='bbox 560 3439 704 3517; x_wconf 87' lang='lat' dir='ltr'><strong>quaedam</strong></span> <span class='ocrx_word' id='word_1_287' title='bbox 715 3443 824 3515; x_wconf 85' lang='lat' dir='ltr'><strong>scripta</strong></span> <span class='ocrx_word' id='word_1_288' title='bbox 837 3455 889 3498; x_wconf 90' lang='lat' dir='ltr'><strong>cnr</strong></span> <span class='ocrx_word' id='word_1_289' title='bbox 909 3437 1026 3516; x_wconf 80' lang='lat' dir='ltr'><strong>ignibus</strong></span> <span class='ocrx_word' id='word_1_290' title='bbox 1045 3444 1213 3497; x_wconf 88' lang='lat' dir='ltr'><strong>meruerunt</strong></span> 
     </span>
     <span class='ocr_line' id='line_1_34' title="bbox 137 3534 1213 3614; baseline 0 -21"><span class='ocrx_word' id='word_1_291' title='bbox 137 3534 202 3594; x_wconf 83' lang='lat' dir='ltr'><strong>dari</strong></span> <span class='ocrx_word' id='word_1_292' title='bbox 216 3537 229 3595; x_wconf 88' lang='lat' dir='ltr'><strong>i</strong></span> <span class='ocrx_word' id='word_1_293' title='bbox 248 3537 306 3596; x_wconf 87' lang='lat' dir='ltr'><strong>Cur</strong></span> <span class='ocrx_word' id='word_1_294' title='bbox 327 3539 453 3596; x_wconf 90' lang='lat' dir='ltr'><strong>inaniter</strong></span> <span class='ocrx_word' id='word_1_295' title='bbox 466 3538 670 3598; x_wconf 85' lang='lat' dir='ltr'><strong>conventicula</strong></span> <span class='ocrx_word' id='word_1_296' title='bbox 683 3538 779 3614; x_wconf 88' lang='lat' dir='ltr'><strong>dirui,</strong></span> <span class='ocrx_word' id='word_1_297' title='bbox 801 3539 832 3595; x_wconf 91' lang='lat' dir='ltr'><strong>in</strong></span> <span class='ocrx_word' id='word_1_298' title='bbox 846 3536 953 3613; x_wconf 79' lang='lat' dir='ltr'><strong>quibem</strong></span> <span class='ocrx_word' id='word_1_299' title='bbox 966 3549 1098 3595; x_wconf 83' lang='lat' dir='ltr'><strong>snmmns</strong></span> <span class='ocrx_word' id='word_1_300' title='bbox 1111 3541 1213 3594; x_wconf 88' lang='lat' dir='ltr'><strong>oratur</strong></span> 
     </span>
     <span class='ocr_line' id='line_1_35' title="bbox 135 3633 1213 3712; baseline -0.001 -20"><span class='ocrx_word' id='word_1_301' title='bbox 135 3633 234 3710; x_wconf 87' lang='lat' dir='ltr'><strong>Deus,</strong></span> <span class='ocrx_word' id='word_1_302' title='bbox 255 3651 315 3712; x_wconf 90' lang='lat' dir='ltr'><strong>pax</strong></span> <span class='ocrx_word' id='word_1_303' title='bbox 334 3637 468 3712; x_wconf 88' lang='lat' dir='ltr'><strong>cunctis,</strong></span> <span class='ocrx_word' id='word_1_304' title='bbox 489 3643 518 3695; x_wconf 89' lang='lat' dir='ltr'><strong>et</strong></span> <span class='ocrx_word' id='word_1_305' title='bbox 538 3638 624 3695; x_wconf 89' lang='lat' dir='ltr'><strong>venia</strong></span> <span class='ocrx_word' id='word_1_306' title='bbox 644 3637 808 3712; x_wconf 88' lang='lat' dir='ltr'><strong>postulatur</strong></span> <span class='ocrx_word' id='word_1_307' title='bbox 834 3634 1079 3712; x_wconf 87' lang='lat' dir='ltr'><strong>magistratibus,</strong></span> <span class='ocrx_word' id='word_1_308' title='bbox 1105 3634 1213 3692; x_wconf 86' lang='lat' dir='ltr'><strong>exerci-</strong></span> 
     </span>
     <span class='ocr_line' id='line_1_36' title="bbox 135 3729 1211 3811; baseline 0 -22"><span class='ocrx_word' id='word_1_309' title='bbox 135 3729 235 3808; x_wconf 89' lang='lat' dir='ltr'><strong>tibus,</strong></span> <span class='ocrx_word' id='word_1_310' title='bbox 257 3732 395 3811; x_wconf 83' lang='lat' dir='ltr'><strong>reglbus,</strong></span> <span class='ocrx_word' id='word_1_311' title='bbox 417 3734 626 3811; x_wconf 78' lang='lat' dir='ltr'><strong>familiaribuS,</strong></span> <span class='ocrx_word' id='word_1_312' title='bbox 649 3735 774 3794; x_wconf 89' lang='lat' dir='ltr'><strong>inimicis</strong></span> <span class='ocrx_word' id='word_1_313' title='bbox 795 3733 892 3794; x_wconf 86' lang='lat' dir='ltr'><strong>adhue</strong></span> <span class='ocrx_word' id='word_1_314' title='bbox 906 3733 997 3792; x_wconf 87' lang='lat' dir='ltr'><strong>vitam</strong></span> <span class='ocrx_word' id='word_1_315' title='bbox 1019 3731 1211 3810; x_wconf 81' lang='lat' dir='ltr'><strong>degentibus,</strong></span> 
     </span>
     <span class='ocr_line' id='line_1_37' title="bbox 135 3828 1211 3909; baseline -0.002 -21"><span class='ocrx_word' id='word_1_316' title='bbox 135 3837 165 3888; x_wconf 92' lang='lat' dir='ltr'><strong>et</strong></span> <span class='ocrx_word' id='word_1_317' title='bbox 179 3831 313 3890; x_wconf 89' lang='lat' dir='ltr'><strong>resolutis</strong></span> <span class='ocrx_word' id='word_1_318' title='bbox 327 3849 482 3909; x_wconf 90' lang='lat' dir='ltr'><strong>corporum</strong></span> <span class='ocrx_word' id='word_1_319' title='bbox 502 3835 649 3894; x_wconf 83' lang='lat' dir='ltr'><strong>vinctione</strong></span> <span class='ocrx_word' id='word_1_320' title='bbox 660 3833 696 3892; x_wconf 81' lang='lat' dir='ltr'><strong>i»</strong></span> <span class='ocrx_word' id='word_1_321' title='bbox 720 3833 842 3892; x_wconf 89' lang='lat' dir='ltr'><strong>Ineunte</strong></span> <span class='ocrx_word' id='word_1_322' title='bbox 861 3831 983 3906; x_wconf 32' lang='lat' dir='ltr'><strong>saeculo,</strong></span> <span class='ocrx_word' id='word_1_323' title='bbox 996 3837 1120 3908; x_wconf 91' lang='lat' dir='ltr'><strong>quarto,</strong></span> <span class='ocrx_word' id='word_1_324' title='bbox 1141 3828 1211 3887; x_wconf 87' lang='lat' dir='ltr'><strong>Am-</strong></span> 
     </span>
     <span class='ocr_line' id='line_1_38' title="bbox 135 3930 1212 4008; baseline -0.001 -20"><span class='ocrx_word' id='word_1_325' title='bbox 135 3930 250 3992; x_wconf 89' lang='lat' dir='ltr'><strong>brosius</strong></span> <span class='ocrx_word' id='word_1_326' title='bbox 271 3931 431 3992; x_wconf 89' lang='lat' dir='ltr'><strong>Mediolani</strong></span> <span class='ocrx_word' id='word_1_327' title='bbox 450 3935 600 4008; x_wconf 72' lang='lat' dir='ltr'><strong>episcopm</strong></span> <span class='ocrx_word' id='word_1_328' title='bbox 615 3934 646 3990; x_wconf 89' lang='lat' dir='ltr'><strong>in</strong></span> <span class='ocrx_word' id='word_1_329' title='bbox 659 3933 791 3992; x_wconf 79' lang='lat' dir='ltr'><strong>oratione</strong></span> <span class='ocrx_word' id='word_1_330' title='bbox 811 3930 926 3990; x_wconf 85' lang='lat' dir='ltr'><strong>funebri</strong></span> <span class='ocrx_word' id='word_1_331' title='bbox 946 3930 1144 3992; x_wconf 85' lang='lat' dir='ltr'><strong>Valentiniani</strong></span> <span class='ocrx_word' id='word_1_332' title='bbox 1157 3930 1212 3989; x_wconf 91' lang='lat' dir='ltr'><strong>im·</strong></span> 
     </span>
    </p>
   </div>
   <div class='ocr_carea' id='block_1_3' title="bbox 137 4149 1206 4306">
    <p class='ocr_par' dir='ltr' id='par_1_5' title="bbox 137 4149 1206 4306">
     <span class='ocr_line' id='line_1_39' title="bbox 177 4149 1206 4226; baseline -0.004 -16"><span class='ocrx_word' id='word_1_333' title='bbox 177 4159 212 4224; x_wconf 76' lang='lat' dir='ltr'><strong>li)</strong></span> <span class='ocrx_word' id='word_1_334' title='bbox 229 4164 299 4210; x_wconf 82' lang='lat' dir='ltr'><strong>Tom.</strong></span> <span class='ocrx_word' id='word_1_335' title='bbox 320 4163 350 4211; x_wconf 87' lang='grc' dir='ltr'><strong>Χ.</strong></span> <span class='ocrx_word' id='word_1_336' title='bbox 369 4164 441 4211; x_wconf 89' lang='lat' dir='ltr'><strong>llorn.</strong></span> <span class='ocrx_word' id='word_1_337' title='bbox 460 4166 499 4212; x_wconf 84' lang='lat' dir='ltr'><strong>li.</strong></span> <span class='ocrx_word' id='word_1_338' title='bbox 518 4162 572 4212; x_wconf 81' lang='lat' dir='ltr'><strong>Edi.</strong></span> <span class='ocrx_word' id='word_1_339' title='bbox 595 4163 713 4213; x_wconf 86' lang='lat' dir='ltr'><strong>lilontlan.</strong></span> <span class='ocrx_word' id='word_1_340' title='bbox 732 4189 761 4201; x_wconf 90' lang='lat'>-</span> <span class='ocrx_word' id='word_1_341' title='bbox 778 4162 812 4226; x_wconf 79' lang='lat' dir='ltr'><strong>(t)</strong></span> <span class='ocrx_word' id='word_1_342' title='bbox 837 4161 1043 4222; x_wconf 79' lang='lat' dir='ltr'><strong>interscriptos.</strong></span> <span class='ocrx_word' id='word_1_343' title='bbox 1062 4149 1206 4222; x_wconf 65' lang='lat' dir='ltr'><strong>Hippolyti,</strong></span> 
     </span>
     <span class='ocr_line' id='line_1_40' title="bbox 137 4239 552 4306; baseline 0.005 -16"><span class='ocrx_word' id='word_1_344' title='bbox 137 4239 197 4290; x_wconf 84' lang='lat' dir='ltr'><strong>edit.</strong></span> <span class='ocrx_word' id='word_1_345' title='bbox 215 4241 350 4306; x_wconf 74' lang='lat' dir='ltr'><strong>llamburgl</strong></span> <span class='ocrx_word' id='word_1_346' title='bbox 368 4248 437 4294; x_wconf 85' lang='lat' dir='ltr'><strong>tito.</strong></span> <span class='ocrx_word' id='word_1_347' title='bbox 456 4257 480 4306; x_wconf 91' lang='lat' dir='ltr'><strong>p.</strong></span> <span class='ocrx_word' id='word_1_348' title='bbox 499 4250 552 4294; x_wconf 83' lang='lat' dir='ltr'><strong>iiii.</strong></span> 
     </span>
    </p>
   </div>
   <div class='ocr_carea' id='block_1_4' title="bbox 0 0 1553 5176">
    <p class='ocr_par' dir='ltr' id='par_1_6' title="bbox 0 0 1553 5176">
     <span class='ocr_line' id='line_1_41' title="bbox 0 0 1553 5176; baseline 0 0"><span class='ocrx_word' id='word_1_349' title='bbox 0 0 1553 5176; x_wconf 95' lang='lat' dir='ltr'><strong> </strong></span> 
     </span>
    </p>
   </div>
  </div>
 </body>
</html>
