3094 5184
750 459 753 464 .
844 417 1001 466 -nn-

388 543 444 604 que
461 496 512 602 per
525 523 633 584 orelam
646 521 832 582 traditionem
846 505 975 584 Ecclesia
988 521 1081 583 ildelis
1094 521 1204 583 Christi
1215 537 1323 602 sponse
1336 528 1451 602 aceepit,

303 608 310 622 ⁶
387 621 548 699 stabilivit,
569 627 599 681 et
618 621 655 682 ad
675 621 753 681 hanc
769 636 862 698 usque
877 620 956 680 diem
969 627 1106 698 perpetuo
1119 627 1209 680 unm.
1228 621 1350 680 Nullum
1363 623 1450 697 enim,

386 727 420 779 ut
441 725 523 795 perte
545 723 640 795 prima
654 719 881 780 luculentissime
895 719 1043 779 iirmatnm
1068 725 1134 794 est,
1162 719 1338 795 concilium,
1367 720 1455 779 nullae

385 814 499 876 litterae
520 817 695 894 synodales,
716 823 746 875 et
758 817 923 894 encyclicae
937 832 1117 876 summorum
1130 808 1319 891 pontiiibum,
1335 815 1388 874 ubl
1399 819 1456 875 unl-

385 929 487 972 versae
506 912 651 973 Ecclesiae
669 914 845 974 christianae
863 914 999 974 coalescit
1017 911 1168 988 doctrina,
1189 914 1333 988 prosectis
1353 917 1454 988 tempo

386 1011 487 1087 ribus,
504 1012 668 1087 incipiendo
682 1010 857 1073 aClementa
869 1028 956 1088 papa,
971 1013 1022 1088 qni
1032 1009 1097 1071 divi
1110 1009 1188 1070 Petri
1202 1009 1335 1087 Apostoll
1347 1009 1454 1070 auditor

385 1109 487 1168 fultae
502 1109 632 1186 ejusdem
655 1125 804 1171 successor
814 1112 845 1168 in
859 1112 1025 1186 episcopatu
1048 1109 1179 1184 Romae,
1204 1123 1297 1186 usque
1319 1107 1359 1168 ad
1379 1125 1458 1185 syno

385 1205 456 1266 dum
479 1207 688 1284 tridentinam,
712 1223 863 1284 nunquam
893 1197 1015 1268 mentite
1045 1211 1136 1283 sunt,
1162 1223 1255 1283 neque
1280 1209 1313 1265 in
1341 1205 1458 1266 dubium

383 1312 527 1365 vocarunt
555 1304 770 1381 Scripturarum
799 1305 990 1366 Deutererum
1016 1303 1223 1379 divinitatem,
1260 1316 1334 1379 quas
1363 1319 1459 1380 propo-

384 1403 517 1482 gnandas
542 1417 696 1480 aggressus
717 1419 794 1462 sum.
820 1401 858 1460 Et
880 1402 936 1461 hoc
959 1407 1139 1478 postremum
1165 1405 1372 1478 argumentum
1397 1417 1459 1476 prae

385 1501 450 1560 aliis
467 1500 541 1560 mihi
560 1499 677 1560 videtur
696 1505 798 1576 aptum
815 1498 1006 1571 hebraeorum
1026 1501 1170 1559 vanitates
1186 1505 1216 1558 et
1229 1498 1459 1558 adversariorum

384 1598 585 1675 patefaciendo
605 1615 752 1675 errorem,
774 1600 884 1675 inquo
906 1599 1004 1656 miseri
1025 1603 1198 1673 versentau,
1224 1611 1397 1674 synagogae
1414 1597 1459 1656 he

382 1695 499 1756 braicee
520 1697 716 1758 adscribentes
736 1697 957 1772 auctoritatem,
980 1709 1055 1771 qnae
1076 1709 1196 1772 prorsus
1219 1693 1370 1753 Ecclesiae
1389 1693 1458 1752 cbri-

385 1797 497 1855 stianae
520 1795 674 1855 addicitur.
700 1819 712 1845 «
724 1794 771 1853 Ad
785 1793 928 1853 loannem
941 1809 1053 1870 usque,
1068 1793 1164 1870 inquit
1175 1791 1300 1852 Basilius
1323 1790 1365 1867 (i)
1378 1835 1387 1866 ,
1401 1805 1459 1866 pro

382 1894 482 1970 phetia
498 1895 592 1954 omnis
609 1909 697 1970 penes
712 1892 835 1969 judaeos
849 1893 949 1968 stetit,
965 1890 1016 1950 sed
1031 1890 1069 1950 ab
1087 1891 1138 1950 illo
1151 1896 1280 1968 tempore
1294 1891 1337 1948 eis
1354 1887 1457 1966 defuit,

382 2006 436 2050 nec
454 1996 499 2050 est
515 1989 593 2067 opud
607 1993 705 2068 ipsos,
721 1993 772 2068 qui
794 1992 866 2068 legis
887 2006 1005 2050 sensum
1020 1989 1107 2048 modo
1120 1989 1243 2065 spiritali
1258 1991 1458 2063 interpretetur

382 2085 421 2146 ob
441 2104 526 2164 eam,
548 2104 622 2165 quae
641 2088 743 2148 Israeli
763 2089 902 2164 contigit,
918 2088 1109 2162 coecitatem,
1131 2085 1183 2146 sed
1201 2083 1385 2162 benignitate
1401 2086 1456 2160 ejus

381 2185 432 2260 qui
456 2187 553 2259 posuit
579 2187 610 2244 in
635 2185 765 2244 Ecclesia
791 2185 918 2261 primum
942 2184 1123 2262 Apostolos,
1150 2182 1254 2271 deinde
1278 2182 1455 2260 Prophetas,

381 2298 459 2342 nunc
479 2285 511 2342 in
529 2283 658 2343 Ecclesia
679 2284 788 2343 donum
809 2283 977 2360 prophetiae
987 2285 1138 2360 reperitur.
1151 2307 1164 2333 e
1187 2281 1225 2341 Et
1244 2297 1362 2357 revera,
1384 2297 1456 2340 nuuc

380 2382 518 2457 temporis
536 2383 613 2440 inter
633 2380 772 2440 hebraeos
790 2385 1006 2441 contrectantur
1023 2379 1178 2457 tenebrae,
1199 2385 1229 2439 et
1241 2381 1318 2438 inter
1332 2377 1456 2437 christia·
1530 2431 1531 2434 ,

381 2483 435 2534 nos
458 2475 501 2534 sol
524 2476 673 2552 splendet3
695 2475 735 2535 ibi
754 2493 835 2554 nox,
856 2483 886 2537 et
904 2478 953 2537 bio
977 2478 1057 2555 dias3
1082 2477 1124 2536 ibi
1145 2475 1332 2553 reprobatio,
1360 2480 1390 2534 et
1411 2473 1456 2532 bic
1530 2475 1531 2502 ³

379 2570 624 2649 pratdestinati03
646 2573 686 2632 ibi
707 2590 798 2650 error,
820 2582 849 2634 et
867 2574 915 2634 hic
936 2579 1064 2653 veritas,
1089 2575 1130 2634 ibi
1149 2591 1241 2650 mors,
1262 2579 1292 2633 ct
1311 2573 1362 2632 hic
1386 2574 1453 2631 vita.

380 2667 441 2729 Nos
460 2672 579 2746 insuper
601 2687 660 2731 non
681 2679 787 2735 natura
804 2673 904 2751 judaei
924 2673 1014 2734 durae
1034 2675 1174 2749 cervicis,
1196 2687 1322 2749 quorum
1344 2670 1455 2730 indura·

379 2771 443 2826 tum
462 2769 595 2846 astcor,
616 2776 650 2829 ut
670 2786 729 2828 non
751 2771 939 2849 intelligant,
960 2777 989 2830 et
1009 2770 1085 2830 oculi
1105 2787 1205 2831 eorum
1214 2769 1364 2830 excoemu
1375 2773 1454 2843 sunt,

379 2859 431 2923 sed
449 2871 555 2924 natura
577 2867 698 2944 gentiles
721 2868 758 2928 eb
783 2869 907 2930 oleastro
922 2855 1032 2947 excisi,
1060 2871 1131 2929 socii
1156 2868 1370 2946 pinguedinum
1388 2865 1453 2925 facti

379 2975 503 3039 sumus,
525 2977 559 3022 ao
575 2965 804 3051 superaedificati
826 2985 912 3044 super
935 2949 1157 3028 fundamentum
1180 2965 1410 3043 Apostolorum,
1428 2969 1455 3021 et

378 3055 609 3138 Prophetarum,
630 3065 694 3138 ipso
718 3079 833 3123 summo
860 3066 993 3144 angulari
1018 3063 1112 3140 lepide
1138 3064 1253 3123 Christo
1278 3061 1363 3122 Jesu.
1391 3060 1452 3119 Non

378 3169 447 3236 ergo
470 3173 651 3236 synagogam
675 3160 865 3222 hebraeorum
885 3207 894 3240 ,
923 3163 974 3223 sed
997 3163 1104 3223 Christi
1129 3161 1291 3221 Ecclesiam
1320 3157 1450 3218 lubenter
1529 3149 1530 3152 ’

378 3257 408 3311 et
427 3253 561 3344 alacriter
581 3255 753 3335 audiamus,
775 3276 813 3319 ne
828 3277 882 3338 ee,
900 3277 976 3338 quae
989 3259 1135 3322 destructa
1150 3263 1239 3338 sunt,
1254 3259 1364 3320 iterum
1378 3269 1451 3315 reae

374 3347 527 3414 dificantes
546 3357 822 3430 praevaricationem
841 3363 972 3419 nostram
992 3358 1212 3420 constituemus.

382 3559 385 3569 .
409 3520 453 3584 ,(1)
473 3522 694 3578 [alestanum.
