<?xml version="1.0" encoding="UTF-8"?>
<!DOCTYPE html PUBLIC "-//W3C//DTD XHTML 1.0 Transitional//EN"
    "http://www.w3.org/TR/xhtml1/DTD/xhtml1-transitional.dtd">
<html xmlns="http://www.w3.org/1999/xhtml" xml:lang="en" lang="en">
 <head>
  <title>
</title>
<meta http-equiv="Content-Type" content="text/html;charset=utf-8" />
  <meta name='ocr-system' content='tesseract 3.04.00' />
  <meta name='ocr-capabilities' content='ocr_page ocr_carea ocr_par ocr_line ocrx_word'/>
</head>
<body>
  <div class='ocr_page' id='page_1' title='image "./sessioquartacon00vincgoog_0398.png"; bbox 0 0 3094 5184; ppageno 0'>
   <div class='ocr_carea' id='block_1_1' title="bbox 105 371 1183 658">
    <p class='ocr_par' dir='ltr' id='par_1_1' title="bbox 105 371 1183 658">
     <span class='ocr_line' id='line_1_1' title="bbox 560 371 718 426; baseline 0 -18"><span class='ocrx_word' id='word_1_1' title='bbox 560 393 600 408; x_wconf 77' lang='lat'>-</span> <span class='ocrx_word' id='word_1_2' title='bbox 620 371 658 426; x_wconf 78' lang='grc'><strong>95</strong></span> <span class='ocrx_word' id='word_1_3' title='bbox 679 397 718 408; x_wconf 90' lang='grc'><strong>.-</strong></span> 
     </span>
     <span class='ocr_line' id='line_1_2' title="bbox 105 477 1180 560; baseline 0.002 -18"><span class='ocrx_word' id='word_1_4' title='bbox 105 477 246 542; x_wconf 77' lang='lat' dir='ltr'><strong>tattonis</strong></span> <span class='ocrx_word' id='word_1_5' title='bbox 268 477 411 557; x_wconf 73' lang='lat' dir='ltr'><strong>Domine,</strong></span> <span class='ocrx_word' id='word_1_6' title='bbox 432 495 537 540; x_wconf 86' lang='lat' dir='ltr'><strong>munus</strong></span> <span class='ocrx_word' id='word_1_7' title='bbox 556 481 734 557; x_wconf 84' lang='lat' dir='ltr'><strong>impietatis;</strong></span> <span class='ocrx_word' id='word_1_8' title='bbox 754 481 875 542; x_wconf 92' lang='lat' dir='ltr'><strong>nomina</strong></span> <span class='ocrx_word' id='word_1_9' title='bbox 901 481 1020 560; x_wconf 76' lang='lat' dir='ltr'>insuper</span> <span class='ocrx_word' id='word_1_10' title='bbox 1047 485 1180 544; x_wconf 83' lang='lat' dir='ltr'><strong>ulotlrna·</strong></span> 
     </span>
     <span class='ocr_line' id='line_1_3' title="bbox 105 578 1183 658; baseline 0.003 -16"><span class='ocrx_word' id='word_1_11' title='bbox 105 595 184 658; x_wconf 89' lang='lat' dir='ltr'><strong>rum,</strong></span> <span class='ocrx_word' id='word_1_12' title='bbox 199 579 324 657; x_wconf 88' lang='lat' dir='ltr'><strong>aitaris,</strong></span> <span class='ocrx_word' id='word_1_13' title='bbox 339 578 440 656; x_wconf 88' lang='lat' dir='ltr'><strong>templi</strong></span> <span class='ocrx_word' id='word_1_14' title='bbox 453 583 484 638; x_wconf 90' lang='lat' dir='ltr'><strong>et</strong></span> <span class='ocrx_word' id='word_1_15' title='bbox 495 584 675 656; x_wconf 72' lang='lat' dir='ltr'><strong>ceterorum,</strong></span> <span class='ocrx_word' id='word_1_16' title='bbox 690 595 767 656; x_wconf 89' lang='lat' dir='ltr'><strong>quae</strong></span> <span class='ocrx_word' id='word_1_17' title='bbox 779 579 818 640; x_wconf 87' lang='lat' dir='ltr'><strong>ad</strong></span> <span class='ocrx_word' id='word_1_18' title='bbox 830 581 1026 644; x_wconf 76' lang='lat' dir='ltr'><strong>institutiones</strong></span> <span class='ocrx_word' id='word_1_19' title='bbox 1040 586 1183 645; x_wconf 78' lang='lat' dir='ltr'><strong>mesalum</strong></span> 
     </span>
    </p>
   </div>
   <div class='ocr_carea' id='block_1_2' title="bbox 102 676 1187 1642">
    <p class='ocr_par' dir='ltr' id='par_1_2' title="bbox 102 676 1187 1346">
     <span class='ocr_line' id='line_1_4' title="bbox 102 676 1183 759; baseline 0.004 -21"><span class='ocrx_word' id='word_1_20' title='bbox 102 676 284 756; x_wconf 85' lang='lat' dir='ltr'><strong>pertinebant</strong></span> <span class='ocrx_word' id='word_1_21' title='bbox 295 682 325 738; x_wconf 87' lang='lat' dir='ltr'><strong>et</strong></span> <span class='ocrx_word' id='word_1_22' title='bbox 338 677 376 738; x_wconf 88' lang='lat' dir='ltr'><strong>ad</strong></span> <span class='ocrx_word' id='word_1_23' title='bbox 394 691 510 754; x_wconf 88' lang='lat' dir='ltr'><strong>mores,</strong></span> <span class='ocrx_word' id='word_1_24' title='bbox 531 683 561 736; x_wconf 91' lang='lat' dir='ltr'><strong>et</strong></span> <span class='ocrx_word' id='word_1_25' title='bbox 579 693 681 738; x_wconf 92' lang='lat' dir='ltr'><strong>eorum</strong></span> <span class='ocrx_word' id='word_1_26' title='bbox 696 677 919 740; x_wconf 88' lang='lat' dir='ltr'><strong>eonsuetudines</strong></span> <span class='ocrx_word' id='word_1_27' title='bbox 933 681 965 739; x_wconf 91' lang='lat' dir='ltr'><strong>ln</strong></span> <span class='ocrx_word' id='word_1_28' title='bbox 977 679 1078 756; x_wconf 91' lang='lat' dir='ltr'><strong>popuii</strong></span> <span class='ocrx_word' id='word_1_29' title='bbox 1095 682 1183 759; x_wconf 86' lang='lat' dir='ltr'><strong>gestis</strong></span> 
     </span>
     <span class='ocr_line' id='line_1_5' title="bbox 102 773 1185 854; baseline 0.002 -16"><span class='ocrx_word' id='word_1_30' title='bbox 102 775 306 854; x_wconf 78' lang='lat' dir='ltr'><strong>rmemendis,</strong></span> <span class='ocrx_word' id='word_1_31' title='bbox 335 774 494 836; x_wconf 84' lang='lat' dir='ltr'><strong>hebraeum</strong></span> <span class='ocrx_word' id='word_1_32' title='bbox 520 774 611 836; x_wconf 79' lang='lat' dir='ltr'><strong>tuisse</strong></span> <span class='ocrx_word' id='word_1_33' title='bbox 635 773 740 836; x_wconf 84' lang='lat' dir='ltr'><strong>horum</strong></span> <span class='ocrx_word' id='word_1_34' title='bbox 767 775 909 838; x_wconf 83' lang='lat' dir='ltr'><strong>libromm</strong></span> <span class='ocrx_word' id='word_1_35' title='bbox 934 783 1084 840; x_wconf 79' lang='lat' dir='ltr'>auctorem</span> <span class='ocrx_word' id='word_1_36' title='bbox 1112 781 1185 840; x_wconf 90' lang='lat' dir='ltr'><strong>satis</strong></span> 
     </span>
     <span class='ocr_line' id='line_1_6' title="bbox 104 859 1185 952; baseline 0.002 -16"><span class='ocrx_word' id='word_1_37' title='bbox 104 873 267 936; x_wconf 84' lang='lat' dir='ltr'><strong>ostendunt.</strong></span> <span class='ocrx_word' id='word_1_38' title='bbox 289 873 391 952; x_wconf 85' lang='lat' dir='ltr'><strong>itaque</strong></span> <span class='ocrx_word' id='word_1_39' title='bbox 406 874 476 934; x_wconf 90' lang='lat' dir='ltr'><strong>lieet</strong></span> <span class='ocrx_word' id='word_1_40' title='bbox 496 871 652 934; x_wconf 88' lang='lat' dir='ltr'><strong>verborum</strong></span> <span class='ocrx_word' id='word_1_41' title='bbox 674 872 836 936; x_wconf 84' lang='lat' dir='ltr'><strong>translatus</strong></span> <span class='ocrx_word' id='word_1_42' title='bbox 851 873 924 934; x_wconf 89' lang='lat' dir='ltr'><strong>ordo</strong></span> <span class='ocrx_word' id='word_1_43' title='bbox 941 873 980 936; x_wconf 81' lang='lat' dir='ltr'><strong>ab</strong></span> <span class='ocrx_word' id='word_1_44' title='bbox 998 859 1124 938; x_wconf 83' lang='lat' dir='ltr'><strong>hebraea</strong></span> <span class='ocrx_word' id='word_1_45' title='bbox 1142 875 1185 938; x_wconf 92' lang='lat' dir='ltr'><strong>di·</strong></span> 
     </span>
     <span class='ocr_line' id='line_1_7' title="bbox 105 968 1187 1056; baseline 0.003 -24"><span class='ocrx_word' id='word_1_46' title='bbox 105 972 195 1032; x_wconf 81' lang='lat' dir='ltr'><strong>ctione</strong></span> <span class='ocrx_word' id='word_1_47' title='bbox 209 970 320 1032; x_wconf 87' lang='lat' dir='ltr'><strong>alienus</strong></span> <span class='ocrx_word' id='word_1_48' title='bbox 330 1013 340 1049; x_wconf 95' lang='lat'><strong>,</strong></span> <span class='ocrx_word' id='word_1_49' title='bbox 349 978 379 1032; x_wconf 89' lang='lat' dir='ltr'><strong>et</strong></span> <span class='ocrx_word' id='word_1_50' title='bbox 396 968 553 1032; x_wconf 85' lang='lat' dir='ltr'><strong>verborum</strong></span> <span class='ocrx_word' id='word_1_51' title='bbox 572 969 738 1056; x_wconf 76' lang='lat' dir='ltr'><strong>emphatica</strong></span> <span class='ocrx_word' id='word_1_52' title='bbox 751 977 782 1034; x_wconf 90' lang='lat' dir='ltr'><strong>et</strong></span> <span class='ocrx_word' id='word_1_53' title='bbox 798 971 922 1050; x_wconf 83' lang='lat' dir='ltr'><strong>prodiga</strong></span> <span class='ocrx_word' id='word_1_54' title='bbox 938 971 1090 1051; x_wconf 81' lang='lat' dir='ltr'><strong>luxurias,</strong></span> <span class='ocrx_word' id='word_1_55' title='bbox 1109 990 1187 1052; x_wconf 89' lang='lat' dir='ltr'><strong>qnae</strong></span> 
     </span>
     <span class='ocr_line' id='line_1_8' title="bbox 107 1067 1187 1149; baseline 0.004 -19"><span class='ocrx_word' id='word_1_56' title='bbox 107 1069 212 1148; x_wconf 89' lang='lat' dir='ltr'><strong>ubique</strong></span> <span class='ocrx_word' id='word_1_57' title='bbox 233 1069 300 1130; x_wconf 87' lang='lat' dir='ltr'><strong>iibri</strong></span> <span class='ocrx_word' id='word_1_58' title='bbox 321 1067 484 1145; x_wconf 86' lang='lat' dir='ltr'><strong>Sapientiae</strong></span> <span class='ocrx_word' id='word_1_59' title='bbox 502 1073 531 1130; x_wconf 90' lang='lat' dir='ltr'><strong>et</strong></span> <span class='ocrx_word' id='word_1_60' title='bbox 549 1085 588 1132; x_wconf 88' lang='lat' dir='ltr'><strong>rr.</strong></span> <span class='ocrx_word' id='word_1_61' title='bbox 604 1067 850 1132; x_wconf 81' lang='lat' dir='ltr'><strong>Machabaeorum</strong></span> <span class='ocrx_word' id='word_1_62' title='bbox 865 1072 1039 1149; x_wconf 75' lang='lat' dir='ltr'><strong>inspicitur,</strong></span> <span class='ocrx_word' id='word_1_63' title='bbox 1058 1073 1187 1142; x_wconf 84' lang='lat' dir='ltr'><strong>innuunt</strong></span> 
     </span>
     <span class='ocr_line' id='line_1_9' title="bbox 106 1167 1185 1248; baseline 0.002 -18"><span class='ocrx_word' id='word_1_64' title='bbox 106 1171 234 1230; x_wconf 82' lang='lat' dir='ltr'><strong>turtures</strong></span> <span class='ocrx_word' id='word_1_65' title='bbox 251 1169 285 1228; x_wconf 91' lang='lat' dir='ltr'><strong>in</strong></span> <span class='ocrx_word' id='word_1_66' title='bbox 307 1183 477 1245; x_wconf 86' lang='lat' dir='ltr'><strong>greeeorum</strong></span> <span class='ocrx_word' id='word_1_67' title='bbox 494 1167 660 1246; x_wconf 82' lang='lat' dir='ltr'><strong>eloquentia</strong></span> <span class='ocrx_word' id='word_1_68' title='bbox 677 1173 829 1246; x_wconf 75' lang='lat' dir='ltr'><strong>versatos,</strong></span> <span class='ocrx_word' id='word_1_69' title='bbox 850 1175 980 1230; x_wconf 88' lang='lat' dir='ltr'><strong>attamen</strong></span> <span class='ocrx_word' id='word_1_70' title='bbox 998 1175 1065 1248; x_wconf 88' lang='lat' dir='ltr'><strong>post</strong></span> <span class='ocrx_word' id='word_1_71' title='bbox 1079 1185 1112 1232; x_wconf 86' lang='lat' dir='ltr'><strong>se</strong></span> <span class='ocrx_word' id='word_1_72' title='bbox 1129 1170 1185 1231; x_wconf 94' lang='lat' dir='ltr'><strong>lin·</strong></span> 
     </span>
     <span class='ocr_line' id='line_1_10' title="bbox 107 1263 996 1346; baseline 0.002 -18"><span class='ocrx_word' id='word_1_73' title='bbox 107 1281 179 1345; x_wconf 88' lang='lat' dir='ltr'><strong>guae</strong></span> <span class='ocrx_word' id='word_1_74' title='bbox 200 1263 353 1328; x_wconf 83' lang='lat' dir='ltr'><strong>hebraicae</strong></span> <span class='ocrx_word' id='word_1_75' title='bbox 374 1281 490 1344; x_wconf 89' lang='lat' dir='ltr'><strong>quoque</strong></span> <span class='ocrx_word' id='word_1_76' title='bbox 511 1269 636 1344; x_wconf 86' lang='lat' dir='ltr'><strong>vestigia</strong></span> <span class='ocrx_word' id='word_1_77' title='bbox 654 1267 798 1330; x_wconf 81' lang='lat' dir='ltr'><strong>monnio</strong></span> <span class='ocrx_word' id='word_1_78' title='bbox 816 1267 996 1346; x_wconf 91' lang='lat' dir='ltr'><strong>relinquunt.</strong></span> 
     </span>
    </p>

    <p class='ocr_par' dir='ltr' id='par_1_3' title="bbox 109 1363 1186 1642">
     <span class='ocr_line' id='line_1_11' title="bbox 143 1363 1185 1445; baseline 0.006 -21"><span class='ocrx_word' id='word_1_79' title='bbox 143 1364 171 1442; x_wconf 78' lang='lat' dir='ltr'><strong>s.</strong></span> <span class='ocrx_word' id='word_1_80' title='bbox 187 1363 227 1426; x_wconf 85' lang='lat' dir='ltr'><strong>ti.</strong></span> <span class='ocrx_word' id='word_1_81' title='bbox 247 1363 378 1441; x_wconf 88' lang='lat' dir='ltr'><strong>Denique</strong></span> <span class='ocrx_word' id='word_1_82' title='bbox 398 1364 478 1426; x_wconf 89' lang='lat' dir='ltr'><strong>aliud</strong></span> <span class='ocrx_word' id='word_1_83' title='bbox 497 1367 615 1444; x_wconf 86' lang='lat' dir='ltr'><strong>signum</strong></span> <span class='ocrx_word' id='word_1_84' title='bbox 629 1372 761 1443; x_wconf 83' lang='lat' dir='ltr'><strong>superest</strong></span> <span class='ocrx_word' id='word_1_85' title='bbox 783 1365 839 1428; x_wconf 86' lang='lat' dir='ltr'><strong>hae</strong></span> <span class='ocrx_word' id='word_1_86' title='bbox 851 1368 883 1426; x_wconf 88' lang='lat' dir='ltr'><strong>in</strong></span> <span class='ocrx_word' id='word_1_87' title='bbox 899 1368 1096 1444; x_wconf 79' lang='lat' dir='ltr'><strong>propositione</strong></span> <span class='ocrx_word' id='word_1_88' title='bbox 1114 1383 1185 1445; x_wconf 89' lang='lat' dir='ltr'><strong>pou·</strong></span> 
     </span>
     <span class='ocr_line' id='line_1_12' title="bbox 109 1461 1185 1546; baseline 0.004 -22"><span class='ocrx_word' id='word_1_89' title='bbox 109 1461 280 1542; x_wconf 79' lang='lat' dir='ltr'><strong>derandum,</strong></span> <span class='ocrx_word' id='word_1_90' title='bbox 301 1464 380 1542; x_wconf 91' lang='lat' dir='ltr'><strong>quod</strong></span> <span class='ocrx_word' id='word_1_91' title='bbox 399 1465 565 1542; x_wconf 88' lang='lat' dir='ltr'><strong>interpretis</strong></span> <span class='ocrx_word' id='word_1_92' title='bbox 584 1467 681 1543; x_wconf 85' lang='lat' dir='ltr'><strong>sueri,</strong></span> <span class='ocrx_word' id='word_1_93' title='bbox 703 1481 739 1526; x_wconf 90' lang='lat' dir='ltr'><strong>ao</strong></span> <span class='ocrx_word' id='word_1_94' title='bbox 751 1464 892 1544; x_wconf 84' lang='lat' dir='ltr'><strong>philologi</strong></span> <span class='ocrx_word' id='word_1_95' title='bbox 906 1471 1032 1526; x_wconf 87' lang='lat' dir='ltr'><strong>mentem</strong></span> <span class='ocrx_word' id='word_1_96' title='bbox 1045 1466 1185 1546; x_wconf 87' lang='lat' dir='ltr'><strong>postulat,</strong></span> 
     </span>
     <span class='ocr_line' id='line_1_13' title="bbox 110 1561 1186 1642; baseline 0.002 -18"><span class='ocrx_word' id='word_1_97' title='bbox 110 1568 139 1624; x_wconf 90' lang='lat' dir='ltr'><strong>et</strong></span> <span class='ocrx_word' id='word_1_98' title='bbox 165 1561 221 1624; x_wconf 88' lang='lat' dir='ltr'><strong>hoe</strong></span> <span class='ocrx_word' id='word_1_99' title='bbox 245 1567 291 1624; x_wconf 89' lang='lat' dir='ltr'><strong>aut</strong></span> <span class='ocrx_word' id='word_1_100' title='bbox 316 1561 531 1640; x_wconf 87' lang='lat' dir='ltr'><strong>parallelismus</strong></span> <span class='ocrx_word' id='word_1_101' title='bbox 557 1566 788 1641; x_wconf 85' lang='lat' dir='ltr'><strong>sententiarum,</strong></span> <span class='ocrx_word' id='word_1_102' title='bbox 812 1565 864 1641; x_wconf 90' lang='lat' dir='ltr'><strong>qui</strong></span> <span class='ocrx_word' id='word_1_103' title='bbox 889 1564 998 1642; x_wconf 88' lang='lat' dir='ltr'><strong>ubique</strong></span> <span class='ocrx_word' id='word_1_104' title='bbox 1021 1566 1053 1625; x_wconf 94' lang='lat' dir='ltr'><strong>in</strong></span> <span class='ocrx_word' id='word_1_105' title='bbox 1077 1565 1186 1626; x_wconf 86' lang='lat' dir='ltr'><strong>divinis</strong></span> 
     </span>
    </p>
   </div>
   <div class='ocr_carea' id='block_1_3' title="bbox 20 1659 1189 2329">
    <p class='ocr_par' dir='ltr' id='par_1_4' title="bbox 20 1659 1189 2329">
     <span class='ocr_line' id='line_1_14' title="bbox 20 1659 1187 1741; baseline 0.002 -19"><span class='ocrx_word' id='word_1_106' title='bbox 20 1717 21 1740; x_wconf 62' lang='lat'><strong>,</strong></span> <span class='ocrx_word' id='word_1_107' title='bbox 107 1659 260 1739; x_wconf 82' lang='lat' dir='ltr'><strong>Scripturis</strong></span> <span class='ocrx_word' id='word_1_108' title='bbox 278 1663 399 1724; x_wconf 81' lang='lat' dir='ltr'><strong>eruitrm.</strong></span> <span class='ocrx_word' id='word_1_109' title='bbox 422 1662 478 1722; x_wconf 89' lang='lat' dir='ltr'><strong>iiie</strong></span> <span class='ocrx_word' id='word_1_110' title='bbox 496 1677 568 1722; x_wconf 85' lang='lat' dir='ltr'><strong>vero</strong></span> <span class='ocrx_word' id='word_1_111' title='bbox 580 1659 812 1739; x_wconf 71' lang='lat' dir='ltr'><strong>parallelum,</strong></span> <span class='ocrx_word' id='word_1_112' title='bbox 834 1664 878 1724; x_wconf 90' lang='lat' dir='ltr'><strong>uti</strong></span> <span class='ocrx_word' id='word_1_113' title='bbox 892 1662 1036 1724; x_wconf 87' lang='lat' dir='ltr'><strong>deliniunt</strong></span> <span class='ocrx_word' id='word_1_114' title='bbox 1047 1662 1142 1741; x_wconf 84' lang='lat' dir='ltr'><strong>Jebb,</strong></span> <span class='ocrx_word' id='word_1_115' title='bbox 1157 1669 1187 1724; x_wconf 92' lang='lat' dir='ltr'><strong>et</strong></span> 
     </span>
     <span class='ocr_line' id='line_1_15' title="bbox 107 1757 1187 1839; baseline 0.002 -16.851"><span class='ocrx_word' id='word_1_116' title='bbox 107 1757 213 1822; x_wconf 83' lang='lat' dir='ltr'><strong>Lowri</strong></span> <span class='ocrx_word' id='word_1_117' title='bbox 230 1759 270 1838; x_wconf 84' lang='lat' dir='ltr'><strong>(i)</strong></span> <span class='ocrx_word' id='word_1_118' title='bbox 291 1761 420 1820; x_wconf 81' lang='lat' dir='ltr'><strong>maxime</strong></span> <span class='ocrx_word' id='word_1_119' title='bbox 439 1761 515 1822; x_wconf 84' lang='lat' dir='ltr'><strong>inter</strong></span> <span class='ocrx_word' id='word_1_120' title='bbox 535 1759 630 1838; x_wconf 89' lang='lat' dir='ltr'><strong>allos,</strong></span> <span class='ocrx_word' id='word_1_121' title='bbox 650 1761 702 1838; x_wconf 83' lang='lat' dir='ltr'><strong>qui</strong></span> <span class='ocrx_word' id='word_1_122' title='bbox 721 1760 759 1821; x_wconf 90' lang='lat' dir='ltr'><strong>de</strong></span> <span class='ocrx_word' id='word_1_123' title='bbox 781 1760 837 1822; x_wconf 89' lang='lat' dir='ltr'><strong>huo</strong></span> <span class='ocrx_word' id='word_1_124' title='bbox 858 1775 960 1839; x_wconf 82' lang='lat' dir='ltr'><strong>agere,</strong></span> <span class='ocrx_word' id='word_1_125' title='bbox 980 1767 1096 1824; x_wconf 75' lang='lat' dir='ltr'><strong>oomtat</strong></span> <span class='ocrx_word' id='word_1_126' title='bbox 1114 1777 1187 1839; x_wconf 88' lang='lat' dir='ltr'><strong>qua·</strong></span> 
     </span>
     <span class='ocr_line' id='line_1_16' title="bbox 20 1839 1187 1939; baseline 0.002 -19"><span class='ocrx_word' id='word_1_127' title='bbox 20 1839 21 1856; x_wconf 46' lang='lat'>¹</span> <span class='ocrx_word' id='word_1_128' title='bbox 107 1856 175 1920; x_wconf 92' lang='lat' dir='ltr'><strong>dam</strong></span> <span class='ocrx_word' id='word_1_129' title='bbox 206 1858 397 1922; x_wconf 83' lang='lat' dir='ltr'><strong>similitudine</strong></span> <span class='ocrx_word' id='word_1_130' title='bbox 431 1861 668 1937; x_wconf 86' lang='lat' dir='ltr'><strong>sententiarum,</strong></span> <span class='ocrx_word' id='word_1_131' title='bbox 697 1875 772 1936; x_wconf 87' lang='lat' dir='ltr'><strong>quae</strong></span> <span class='ocrx_word' id='word_1_132' title='bbox 794 1861 870 1921; x_wconf 91' lang='lat' dir='ltr'><strong>inter</strong></span> <span class='ocrx_word' id='word_1_133' title='bbox 893 1875 926 1922; x_wconf 90' lang='lat' dir='ltr'><strong>se</strong></span> <span class='ocrx_word' id='word_1_134' title='bbox 947 1866 1127 1939; x_wconf 80' lang='lat' dir='ltr'><strong>nectuntur,</strong></span> <span class='ocrx_word' id='word_1_135' title='bbox 1151 1876 1187 1922; x_wconf 88' lang='lat' dir='ltr'><strong>ae</strong></span> 
     </span>
     <span class='ocr_line' id='line_1_17' title="bbox 107 1956 1186 2036; baseline -0.001 -17"><span class='ocrx_word' id='word_1_136' title='bbox 107 1973 166 2020; x_wconf 90' lang='lat' dir='ltr'><strong>nna</strong></span> <span class='ocrx_word' id='word_1_137' title='bbox 183 1956 222 2018; x_wconf 92' lang='lat' dir='ltr'><strong>ad</strong></span> <span class='ocrx_word' id='word_1_138' title='bbox 239 1957 329 2019; x_wconf 88' lang='lat' dir='ltr'><strong>uilem</strong></span> <span class='ocrx_word' id='word_1_139' title='bbox 350 1959 506 2034; x_wconf 85' lang='lat' dir='ltr'><strong>respiciens</strong></span> <span class='ocrx_word' id='word_1_140' title='bbox 539 1959 601 2018; x_wconf 85' lang='lat' dir='ltr'><strong>vim</strong></span> <span class='ocrx_word' id='word_1_141' title='bbox 629 1959 773 2018; x_wconf 82' lang='lat' dir='ltr'><strong>sermonis</strong></span> <span class='ocrx_word' id='word_1_142' title='bbox 800 1957 936 2036; x_wconf 80' lang='lat' dir='ltr'><strong>adauget</strong></span> <span class='ocrx_word' id='word_1_143' title='bbox 964 1958 994 2018; x_wconf 91' lang='lat' dir='ltr'><strong>Is</strong></span> <span class='ocrx_word' id='word_1_144' title='bbox 1021 1975 1108 2035; x_wconf 88' lang='lat' dir='ltr'><strong>porro</strong></span> <span class='ocrx_word' id='word_1_145' title='bbox 1133 1957 1186 2018; x_wconf 89' lang='lat' dir='ltr'><strong>he·</strong></span> 
     </span>
     <span class='ocr_line' id='line_1_18' title="bbox 110 2054 1189 2134; baseline -0.001 -18"><span class='ocrx_word' id='word_1_146' title='bbox 110 2055 223 2116; x_wconf 87' lang='lat' dir='ltr'><strong>braieae</strong></span> <span class='ocrx_word' id='word_1_147' title='bbox 245 2054 450 2134; x_wconf 87' lang='lat' dir='ltr'><strong>eloquentiae,</strong></span> <span class='ocrx_word' id='word_1_148' title='bbox 475 2061 505 2117; x_wconf 90' lang='lat' dir='ltr'><strong>et</strong></span> <span class='ocrx_word' id='word_1_149' title='bbox 517 2057 687 2132; x_wconf 88' lang='lat' dir='ltr'><strong>praesertim</strong></span> <span class='ocrx_word' id='word_1_150' title='bbox 711 2057 811 2133; x_wconf 82' lang='lat' dir='ltr'><strong>poesi,</strong></span> <span class='ocrx_word' id='word_1_151' title='bbox 836 2061 953 2118; x_wconf 80' lang='lat' dir='ltr'><strong>tantum</strong></span> <span class='ocrx_word' id='word_1_152' title='bbox 969 2055 1133 2133; x_wconf 82' lang='lat' dir='ltr'><strong>addicitur,</strong></span> <span class='ocrx_word' id='word_1_153' title='bbox 1159 2060 1189 2116; x_wconf 89' lang='lat' dir='ltr'><strong>et</strong></span> 
     </span>
     <span class='ocr_line' id='line_1_19' title="bbox 20 2152 1186 2244; baseline -0.002 -30"><span class='ocrx_word' id='word_1_154' title='bbox 20 2219 23 2244; x_wconf 49' lang='grc' dir='ltr'>Ι</span> <span class='ocrx_word' id='word_1_155' title='bbox 108 2155 188 2214; x_wconf 85' lang='lat' dir='ltr'><strong>varie</strong></span> <span class='ocrx_word' id='word_1_156' title='bbox 204 2156 405 2232; x_wconf 81' lang='lat' dir='ltr'><strong>oompenitur3</strong></span> <span class='ocrx_word' id='word_1_157' title='bbox 419 2169 505 2231; x_wconf 87' lang='lat' dir='ltr'><strong>saepe</strong></span> <span class='ocrx_word' id='word_1_158' title='bbox 524 2156 602 2214; x_wconf 90' lang='lat' dir='ltr'><strong>enim</strong></span> <span class='ocrx_word' id='word_1_159' title='bbox 617 2153 830 2231; x_wconf 86' lang='lat' dir='ltr'><strong>parallelismus</strong></span> <span class='ocrx_word' id='word_1_160' title='bbox 845 2160 962 2216; x_wconf 75' lang='lat' dir='ltr'><strong>montet</strong></span> <span class='ocrx_word' id='word_1_161' title='bbox 976 2152 1102 2214; x_wconf 74' lang='lat' dir='ltr'><strong>datione</strong></span> <span class='ocrx_word' id='word_1_162' title='bbox 1114 2166 1186 2231; x_wconf 92' lang='lat' dir='ltr'><strong>uno,</strong></span> 
     </span>
     <span class='ocr_line' id='line_1_20' title="bbox 20 2249 1188 2329; baseline 0.001 -18"><span class='ocrx_word' id='word_1_163' title='bbox 20 2251 23 2260; x_wconf 82' lang='grc'>’</span> <span class='ocrx_word' id='word_1_164' title='bbox 110 2249 266 2329; x_wconf 85' lang='lat' dir='ltr'><strong>aliquando</strong></span> <span class='ocrx_word' id='word_1_165' title='bbox 285 2251 400 2313; x_wconf 90' lang='lat' dir='ltr'><strong>duobus</strong></span> <span class='ocrx_word' id='word_1_166' title='bbox 421 2258 451 2312; x_wconf 92' lang='lat' dir='ltr'><strong>et</strong></span> <span class='ocrx_word' id='word_1_167' title='bbox 473 2255 562 2314; x_wconf 76' lang='lat' dir='ltr'><strong>edam</strong></span> <span class='ocrx_word' id='word_1_168' title='bbox 585 2251 690 2314; x_wconf 88' lang='lat' dir='ltr'><strong>tribus.</strong></span> <span class='ocrx_word' id='word_1_169' title='bbox 712 2253 749 2312; x_wconf 91' lang='lat' dir='ltr'><strong>in</strong></span> <span class='ocrx_word' id='word_1_170' title='bbox 764 2252 821 2312; x_wconf 87' lang='lat' dir='ltr'><strong>hoe</strong></span> <span class='ocrx_word' id='word_1_171' title='bbox 839 2259 938 2314; x_wconf 89' lang='lat' dir='ltr'><strong>autem</strong></span> <span class='ocrx_word' id='word_1_172' title='bbox 956 2250 1188 2329; x_wconf 82' lang='lat' dir='ltr'><strong>dioendigenere</strong></span> 
     </span>
    </p>
   </div>
   <div class='ocr_carea' id='block_1_4' title="bbox 20 2347 1264 4195">
    <p class='ocr_par' dir='ltr' id='par_1_5' title="bbox 20 2347 1264 4195">
     <span class='ocr_line' id='line_1_21' title="bbox 108 2347 1187 2430; baseline -0.001 -19"><span class='ocrx_word' id='word_1_173' title='bbox 108 2348 288 2412; x_wconf 85' lang='lat' dir='ltr'><strong>observanda</strong></span> <span class='ocrx_word' id='word_1_174' title='bbox 309 2358 353 2412; x_wconf 88' lang='lat' dir='ltr'><strong>est</strong></span> <span class='ocrx_word' id='word_1_175' title='bbox 372 2349 549 2430; x_wconf 71' lang='lat' dir='ltr'><strong>Synthesis,</strong></span> <span class='ocrx_word' id='word_1_176' title='bbox 579 2365 631 2410; x_wconf 91' lang='lat' dir='ltr'><strong>seu</strong></span> <span class='ocrx_word' id='word_1_177' title='bbox 655 2351 815 2410; x_wconf 65' lang='lat' dir='ltr'><strong>emundat</strong></span> <span class='ocrx_word' id='word_1_178' title='bbox 841 2349 986 2428; x_wconf 87' lang='lat' dir='ltr'><strong>quaedem</strong></span> <span class='ocrx_word' id='word_1_179' title='bbox 1009 2347 1187 2426; x_wconf 86' lang='lat' dir='ltr'><strong>parallelae,</strong></span> 
     </span>
     <span class='ocr_line' id='line_1_22' title="bbox 108 2444 1190 2527; baseline -0.002 -19"><span class='ocrx_word' id='word_1_180' title='bbox 108 2449 299 2527; x_wconf 80' lang='lat' dir='ltr'><strong>synunlmae,</strong></span> <span class='ocrx_word' id='word_1_181' title='bbox 319 2463 395 2527; x_wconf 87' lang='lat' dir='ltr'><strong>quae</strong></span> <span class='ocrx_word' id='word_1_182' title='bbox 407 2451 571 2510; x_wconf 74' lang='lat' dir='ltr'><strong>snoeoesive</strong></span> <span class='ocrx_word' id='word_1_183' title='bbox 588 2449 674 2525; x_wconf 89' lang='lat' dir='ltr'><strong>quasi</strong></span> <span class='ocrx_word' id='word_1_184' title='bbox 686 2463 737 2526; x_wconf 86' lang='lat' dir='ltr'><strong>per</strong></span> <span class='ocrx_word' id='word_1_185' title='bbox 750 2446 858 2526; x_wconf 86' lang='lat' dir='ltr'><strong>gradus</strong></span> <span class='ocrx_word' id='word_1_186' title='bbox 871 2451 1006 2508; x_wconf 67' lang='lat' dir='ltr'><strong>meunt</strong></span> <span class='ocrx_word' id='word_1_187' title='bbox 1018 2447 1048 2506; x_wconf 91' lang='lat' dir='ltr'><strong>ln</strong></span> <span class='ocrx_word' id='word_1_188' title='bbox 1062 2444 1190 2524; x_wconf 89' lang='lat' dir='ltr'><strong>pondere</strong></span> 
     </span>
     <span class='ocr_line' id='line_1_23' title="bbox 109 2543 1183 2624; baseline -0.005 -17"><span class='ocrx_word' id='word_1_189' title='bbox 109 2561 144 2607; x_wconf 89' lang='lat' dir='ltr'><strong>ao</strong></span> <span class='ocrx_word' id='word_1_190' title='bbox 164 2543 319 2608; x_wconf 80' lang='lat' dir='ltr'><strong>verbenam</strong></span> <span class='ocrx_word' id='word_1_191' title='bbox 338 2548 381 2624; x_wconf 90' lang='lat' dir='ltr'><strong>vl,</strong></span> <span class='ocrx_word' id='word_1_192' title='bbox 402 2563 439 2606; x_wconf 85' lang='lat' dir='ltr'><strong>ex</strong></span> <span class='ocrx_word' id='word_1_193' title='bbox 461 2563 519 2624; x_wconf 91' lang='lat' dir='ltr'><strong>quo</strong></span> <span class='ocrx_word' id='word_1_194' title='bbox 539 2545 699 2608; x_wconf 88' lang='lat' dir='ltr'><strong>seeundum</strong></span> <span class='ocrx_word' id='word_1_195' title='bbox 711 2545 856 2606; x_wconf 79' lang='lat' dir='ltr'><strong>disttohm</strong></span> <span class='ocrx_word' id='word_1_196' title='bbox 869 2545 907 2607; x_wconf 91' lang='lat' dir='ltr'><strong>de</strong></span> <span class='ocrx_word' id='word_1_197' title='bbox 920 2561 952 2608; x_wconf 89' lang='lat' dir='ltr'><strong>re</strong></span> <span class='ocrx_word' id='word_1_198' title='bbox 964 2545 1077 2622; x_wconf 87' lang='lat' dir='ltr'><strong>eadem,</strong></span> <span class='ocrx_word' id='word_1_199' title='bbox 1092 2558 1183 2621; x_wconf 91' lang='lat' dir='ltr'><strong>quam</strong></span> 
     </span>
     <span class='ocr_line' id='line_1_24' title="bbox 109 2643 1188 2723; baseline -0.003 -19"><span class='ocrx_word' id='word_1_200' title='bbox 109 2645 224 2723; x_wconf 79' lang='lat' dir='ltr'><strong>raapielt</strong></span> <span class='ocrx_word' id='word_1_201' title='bbox 247 2645 366 2706; x_wconf 87' lang='lat' dir='ltr'><strong>divinus</strong></span> <span class='ocrx_word' id='word_1_202' title='bbox 388 2651 510 2723; x_wconf 90' lang='lat' dir='ltr'><strong>auotor,</strong></span> <span class='ocrx_word' id='word_1_203' title='bbox 532 2647 733 2722; x_wconf 81' lang='lat' dir='ltr'><strong>oreaeitjnxta</strong></span> <span class='ocrx_word' id='word_1_204' title='bbox 745 2644 954 2706; x_wconf 85' lang='lat' dir='ltr'><strong>vocabulorum</strong></span> <span class='ocrx_word' id='word_1_205' title='bbox 967 2643 1188 2722; x_wconf 83' lang='lat' dir='ltr'><strong>praestantiam,</strong></span> 
     </span>
     <span class='ocr_line' id='line_1_25' title="bbox 108 2739 1185 2820; baseline -0.004 -16"><span class='ocrx_word' id='word_1_206' title='bbox 108 2748 137 2804; x_wconf 89' lang='lat' dir='ltr'><strong>et</strong></span> <span class='ocrx_word' id='word_1_207' title='bbox 154 2743 216 2803; x_wconf 83' lang='lat' dir='ltr'><strong>ulrn</strong></span> <span class='ocrx_word' id='word_1_208' title='bbox 234 2744 447 2820; x_wconf 84' lang='lat' dir='ltr'><strong>expressionis,</strong></span> <span class='ocrx_word' id='word_1_209' title='bbox 470 2759 506 2804; x_wconf 88' lang='lat' dir='ltr'><strong>ae</strong></span> <span class='ocrx_word' id='word_1_210' title='bbox 526 2745 568 2806; x_wconf 91' lang='lat' dir='ltr'><strong>ita</strong></span> <span class='ocrx_word' id='word_1_211' title='bbox 592 2745 738 2820; x_wconf 84' lang='lat' dir='ltr'><strong>gradatim</strong></span> <span class='ocrx_word' id='word_1_212' title='bbox 758 2743 795 2804; x_wconf 90' lang='lat' dir='ltr'><strong>de</strong></span> <span class='ocrx_word' id='word_1_213' title='bbox 813 2745 900 2804; x_wconf 84' lang='lat' dir='ltr'><strong>tertio</strong></span> <span class='ocrx_word' id='word_1_214' title='bbox 918 2742 1045 2804; x_wconf 86' lang='lat' dir='ltr'><strong>distioho</strong></span> <span class='ocrx_word' id='word_1_215' title='bbox 1063 2747 1120 2802; x_wconf 87' lang='lat' dir='ltr'><strong>eto.</strong></span> <span class='ocrx_word' id='word_1_216' title='bbox 1138 2739 1185 2800; x_wconf 91' lang='lat' dir='ltr'><strong>di·</strong></span> 
     </span>
     <span class='ocr_line' id='line_1_26' title="bbox 20 2840 1264 2930; baseline -0.002 -28"><span class='ocrx_word' id='word_1_217' title='bbox 20 2921 22 2930; x_wconf 82' lang='lat'>.</span> <span class='ocrx_word' id='word_1_218' title='bbox 108 2847 201 2902; x_wconf 89' lang='lat' dir='ltr'><strong>eatur.</strong></span> <span class='ocrx_word' id='word_1_219' title='bbox 223 2840 269 2902; x_wconf 90' lang='lat' dir='ltr'><strong>Ob</strong></span> <span class='ocrx_word' id='word_1_220' title='bbox 284 2841 341 2902; x_wconf 88' lang='lat' dir='ltr'><strong>hoo</strong></span> <span class='ocrx_word' id='word_1_221' title='bbox 354 2857 373 2902; x_wconf 95' lang='lat' dir='ltr'><strong>a</strong></span> <span class='ocrx_word' id='word_1_222' title='bbox 385 2842 535 2904; x_wconf 80' lang='lat' dir='ltr'><strong>nonnuliis</strong></span> <span class='ocrx_word' id='word_1_223' title='bbox 548 2841 773 2920; x_wconf 78' lang='lat' dir='ltr'><strong>poraiuiumoo</strong></span> <span class='ocrx_word' id='word_1_224' title='bbox 787 2840 973 2920; x_wconf 75' lang='lat' dir='ltr'><strong>gradationis</strong></span> <span class='ocrx_word' id='word_1_225' title='bbox 990 2845 1188 2916; x_wconf 84' lang='lat' dir='ltr'><strong>nunonpatur.</strong></span> <span class='ocrx_word' id='word_1_226' title='bbox 1260 2853 1264 2864; x_wconf 93' lang='lat'><em>·</em></span> 
     </span>
     <span class='ocr_line' id='line_1_27' title="bbox 20 2935 1191 3020; baseline -0.002 -20"><span class='ocrx_word' id='word_1_227' title='bbox 20 2935 22 3014; x_wconf 69' lang='grc' dir='ltr'><em>ῗ</em></span> <span class='ocrx_word' id='word_1_228' title='bbox 108 2939 264 3018; x_wconf 80' lang='lat' dir='ltr'><strong>Exemplo,</strong></span> <span class='ocrx_word' id='word_1_229' title='bbox 284 2939 453 3020; x_wconf 75' lang='lat' dir='ltr'><strong>hujusmodi</strong></span> <span class='ocrx_word' id='word_1_230' title='bbox 473 2940 652 3018; x_wconf 80' lang='lat' dir='ltr'><strong>gradationis</strong></span> <span class='ocrx_word' id='word_1_231' title='bbox 672 2941 828 3017; x_wconf 88' lang='lat' dir='ltr'><strong>parallelae</strong></span> <span class='ocrx_word' id='word_1_232' title='bbox 847 2957 939 3018; x_wconf 86' lang='lat' dir='ltr'><strong>genus</strong></span> <span class='ocrx_word' id='word_1_233' title='bbox 958 2939 1078 3016; x_wconf 85' lang='lat' dir='ltr'><strong>patebit.</strong></span> <span class='ocrx_word' id='word_1_234' title='bbox 1099 2938 1191 2998; x_wconf 83' lang='lat' dir='ltr'><strong>Isalas</strong></span> 
     </span>
     <span class='ocr_line' id='line_1_28' title="bbox 20 3019 1192 3116; baseline -0.003 -19"><span class='ocrx_word' id='word_1_235' title='bbox 20 3019 23 3060; x_wconf 50' lang='grc' dir='ltr'><strong>ἶ</strong></span> <span class='ocrx_word' id='word_1_236' title='bbox 109 3035 324 3115; x_wconf 88' lang='lat' dir='ltr'><strong>Prophetarum</strong></span> <span class='ocrx_word' id='word_1_237' title='bbox 347 3041 481 3116; x_wconf 88' lang='lat' dir='ltr'><strong>prinueps</strong></span> <span class='ocrx_word' id='word_1_238' title='bbox 509 3039 556 3098; x_wconf 86' lang='lat' dir='ltr'><strong>his</strong></span> <span class='ocrx_word' id='word_1_239' title='bbox 578 3041 698 3115; x_wconf 83' lang='lat' dir='ltr'><strong>poeticis</strong></span> <span class='ocrx_word' id='word_1_240' title='bbox 721 3039 808 3100; x_wconf 83' lang='lat' dir='ltr'><strong>dirus</strong></span> <span class='ocrx_word' id='word_1_241' title='bbox 835 3039 1005 3114; x_wconf 86' lang='lat' dir='ltr'><strong>israelitas,</strong></span> <span class='ocrx_word' id='word_1_242' title='bbox 1034 3041 1192 3114; x_wconf 78' lang='lat' dir='ltr'><strong>gentesque</strong></span> 
     </span>
     <span class='ocr_line' id='line_1_29' title="bbox 107 3133 1189 3222; baseline -0.006 -27"><span class='ocrx_word' id='word_1_243' title='bbox 107 3150 210 3196; x_wconf 91' lang='lat' dir='ltr'><strong>omnes</strong></span> <span class='ocrx_word' id='word_1_244' title='bbox 228 3135 374 3216; x_wconf 87' lang='lat' dir='ltr'><strong>hortatur,</strong></span> <span class='ocrx_word' id='word_1_245' title='bbox 394 3142 429 3198; x_wconf 92' lang='lat' dir='ltr'><strong>ut</strong></span> <span class='ocrx_word' id='word_1_246' title='bbox 440 3142 583 3222; x_wconf 85' lang='lat' dir='ltr'><strong>quaerant</strong></span> <span class='ocrx_word' id='word_1_247' title='bbox 601 3134 707 3213; x_wconf 83' lang='lat' dir='ltr'><strong>neum,</strong></span> <span class='ocrx_word' id='word_1_248' title='bbox 726 3142 756 3196; x_wconf 90' lang='lat' dir='ltr'><strong>et</strong></span> <span class='ocrx_word' id='word_1_249' title='bbox 773 3147 879 3198; x_wconf 87' lang='lat' dir='ltr'><strong>nomen</strong></span> <span class='ocrx_word' id='word_1_250' title='bbox 899 3135 978 3196; x_wconf 89' lang='lat' dir='ltr'><strong>iliius</strong></span> <span class='ocrx_word' id='word_1_251' title='bbox 991 3139 1127 3196; x_wconf 65' lang='lat' dir='ltr'><strong>sendum</strong></span> <span class='ocrx_word' id='word_1_252' title='bbox 1144 3133 1189 3189; x_wconf 92' lang='lat' dir='ltr'><strong>in·</strong></span> 
     </span>
     <span class='ocr_line' id='line_1_30' title="bbox 109 3239 238 3294; baseline 0.016 -2"><span class='ocrx_word' id='word_1_253' title='bbox 109 3239 238 3294; x_wconf 76' lang='lat' dir='ltr'><strong>vorent:</strong></span> 
     </span>
     <span class='ocr_line' id='line_1_31' title="bbox 20 3321 944 3408; baseline 0 -16"><span class='ocrx_word' id='word_1_254' title='bbox 20 3321 21 3336; x_wconf 56' lang='lat'>¹</span> <span class='ocrx_word' id='word_1_255' title='bbox 136 3356 150 3382; x_wconf 74' lang='lat' dir='ltr'><strong>o</strong></span> <span class='ocrx_word' id='word_1_256' title='bbox 175 3332 311 3406; x_wconf 85' lang='lat' dir='ltr'><strong>Quaerite</strong></span> <span class='ocrx_word' id='word_1_257' title='bbox 330 3332 488 3394; x_wconf 87' lang='lat' dir='ltr'><strong>Dominum</strong></span> <span class='ocrx_word' id='word_1_258' title='bbox 508 3333 581 3392; x_wconf 90' lang='lat' dir='ltr'><strong>dum</strong></span> <span class='ocrx_word' id='word_1_259' title='bbox 600 3332 726 3392; x_wconf 88' lang='lat' dir='ltr'><strong>inveniri</strong></span> <span class='ocrx_word' id='word_1_260' title='bbox 745 3335 860 3408; x_wconf 72' lang='lat' dir='ltr'><strong>potest,</strong></span> <span class='ocrx_word' id='word_1_261' title='bbox 942 3366 944 3372; x_wconf 85' lang='lat'><em>.</em></span> 
     </span>
     <span class='ocr_line' id='line_1_32' title="bbox 20 3417 775 3510; baseline 0 -20"><span class='ocrx_word' id='word_1_262' title='bbox 20 3417 21 3444; x_wconf 64' lang='lat'>³</span> <span class='ocrx_word' id='word_1_263' title='bbox 168 3429 308 3492; x_wconf 83' lang='lat' dir='ltr'><strong>invocate</strong></span> <span class='ocrx_word' id='word_1_264' title='bbox 327 3447 420 3510; x_wconf 92' lang='lat' dir='ltr'><strong>eum,</strong></span> <span class='ocrx_word' id='word_1_265' title='bbox 441 3447 508 3492; x_wconf 86' lang='lat' dir='ltr'><strong>ornn</strong></span> <span class='ocrx_word' id='word_1_266' title='bbox 529 3433 591 3508; x_wconf 87' lang='lat' dir='ltr'><strong>ipse</strong></span> <span class='ocrx_word' id='word_1_267' title='bbox 610 3431 650 3492; x_wconf 87' lang='lat' dir='ltr'><strong>sit</strong></span> <span class='ocrx_word' id='word_1_268' title='bbox 667 3445 775 3508; x_wconf 80' lang='lat' dir='ltr'><strong>prope3</strong></span> 
     </span>
     <span class='ocr_line' id='line_1_33' title="bbox 172 3527 684 3607; baseline 0 -19"><span class='ocrx_word' id='word_1_269' title='bbox 172 3527 333 3606; x_wconf 84' lang='lat' dir='ltr'><strong>Relinquat</strong></span> <span class='ocrx_word' id='word_1_270' title='bbox 351 3531 458 3607; x_wconf 91' lang='lat' dir='ltr'><strong>impius</strong></span> <span class='ocrx_word' id='word_1_271' title='bbox 478 3531 560 3590; x_wconf 85' lang='lat' dir='ltr'><strong>vium</strong></span> <span class='ocrx_word' id='word_1_272' title='bbox 578 3545 684 3606; x_wconf 73' lang='lat' dir='ltr'><strong>suurn,</strong></span> 
     </span>
     <span class='ocr_line' id='line_1_34' title="bbox 172 3627 734 3706; baseline 0.009 -21"><span class='ocrx_word' id='word_1_273' title='bbox 172 3627 211 3686; x_wconf 89' lang='lat' dir='ltr'><strong>Et</strong></span> <span class='ocrx_word' id='word_1_274' title='bbox 230 3630 278 3688; x_wconf 88' lang='lat' dir='ltr'><strong>vir</strong></span> <span class='ocrx_word' id='word_1_275' title='bbox 296 3629 415 3705; x_wconf 88' lang='lat' dir='ltr'><strong>iniquus</strong></span> <span class='ocrx_word' id='word_1_276' title='bbox 434 3629 624 3706; x_wconf 86' lang='lat' dir='ltr'><strong>eogitationes</strong></span> <span class='ocrx_word' id='word_1_277' title='bbox 644 3643 734 3705; x_wconf 80' lang='lat' dir='ltr'><strong>suas3</strong></span> 
     </span>
     <span class='ocr_line' id='line_1_35' title="bbox 170 3723 988 3802; baseline 0 -18"><span class='ocrx_word' id='word_1_278' title='bbox 170 3723 209 3784; x_wconf 82' lang='lat' dir='ltr'><strong>itt</strong></span> <span class='ocrx_word' id='word_1_279' title='bbox 228 3731 416 3786; x_wconf 75' lang='lat' dir='ltr'><strong>contutatur</strong></span> <span class='ocrx_word' id='word_1_280' title='bbox 435 3725 474 3788; x_wconf 89' lang='lat' dir='ltr'><strong>ad</strong></span> <span class='ocrx_word' id='word_1_281' title='bbox 492 3726 671 3802; x_wconf 86' lang='lat' dir='ltr'><strong>Dourlnum,</strong></span> <span class='ocrx_word' id='word_1_282' title='bbox 692 3731 723 3786; x_wconf 90' lang='lat' dir='ltr'><strong>et</strong></span> <span class='ocrx_word' id='word_1_283' title='bbox 741 3723 925 3786; x_wconf 88' lang='lat' dir='ltr'><strong>miserebitur</strong></span> <span class='ocrx_word' id='word_1_284' title='bbox 940 3725 988 3800; x_wconf 70' lang='grc' dir='ltr'><strong>εἰς</strong></span> 
     </span>
     <span class='ocr_line' id='line_1_36' title="bbox 174 3821 1132 3903; baseline -0.003 -19"><span class='ocrx_word' id='word_1_285' title='bbox 174 3822 215 3884; x_wconf 76' lang='lat' dir='ltr'><strong>io</strong></span> <span class='ocrx_word' id='word_1_286' title='bbox 234 3823 273 3884; x_wconf 88' lang='lat' dir='ltr'><strong>ad</strong></span> <span class='ocrx_word' id='word_1_287' title='bbox 292 3822 386 3886; x_wconf 83' lang='lat' dir='ltr'><strong>Deum</strong></span> <span class='ocrx_word' id='word_1_288' title='bbox 404 3831 553 3903; x_wconf 86' lang='lat' dir='ltr'><strong>nostrum,</strong></span> <span class='ocrx_word' id='word_1_289' title='bbox 568 3827 638 3902; x_wconf 91' lang='lat' dir='ltr'><strong>quia</strong></span> <span class='ocrx_word' id='word_1_290' title='bbox 651 3825 762 3886; x_wconf 88' lang='lat' dir='ltr'><strong>multus</strong></span> <span class='ocrx_word' id='word_1_291' title='bbox 775 3830 821 3884; x_wconf 86' lang='lat' dir='ltr'><strong>eut</strong></span> <span class='ocrx_word' id='word_1_292' title='bbox 832 3821 1132 3899; x_wconf 76' lang='lat' dir='ltr'><strong>adignmoenrium.»</strong></span> 
     </span>
     <span class='ocr_line' id='line_1_37' title="bbox 151 3917 1197 4000; baseline -0.004 -20"><span class='ocrx_word' id='word_1_293' title='bbox 151 3919 288 3980; x_wconf 85' lang='lat' dir='ltr'><strong>Primum</strong></span> <span class='ocrx_word' id='word_1_294' title='bbox 301 3922 446 3982; x_wconf 82' lang='lat' dir='ltr'><strong>distichon</strong></span> <span class='ocrx_word' id='word_1_295' title='bbox 460 3924 544 3982; x_wconf 91' lang='lat' dir='ltr'><strong>dooet</strong></span> <span class='ocrx_word' id='word_1_296' title='bbox 556 3923 703 4000; x_wconf 87' lang='lat' dir='ltr'><strong>quomodo</strong></span> <span class='ocrx_word' id='word_1_297' title='bbox 715 3923 861 3998; x_wconf 81' lang='lat' dir='ltr'><strong>peouatmi</strong></span> <span class='ocrx_word' id='word_1_298' title='bbox 876 3923 915 3982; x_wconf 89' lang='lat' dir='ltr'><strong>sit</strong></span> <span class='ocrx_word' id='word_1_299' title='bbox 928 3919 1110 3998; x_wconf 87' lang='lat' dir='ltr'><strong>quaerendus</strong></span> <span class='ocrx_word' id='word_1_300' title='bbox 1118 3917 1197 3978; x_wconf 87' lang='lat' dir='ltr'><strong>Deus</strong></span> 
     </span>
     <span class='ocr_line' id='line_1_38' title="bbox 106 4019 1194 4100; baseline -0.006 -20"><span class='ocrx_word' id='word_1_301' title='bbox 106 4035 180 4080; x_wconf 88' lang='lat' dir='ltr'><strong>enm</strong></span> <span class='ocrx_word' id='word_1_302' title='bbox 202 4019 289 4080; x_wconf 85' lang='lat' dir='ltr'><strong>faoiie</strong></span> <span class='ocrx_word' id='word_1_303' title='bbox 308 4023 347 4082; x_wconf 91' lang='lat' dir='ltr'><strong>sit</strong></span> <span class='ocrx_word' id='word_1_304' title='bbox 368 4022 510 4100; x_wconf 84' lang='lat' dir='ltr'><strong>inventu;</strong></span> <span class='ocrx_word' id='word_1_305' title='bbox 532 4028 561 4081; x_wconf 91' lang='lat' dir='ltr'><strong>et</strong></span> <span class='ocrx_word' id='word_1_306' title='bbox 582 4027 615 4082; x_wconf 93' lang='lat' dir='ltr'><strong>ut</strong></span> <span class='ocrx_word' id='word_1_307' title='bbox 634 4024 801 4098; x_wconf 88' lang='lat' dir='ltr'><strong>invenerit,</strong></span> <span class='ocrx_word' id='word_1_308' title='bbox 821 4021 905 4082; x_wconf 91' lang='lat' dir='ltr'><strong>iilum</strong></span> <span class='ocrx_word' id='word_1_309' title='bbox 931 4023 1066 4095; x_wconf 80' lang='lat' dir='ltr'><strong>invocet,</strong></span> <span class='ocrx_word' id='word_1_310' title='bbox 1093 4021 1194 4094; x_wconf 87' lang='lat' dir='ltr'><strong>postea</strong></span> 
     </span>
     <span class='ocr_line' id='line_1_39' title="bbox 106 4117 1198 4195; baseline 0 -21"><span class='ocrx_word' id='word_1_311' title='bbox 106 4117 208 4176; x_wconf 84' lang='lat' dir='ltr'><strong>vitam</strong></span> <span class='ocrx_word' id='word_1_312' title='bbox 230 4117 363 4194; x_wconf 87' lang='lat' dir='ltr'><strong>iniquam</strong></span> <span class='ocrx_word' id='word_1_313' title='bbox 380 4117 512 4190; x_wconf 78' lang='lat' dir='ltr'><strong>deserat,</strong></span> <span class='ocrx_word' id='word_1_314' title='bbox 531 4133 624 4180; x_wconf 85' lang='lat' dir='ltr'><strong>uanas</strong></span> <span class='ocrx_word' id='word_1_315' title='bbox 636 4120 825 4195; x_wconf 84' lang='lat' dir='ltr'><strong>cogitationes</strong></span> <span class='ocrx_word' id='word_1_316' title='bbox 838 4119 984 4195; x_wconf 84' lang='lat' dir='ltr'><strong>dimittat,</strong></span> <span class='ocrx_word' id='word_1_317' title='bbox 1005 4123 1035 4178; x_wconf 92' lang='lat' dir='ltr'><strong>et</strong></span> <span class='ocrx_word' id='word_1_318' title='bbox 1049 4120 1198 4176; x_wconf 87' lang='lat' dir='ltr'><strong>eonverta-</strong></span> 
     </span>
    </p>
   </div>
   <div class='ocr_carea' id='block_1_5' title="bbox 153 4327 1078 4398">
    <p class='ocr_par' dir='ltr' id='par_1_6' title="bbox 153 4327 1078 4398">
     <span class='ocr_line' id='line_1_40' title="bbox 153 4327 1078 4398; baseline -0.003 -19"><span class='ocrx_word' id='word_1_319' title='bbox 153 4327 192 4392; x_wconf 83' lang='lat' dir='ltr'><strong>(t)</strong></span> <span class='ocrx_word' id='word_1_320' title='bbox 215 4331 298 4381; x_wconf 86' lang='lat' dir='ltr'><strong>iiorno</strong></span> <span class='ocrx_word' id='word_1_321' title='bbox 320 4331 494 4382; x_wconf 80' lang='lat' dir='ltr'><strong>introductio</strong></span> <span class='ocrx_word' id='word_1_322' title='bbox 522 4335 576 4382; x_wconf 86' lang='lat' dir='ltr'><strong>Sao.</strong></span> <span class='ocrx_word' id='word_1_323' title='bbox 590 4332 677 4398; x_wconf 85' lang='lat' dir='ltr'><strong>Scripi.</strong></span> <span class='ocrx_word' id='word_1_324' title='bbox 691 4333 750 4382; x_wconf 85' lang='lat' dir='ltr'><strong>ium.</strong></span> <span class='ocrx_word' id='word_1_325' title='bbox 763 4334 794 4381; x_wconf 93' lang='lat' dir='ltr'><strong>ii.</strong></span> <span class='ocrx_word' id='word_1_326' title='bbox 809 4345 833 4395; x_wconf 85' lang='lat' dir='ltr'><strong>p.</strong></span> <span class='ocrx_word' id='word_1_327' title='bbox 846 4336 899 4382; x_wconf 83' lang='lat' dir='ltr'><strong>iti.</strong></span> <span class='ocrx_word' id='word_1_328' title='bbox 915 4337 1026 4380; x_wconf 78' lang='lat' dir='ltr'><strong>unitis.</strong></span> <span class='ocrx_word' id='word_1_329' title='bbox 1040 4327 1078 4377; x_wconf 81' lang='lat' dir='ltr'><strong>od.</strong></span> 
     </span>
    </p>
   </div>
   <div class='ocr_carea' id='block_1_6' title="bbox 0 0 1565 5184">
    <p class='ocr_par' dir='ltr' id='par_1_7' title="bbox 0 0 1565 5184">
     <span class='ocr_line' id='line_1_41' title="bbox 0 0 1565 5184; baseline 0 0"><span class='ocrx_word' id='word_1_330' title='bbox 0 0 1565 5184; x_wconf 95' lang='lat' dir='ltr'><strong> </strong></span> 
     </span>
    </p>
   </div>
  </div>
 </body>
</html>
