3070 5180
578 410 619 422 -·
639 393 689 436 vlt
709 409 750 422 ···

120 495 276 576 seilicet
299 495 537 593 historiam,
572 521 713 574 eorum
743 493 885 596 fidem,
917 525 987 578 seu
1018 497 1198 580 divinum

120 629 438 710 instrumentum
459 626 729 728 describeret,
758 646 798 708 ct
820 631 1043 737 posteritati
1069 631 1201 714 trade·

117 780 210 862 ret;
228 760 376 843 deinde
399 762 622 870 Prophetae
640 761 708 841 alii
726 761 884 846 caelesti
897 763 1094 872 legatione
1111 765 1202 846 fun·

116 897 177 976 cti
202 895 310 976 idem
331 895 536 1004 negotium
567 895 612 976 in
633 896 788 1004 populo
811 895 886 978 Dei
908 895 1194 1006 perfecerunt,

115 1029 281 1137 populo
303 1029 452 1110 scilicet
476 1028 672 1127 israelita,
705 1055 828 1138 super
855 1057 979 1138 quem
1001 1030 1199 1140 Onmipo-

114 1163 245 1242 tentis
267 1189 380 1242 amor
399 1161 569 1240 maxime
588 1179 648 1242 est
670 1161 956 1242 manifestatus.
986 1165 1065 1242 Pro
1087 1164 1201 1244 israe·

114 1295 202 1376 litis
224 1321 322 1404 ergo
346 1313 445 1375 tuno
467 1295 659 1404 temporis
681 1295 839 1404 scripsit
861 1295 1038 1404 Moyses,
1064 1298 1199 1378 ceteri·

115 1455 206 1537 que
226 1429 479 1536 Prophetae;
505 1455 551 1508 ac
571 1455 619 1509 ea
640 1428 779 1536 lingua
800 1426 994 1508 divinitus
1017 1429 1201 1538 inspirati

115 1561 395 1670 scripserunt,
421 1577 468 1641 ut
494 1579 661 1642 naturae
683 1589 909 1670 congruum
933 1580 1017 1660 est,
1043 1563 1119 1642 Dei
1141 1580 1201 1643 te-

116 1694 383 1793 stimonium,
421 1721 505 1803 qua
535 1721 585 1774 eo
613 1712 795 1806 tempore
826 1695 947 1802 vulgo
982 1694 1203 1776 utebantur

115 1827 301 1908 hebraei.
327 1827 603 1908 Hebraeorum
626 1825 777 1907 idcirco
798 1827 938 1938 lingua
970 1828 1102 1936 primo
1139 1826 1201 1907 di-

115 1961 264 2040 vinum
304 1961 614 2042 instrumentum
656 1958 876 2044 conflatum
909 1979 1004 2060 cst,
1056 1959 1204 2042 deinde

117 2121 278 2202 graeca.
313 2095 496 2202 Reapse,
531 2120 605 2201 per
630 2094 703 2174 has
729 2091 830 2172 duas
860 2093 1018 2202 linguas
1043 2094 1203 2176 hebrai-

3 2332 4 2338 Ν
119 2253 211 2306 cam
230 2226 400 2324 scilieet,
423 2243 463 2306 et
476 2225 713 2306 hellenicam
725 2287 735 2325 ,
749 2243 907 2335 praeter
928 2225 1200 2326 traditionem,

3 2339 4 2349 ἵ
120 2359 353 2468 apatribus
380 2361 527 2440 nostris
557 2359 641 2439 veri
669 2360 913 2467 agiritionem
944 2359 1113 2458 assecuti
1136 2387 1203 2438 su-

3 2568 4 2594 ,
121 2521 227 2573 mus.
255 2495 531 2574 Hebraeorum
550 2493 709 2602 lingua,
727 2511 773 2573 ut
790 2493 995 2573 communi
1006 2492 1203 2574 sententia

4 2654 5 2702 l
123 2626 279 2725 fermr,
296 2643 337 2707 et
353 2645 401 2708 ut
422 2625 531 2725 dixi,
554 2624 697 2708 effatus
721 2643 780 2706 cst
798 2626 974 2734 primum
999 2627 1108 2708 Deus
1129 2627 1204 2706 ho-

123 2761 330 2859 minibus,
362 2759 461 2840 dum
491 2787 538 2838 ea
570 2759 633 2840 usi
666 2777 762 2839 sunt
794 2760 1025 2856 Abraham,
1064 2758 1198 2856 Isaac,

2 2896 4 2978 s
122 2893 277 2992 Jacob,
314 2911 354 2974 et
374 2891 588 2972 duodecim
610 2892 741 2972 tribus
762 2892 906 2990 Israel,
932 2892 1005 3001 qui
1028 2909 1074 2971 ut
1097 2909 1202 2972 astra

3 3096 5 3113 ,
124 3028 331 3106 caelorum
365 3027 640 3136 multiplicati,
673 3027 858 3107 hebraice
892 3027 1197 3134 loquebantur,

128 3159 346 3268 (hebraica
368 3161 499 3258 enim,
524 3176 566 3239 et
589 3157 817 3257 chaldaica,
847 3187 983 3239 earum
1008 3157 1201 3238 ullinitate

124 3293 332 3400 inspecta,
354 3290 436 3372 fere
458 3321 540 3372 una
561 3293 699 3402 lingua
721 3293 919 3398 habetur)
944 3292 1074 3374 donec
1096 3318 1202 3399 gme-

2 3479 3 3530 4
125 3427 163 3504 ci
186 3426 401 3506 orientales
433 3428 615 3536 regiones
645 3425 912 3525 invadentes,
947 3453 1081 3508 secum
1118 3453 1202 3504 non

1 3593 2 3613 Ν
125 3557 258 3638 solum
280 3559 439 3638 illarum
463 3577 624 3668 gentes,
650 3587 788 3640 verum
809 3560 927 3640 etiam
946 3560 1103 3667 linguas
1125 3555 1202 3638 sub

127 3691 354 3799 imperium,
367 3718 484 3771 suum
506 3688 800 3789 traduxerunt;
838 3709 878 3772 et
901 3720 952 3772 cx
975 3720 1023 3772 eo
1045 3709 1201 3798 tempo-

126 3851 172 3902 re
193 3823 462 3904 hebraeorum
483 3824 621 3932 lingua
641 3825 774 3904 minus
799 3825 994 3924 invaluit,
1026 3842 1066 3904 ct
1088 3851 1199 3932 grae-

127 3957 268 4036 canica
297 3957 473 4038 elocutio
507 3986 708 4038 unacum
732 3959 953 4040 victoribus
978 3960 1024 4038 in
1045 3960 1199 4038 oriente

128 4089 282 4172 radices
308 4119 398 4172 suas
420 4089 532 4189 fixit,
557 4119 603 4171 ac
625 4091 826 4172 stabilivit.
861 4092 962 4171 Cum
985 4091 1199 4172 verohaee

129 4223 267 4330 lingua
287 4225 404 4330 quasi
426 4224 659 4306 universalis
681 4223 786 4304 facta.
803 4243 929 4324 esset,
956 4224 1090 4306 divina
1110 4224 1200 4301 Pro·
