2964 5174
795 409 835 423 -··
858 385 914 437 124
935 409 975 422 *-

340 493 428 567 upupa*
451 492 485 556 (ί)
505 491 660 564 διηγουμένη
682 493 799 564 περὶτῆς
824 493 933 567 σοφίας,
953 493 1043 568 φασίν·
1060 493 1127 554 αὕτη
1147 496 1258 564 δίκαιον,
1277 498 1409 566 &feralio-

341 585 419 654 μένων
436 583 553 650 α’σεβῶν,
569 583 693 658 ε’ῤῥύσατσ
709 587 841 657 φυγόντα,
857 585 1019 652 καταβασνον
1033 589 1083 660 πῦρ
1099 589 1282 651 aasentias
1297 589 1360 650 αὕτη
1372 597 1408 650 κατ’

341 673 383 729 νυν
397 675 435 737 εἰς
450 675 487 728 ἔτι
505 675 640 746 μαρτύρια
655 681 710 734 etc.
727 678 748 734 i.
767 695 794 736 e.
810 679 895 751 Quod
909 685 938 738 et
952 679 1054 738 divina
1068 677 1218 754 Scriptura
1230 697 1366 742 enarrans
1379 686 1409 746 de

343 774 489 851 Sapientia
501 775 587 833 dicit:
600 775 689 850 ·Ipsa
697 777 811 850 justum
820 819 829 852 ,
838 777 1026 852 pereuntibus
1038 779 1152 854 impiis,
1163 778 1298 839 liberavit
1310 781 1410 859 iurgien

284 877 286 882 '
341 879 416 948 tem,
437 872 658 932 descendentem
675 876 772 950 ignem
790 876 822 933 in
834 875 1028 950 Pentapolim.
1046 876 1127 936 Haec
1139 879 1228 936 etiam
1245 894 1324 937 nunc
1335 882 1365 938 in
1375 887 1411 941 te·

342 971 510 1028 stimonium
526 973 600 1028 etc.»
618 970 643 1027 Ε
657 969 813 1045 Scripturis
825 971 954 1031 Danielis
968 972 1102 1032 Deuteris
1115 973 1202 1032 divus
1212 974 1339 1034 loannes
1350 977 1412 1039 haec

341 1067 427 1142 legit:
447 1091 460 1117 «
476 1065 584 1125 Vidisti
600 1067 654 1125 Dei
672 1068 856 1128 clementiam
868 1070 1067 1147 ineffabilem,
1085 1071 1185 1130 vidisti
1202 1072 1361 1132 honitatem
1373 1078 1410 1134 in·

340 1164 473 1241 finitam,
491 1164 528 1240 (2)
546 1165 588 1220 aad
604 1168 633 1224 aa·
650 1169 725 1220 τοῦτο
742 1169 787 1220 νιανι
803 1168 828 1220 οἱ
845 1171 934 1231 παῖδας
949 1171 973 1222 οἱ
990 1172 1056 1241 τρεῖς
1072 1168 1172 1240 ἔλεγον·
1188 1169 1338 1243 ἡμάρτομεν
1348 1211 1355 1236 ,
1366 1173 1413 1228 airo-

337 1263 477 1336 μήσαμεν,
494 1264 671 1336 ἠδικήσαμεν,
685 1269 706 1325 i.
730 1283 756 1324 e.
781 1268 817 1326 Et
837 1268 875 1325 oh
895 1268 969 1343 hoc,
988 1271 1076 1328 etiam
1092 1275 1151 1328 tres
1168 1271 1253 1344 pueri
1270 1270 1408 1330 dicebant:

341 1361 560 1441 ·Peccavimus,
570 1367 669 1441 inique
688 1366 818 1442 egimus,
836 1382 889 1424 nos
905 1367 1012 1442 injuste
1030 1369 1187 1442 gessimus:
1207 1391 1220 1417 a
1239 1367 1275 1424 ln
1288 1365 1409 1425 Genesim

339 1457 489 1520 Susannae
506 1462 660 1521 historiam
681 1462 719 1538 (3)
741 1468 775 1522 ut
794 1461 975 1538 Scripturam
993 1469 1109 1540 censet,
1128 1467 1172 1522 ait
1188 1465 1284 1522 enim:
1311 1488 1324 1514 a
1346 1463 1409 1524 Nan

339 1559 418 1636 quod
436 1561 515 1619 lilius
529 1577 580 1636 per
594 1577 626 1620 se
643 1560 757 1637 malus,
776 1567 806 1620 et
820 1577 920 1621 omnes
932 1605 940 1638 ,
954 1564 1006 1638 qui
1020 1562 1058 1621 nb
1075 1579 1110 1622 eo
1123 1565 1186 1620 nati
1200 1560 1323 1638 fuerint,
1335 1562 1408 1622 ebho

339 1662 492 1722 minabiles
509 1707 518 1741 t
542 1659 634 1712 'Annas
649 1661 695 1739 τῆς
711 1660 815 1732 ‘reddiit
830 1661 960 1731 λεγούσης
976 1661 1001 1713 ἐν
1017 1662 1089 1729 τάξει
1107 1661 1231 1733 κατάρας·
1250 1662 1352 1732 σπέρμα
1365 1665 1409 1716 Xa-

337 1761 420 1822 mtv,
440 1763 486 1815 και·
505 1762 555 1838 οὐχ
573 1762 671 1839 Ἰούδα,
694 1766 715 1822 i.
728 1780 754 1822 e.
779 1761 858 1821 Audi
880 1761 1061 1838 Scripturam
1083 1761 1229 1820 dicentem
1252 1763 1286 1820 in
1304 1761 1407 1819 modun

341 1861 567 1940 maledictionis:
588 1895 599 1919 τ
613 1862 718 1923 Samen
736 1861 895 1938 Chamon,
910 1866 940 1920 et
957 1876 1018 1920 non
1034 1860 1122 1920 Juda.
1146 1885 1159 1911 ν

381 1959 509 2018 Homilia
531 1979 596 2020 uxr.
620 1965 652 2020 in
669 1962 813 2020 loannem
832 1960 868 2019 de
885 1976 1009 2036 persona
1033 1959 1071 2036 (4)
1093 1958 1197 2018 Judith
1214 1958 1289 2018 haec
1305 1964 1405 2034 nanat,

341 2058 416 2117 inter
433 2061 539 2118 veteris
559 2059 682 2118 foederis
701 2060 839 2119 mulieres
854 2075 918 2118 eam
933 2058 1139 2134 adscribendo,
1158 2073 1293 2134 quaeque
1310 2057 1345 2116 ad
1359 2060 1406 2118 vir-

338 2160 448 2230 tutem,
458 2162 488 2214 et
499 2156 538 2214 ad
550 2159 710 2233 nequitiam
723 2157 823 2217 induci
835 2163 974 2233 possunt:
993 2181 1006 2208 τ
1025 2157 1132 2216 Mulier
1144 2155 1340 2231 Absalonem,
1354 2172 1405 2214 nn·

340 2252 394 2310 lier
412 2253 586 2314 Ammonem
601 2255 744 2331 perdidit,
763 2255 867 2314 mulier
885 2255 993 2314 Johunr
1010 2255 1129 2331 perdere
1145 2259 1253 2314 conata
1269 2258 1329 2328 est,
1345 2269 1406 2313 uxor

339 2350 481 2410 Nabalem
498 2368 517 2410 a
537 2353 623 2411 caede
641 2355 764 2429 eripuit,
785 2353 890 2414 mulier
903 2358 996 2414 totam
1012 2358 1128 2430 gentem
1142 2352 1289 2428 servavit,
1305 2351 1352 2406 Καὶ
1366 2351 1406 2422 γάρ

339 2447 462 2520 Δεββαὶρα
483 2451 528 2502 κατ’
547 2447 647 2503 'locali
669 2451 758 2523 ἀνδρῶν
783 2454 936 2522 στρατηγῶν
961 2449 1153 2524 κατορθώματα
1178 2451 1346 2518 ἐπιδείξαντα·
1370 2451 1405 2504 κατ’

338 2539 420 2594 ἄλλαν
437 2542 461 2594 δὲ
480 2539 569 2612 μυρίαν
588 2544 726 2614 γυναῖκες,
741 2545 762 2600 i.
779 2559 805 2601 e.
821 2542 897 2602 Nam
912 2549 941 2601 et
957 2542 1109 2619 Debelll,
1124 2549 1153 2602 θ’(
1167 2542 1291 2619 «Iudith,
1305 2549 1333 2602 et
1344 2541 1404 2600 mul·

248 2707 250 2717 ,
339 2645 386 2696 tae
408 2639 481 2697 aliae
497 2639 633 2698 mulieres
650 2641 858 2715 imperatorum
875 2639 964 2715 probe
980 2639 1098 2699 functae
1117 2647 1187 2700 sunt
1201 2641 1311 2700 officio.
1330 2640 1404 2700 »llo

339 2736 422 2794 milia
435 2753 488 2794 111.
506 2737 544 2795 ad
556 2738 696 2812 populum
712 2736 929 2797 Antiochenum
946 2737 1050 2796 Esther
1067 2737 1159 2796 verba
1174 2744 1275 2798 censet
1289 2737 1343 2813 (5),
1356 2738 1404 2812 qui·

288 2825 291 2832 ’
339 2833 394 2892 bus
412 2835 569 2894 Dominum
590 2842 707 2911 precata
725 2842 787 2894 est:
814 2859 827 2886 «ι
844 2835 1074 2910 Splendidiorem
1093 2839 1235 2896 vestitum
1252 2842 1338 2896 exuta
1353 2851 1403 2894 nn·

340 2935 411 3009 lier,
433 2939 463 2992 et
475 2950 559 2994 sacco
578 2937 701 3010 amicta,
721 2941 750 2994 et
764 2936 860 2994 cinere
877 2935 1041 3010 substrato,
1057 2936 1203 3007 Παρααλει
1224 2936 1268 2989 τὸν
1284 2931 1403 3006 φιλανθρα-

337 3055 384 3088 πον
403 3033 470 3086 Θεόν
491 3031 671 3088 συνεισελθεῖν
692 3032 760 3104 αὐτῇ
780 3034 843 3104 πρὸς
863 3033 905 3087 τὸν
923 3033 1058 3098 Βασιλέα,
1081 3035 1125 3087 καί
1147 3037 1258 3088 τοιαῦτα
1277 3051 1403 3106 sarcingo·

337 3124 400 3197 μένη
421 3125 483 3196 πρός
505 3123 582 3178 αὐτόν
603 3124 709 3198 ῥήματα
727 3123 811 3195 ἔλεγε·
830 3124 989 3198 χαρίτωσον,
1004 3125 1096 3198 Κύριε,
1116 3127 1148 3180 ταὶ
1169 3126 1276 3200 ῥήματα
1293 3145 1354 3198 μου,
1370 3124 1402 3184 δός

335 3216 414 3288 λόγον
436 3213 561 3288 εὔρυθμον
582 3213 619 3277 εἷς
640 3215 671 3268 τό
696 3215 783 3288 στόμσί
802 3238 871 3288 μου,
891 3221 912 3276 i.
928 3235 954 3277 e.
975 3218 1070 3276 Deum
1087 3217 1261 3276 clementem
1277 3215 1400 3292 supplied·

335 3314 403 3391 bat,
427 3322 461 3374 ut
484 3333 583 3376 secum
607 3318 829 3395 congrederetur
855 3317 893 3376 ad
916 3333 1032 3394 regem,
1055 3322 1084 3374 et
1108 3316 1181 3374 haec
1204 3315 1353 3392 deprecata
1372 3309 1400 3370 ad

337 3416 434 3490 ipsum
447 3415 537 3474 verba
552 3415 681 3474 dicebat:
696 3416 842 3474 ·Domine
858 3415 948 3474 verba
960 3431 1026 3474 mea
1037 3421 1121 3492 grata
1134 3413 1242 3490 facito,
1262 3415 1299 3472 da
1312 3425 1399 3472 sermo

335 3527 404 3570 nem
417 3519 553 3573 ornatum
565 3517 597 3572 in
608 3531 641 3573 os
651 3530 760 3572 meum.
772 3538 784 3564 »
797 3513 925 3572 Homilia
935 3529 988 3570 111.
1003 3515 1035 3570 in
1043 3518 1160 3571 sanctos
1172 3511 1358 3570 Machabaaos
1368 3505 1397 3581 (6)

336 3609 495 3686 alloquitur
510 3610 624 3670 dicens:
644 3637 656 3662 «
673 3610 732 3671 Cur
747 3619 777 3672 et
792 3611 973 3688 martyribus
994 3611 1123 3670 debitam
1137 3625 1259 3686 operum
1272 3619 1398 3668 commen·

336 3707 500 3784 dationem,
522 3716 551 3766 et
565 3709 713 3769 redactam
727 3703 948 3768 multitudinum
962 3711 994 3766 in
1008 3709 1159 3784 angustias
1174 3723 1220 3765 me
1233 3705 1330 3783 piget?
1347 3703 1398 3774 Quo

336 3806 414 3863 cirea
433 3807 459 3864 si
477 3808 518 3864 ita
531 3806 664 3882 videtin,
684 3806 848 3866 doctrinam
865 3807 1077 3882 inpraesentia
1094 3805 1287 3879 disseramus,
1307 3797 1397 3860 imitari

335 3919 406 3961 vero
423 3909 588 3980 martyrum
607 3903 808 3966 fortitudinem
826 3904 1005 3962 studeamus.
1019 3904 1137 3964 Primus
1154 3919 1224 3980 ergo
1241 3903 1321 3961 nohis
1332 3898 1396 3957 Elea·

333 4017 420 4062 zarus
440 4003 537 4061 senior
557 4004 590 4060 in
608 4003 738 4062 medium
758 4001 894 4078 prodeat,
915 4003 1032 4060 initium
1052 4004 1262 4080 certaminum,
1281 3993 1394 4072 martyrii

353 4175 397 4238 Ι(1)
406 4177 462 4240 sap.
476 4190 498 4226 c.
512 4179 542 4226 X.
554 4184 612 4228 9.·-
623 4175 658 4241 (ν)
669 4179 739 4228 Tom.
751 4179 781 4226 V.
795 4189 820 4239 p.
833 4179 887 4226 451,
896 4175 921 4225 et
931 4175 1040 4225 DaulII.
1054 4182 1092 4226 25.
1102 4201 1133 4213 —
1144 4175 1178 4240 (3)
1192 4178 1261 4226 Tom.
1270 4177 1308 4226 IV.
1319 4185 1339 4235 p·
1350 4173 1390 4218 291.

335 4280 367 4293 -
378 4255 412 4319 (4)
425 4259 495 4308 Tom.
508 4259 575 4308 vlit.
586 4271 611 4321 p.
624 4264 678 4310 aas.
691 4255 766 4320 -(5)
777 4257 847 4308 Toni.
860 4257 925 4320 11.p.
939 4262 977 4307 88.
990 4257 1014 4307 et
1025 4258 1076 4308 Est.
1094 4269 1116 4306 c.
1136 4259 1200 4309 xlv.
1212 4285 1243 4296 -
1253 4255 1285 4321 (a)
1295 4255 1355 4304 Tora.
1364 4247 1388 4297 11.

335 4347 361 4397 p.
374 4341 428 4386 aar.
