3022 5178
532 417 722 473 --.19”1--4

74 524 121 584 uel
142 525 304 586 cantilenas
322 526 458 602 vulgares
477 525 514 586 ab
532 526 630 586 idiotis
647 527 843 601 compositas,
863 527 948 584 sicuti
963 528 1074 603 antiqui
1091 519 1162 592 scri·

75 627 172 700 ptores
190 623 227 684 de
242 624 299 684 hoc
315 640 426 684 canone
451 625 616 701 tradidere,
637 631 667 685 et
684 627 812 684 maxime
836 623 978 684 Eusebius
996 627 1027 683 in
1043 627 1164 702 epistola

74 722 217 799 synodica
239 728 342 782 eontra
358 722 484 782 Paulum
507 729 742 798 samosatenum,
766 722 817 782 ubi
836 721 873 781 ob
891 721 947 782 hoc
972 726 1104 800 arguitur
1124 725 1163 784 ab

74 821 218 896 episeopis
245 819 322 883 idem
347 820 520 879 haereticus.
553 820 591 897 (1)
615 821 651 878 In
675 820 870 880 hortantum
895 820 1164 882 animadverterunt

74 917 219 976 laodiceni
239 923 345 994 patres.

111 1013 159 1073 Ex
175 1014 232 1074 bac
251 1018 371 1075 canonis
387 1016 546 1093 apocryphi
565 1016 787 1093 disquisitione,
820 1017 930 1093 dequo
946 1017 1033 1076 modo
1060 1016 1161 1077 videu-

72 1119 121 1170 tur
145 1114 262 1190 singula
281 1117 437 1190 genuitatis
450 1115 559 1174 indicia
570 1114 685 1174 sublata
694 1131 769 1190 esse,
785 1131 838 1192 pro
854 1131 899 1190 eo,
915 1115 994 1191 quod
1007 1116 1161 1192 conjicien-

73 1211 145 1270 dum
167 1219 244 1271 esset
259 1211 405 1290 synodum
433 1213 614 1272 laodicenam
642 1211 802 1276 bibliorum
829 1212 1021 1273 Deuterorum
1045 1213 1162 1274 oiilcere

73 1311 259 1386 auctoritati,
277 1310 409 1369 latiorem
424 1313 504 1368 viam
521 1311 605 1369 nobis
621 1313 744 1386 aperire,
759 1317 793 1372 ut
812 1310 945 1386 dicatur,
968 1310 1078 1370 scilicet
1095 1328 1162 1370 con·

71 1406 175 1465 cilium
194 1409 349 1467 nicaenum
369 1407 513 1484 quaedam
528 1409 691 1467 decrevisse
710 1409 746 1466 de
764 1408 887 1467 lectione
900 1409 1068 1467 divinarum
1087 1407 1162 1468 Scri·

70 1509 225 1579 pturarum
244 1507 275 1562 in
295 1506 438 1581 ecelesiis,
457 1512 490 1564 ut
510 1507 606 1564 innuit
623 1505 821 1582 Hieronymus
841 1507 873 1562 in
891 1504 1071 1579 praefatione
1089 1505 1161 1564 libri

72 1601 198 1678 ludim,
215 1608 244 1661 et
261 1619 298 1660 ex
315 1603 441 1678 capitulo
468 1603 576 1662 codicis
603 1603 786 1663 Vallicellani
800 1619 850 1678 per
864 1603 1059 1661 clarissimam
1078 1601 1163 1662 blan·

72 1699 154 1757 chini
171 1700 327 1776 illustrati,
352 1702 388 1759 de
415 1701 521 1778 quibus
545 1703 633 1777 paulo
658 1709 743 1760 autea
771 1699 860 1759 habui
886 1717 1059 1759 sermonem.
1084 1701 1161 1759 Nam

73 1797 148 1857 illud
166 1798 322 1857 concilium
342 1799 542 1875 laodicenum,
563 1802 649 1859 sicuti
669 1800 833 1858 africanum
851 1804 952 1874 utpote
969 1800 1161 1875 provincialia

72 1903 184 1955 sectata
200 1903 268 1956 suut
284 1900 344 1956 suis
361 1901 392 1955 in
415 1899 669 1957 constitutionibus
685 1904 796 1957 statuta
813 1901 930 1973 omnia,
947 1911 1023 1973 quae
1044 1900 1075 1955 in
1094 1914 1161 1956 con·

72 2001 165 2054 ventu
182 1997 304 2054 nicaeno
320 1995 486 2055 Catholicae
510 1996 656 2055 Ecclesiae
674 2003 790 2072 gerente
811 2012 965 2071 personam
983 1997 1162 2070 praescripta

70 2091 210 2168 fuerunt,
229 2100 263 2153 ut
278 2100 375 2169 aperte
393 2097 519 2152 inuuunt
538 2099 635 2169 patres
649 2093 782 2152 africani.
799 2093 836 2151 Et
855 2093 910 2151 hac
926 2095 1039 2151 ratione
1056 2109 1160 2151 conve-

71 2191 159 2249 niunt
171 2193 291 2267 pariter,
307 2191 367 2251 iere
382 2191 485 2250 iisdem
499 2191 611 2266 verbis,
625 2191 731 2268 synodi
743 2197 806 2248 tum
821 2189 971 2248 laodirena
984 2190 1079 2265 dicta,
1095 2206 1158 2248 car·

69 2287 253 2364 thagineusls
273 2289 328 2346 sub
345 2287 448 2348 siricio
464 2303 541 2364 papa
561 2305 639 2347 anno
657 2288 764 2347 Christi
787 2295 841 2346 397
867 2290 898 2344 in
913 2303 1025 2346 canone
1042 2289 1158 2364 trigesi-

70 2401 119 2444 mo
136 2391 254 2461 octavo,
269 2393 332 2445 tum
346 2386 437 2445 altera
451 2386 683 2463 carthaginensis
697 2386 752 2444 sub
761 2383 911 2444 Bonifatio
929 2401 1006 2444 anno
1021 2391 1092 2460 ‹ll-9,
1107 2387 1159 2445 ubi

70 2485 191 2560 legitur:
213 2484 277 2543 «Ut
291 2491 403 2559 praeter
418 2484 582 2560 Scripturas
598 2484 635 2560 (2)
649 2484 811 2543 Canonicas
831 2483 905 2541 nihil
922 2486 953 2541 iu
966 2482 1097 2542 Ecclesia
1118 2486 1157 2543 le·

69 2587 166 2659 gutur.
181 2609 194 2633 »³
214 2583 339 2643 Tantum
357 2586 388 2642 iu
403 2583 458 2642 hoc
475 2590 621 2659 postremo
643 2583 765 2641 concilio
782 2582 912 2642 africano
927 2587 1041 2657 praeter
1062 2582 1152 2659 dicta,

66 2681 222 2757 explicitus
239 2689 283 2740 est
299 2697 452 2758 numcms,
470 2697 504 2739 ac
525 2697 632 2740 nomen
653 2682 784 2738 omnium
802 2680 944 2739 librorum
964 2679 1155 2757 divinorum,

67 2779 188 2854 quando
200 2796 216 2838 e
228 2786 330 2838 contra
342 2781 480 2855 implicite
497 2779 564 2838 libri
584 2781 660 2839 sacri
676 2781 777 2837 censiti
788 2785 872 2838 eraut
889 2780 1016 2854 primum
1034 2779 1065 2835 in
1086 2795 1155 2838 con·

67 2877 270 2937 stitutionibus
287 2880 421 2954 nicaeni,
438 2882 521 2957 cujus
542 2878 632 2938 verba
650 2877 753 2937 deinde
775 2881 807 2935 in
828 2877 893 2935 aliis
919 2879 1039 2953 repetita
1057 2876 1155 2954 fuere,

69 2973 150 3051 quod
166 2981 230 3034 erat
246 2975 515 3035 demonstrandum.

107 3073 177 3131 lam
199 3077 263 3148 jam
283 3074 417 3132 doctriua
437 3074 473 3132 de
498 3075 655 3150 Scripturls
675 3071 965 3133 Deutero-Gunonicis
983 3074 1089 3132 veteris
1110 3079 1152 3130 te·

67 3174 227 3245 stamenti,
242 3171 386 3246 prioribus
404 3171 542 3230 ecclesiae
559 3172 693 3246 saeculis,
708 3187 769 3228 uon
788 3172 889 3244 varia,
909 3186 1003 3245 neque
1021 3172 1155 3244 opposita

68 3267 178 3345 luisse,
202 3270 253 3328 sed
279 3285 339 3329 una
363 3269 521 3347 eademque
542 3269 651 3345 ubique
672 3275 817 3328 terrarum
843 3268 1001 3342 perstitisse
1019 3267 1153 3343 uidetur,

67 3365 149 3443 quod
164 3365 339 3429 inculcatius
357 3368 449 3426 altera
464 3375 546 3442 parte
565 3367 779 3443 explanabitur.

94 3579 130 3642 (i)
147 3577 237 3628 Euseb.
249 3579 312 3629 illst.
324 3581 389 3630 Ecol.
403 3581 444 3630 lib.
460 3583 514 3630 vu.
526 3594 548 3630 o.
561 3583 647 3630 xxiv.
670 3607 701 3618 -
720 3579 754 3643 (2)
771 3577 925 3628 Vocabulum
945 3579 1035 3652 γράφω
1052 3577 1153 3641 prophe

66 3667 140 3728 juxta
151 3666 262 3716 ethnicos
276 3667 422 3731 scriptores,
442 3671 467 3717 et
488 3669 596 3732 inspecta
620 3667 687 3718 illius
707 3666 852 3730 etymologia
877 3667 974 3730 innuit,
989 3666 1091 3730 altatio,
1113 3667 1157 3716 aut

69 3749 246 3800 concremento
266 3747 369 3810 aliquid
380 3751 482 3811 pinpo,
504 3749 640 3812 descrtdo;
660 3749 719 3798 item
743 3755 831 3822 γραφή
857 3745 953 3812 propiet
984 3759 1154 3820 quaecumque

68 3838 214 3900 scriptura,
234 3839 259 3886 ei
272 3837 438 3900 metaphorice
459 3840 652 3892 accusationem
659 3839 777 3902 exprimit
788 3877 795 3906 ,
807 3840 859 3890 sive
872 3837 1007 3901 judiciam
1015 3830 1157 3886 criminum

63 3913 256 3979 publicorum,
269 3919 331 3967 teste
346 3917 429 3974 spida.
442 3921 479 3966 Ex
488 3931 530 3966 ore
547 3917 638 3968 Christi
648 3931 723 3981 vero,
734 3921 759 3969 et
769 3919 941 3983 Apostolomm
958 3919 1157 3993 suorum'qpapa'

67 4003 129 4054 liber
146 4003 265 4056 divinitus
283 4005 414 4069 inspiratus
425 4006 551 4069 innuitur,
564 4020 606 4056 seu
622 4007 716 4070 antiqui
732 4007 892 4058 hebraeorum
912 4007 1084 4072 prophetarum
1099 4005 1156 4054 libri

67 4085 204 4150 nuncupati
222 4085 297 4138 lucre.
318 4088 350 4136 Et
365 4087 425 4137 haee
442 4087 518 4138 dictio
541 4089 625 4150 postca
640 4087 671 4136 ab
688 4088 802 4138 omnibus
822 4079 1063 4151 Eoolcslae'graeoae
1081 4086 1155 4150 patri·

67 4164 113 4214 bus
130 4168 183 4214 tum
202 4165 234 4214 ad
250 4167 357 4228 veteris,
374 4168 428 4216 tum
448 4167 505 4215 novi
524 4167 628 4218 laederis
643 4166 740 4217 diuinos
751 4167 923 4231 significandos
937 4167 1012 4219 libros
1028 4177 1154 4218 conseera-

68 4247 92 4293 ia
103 4245 164 4309 luit,
177 4247 201 4294 et
212 4259 227 4294 a
237 4245 320 4296 latinis
328 4247 472 4298 doctoribus
488 4248 513 4298 in
532 4250 669 4310 scripturo
684 4248 831 4306 vocabulum
848 4261 934 4310 versu,
952 4247 1071 4298 etcadem
1082 4247 1153 4296 inler-

67 4327 202 4388 pretatione
213 4327 316 4378 munito.
390 4361 393 4369 ι
