2964 5174
820 383 999 435 —136-

367 496 399 554 in
415 492 564 552 Orientem
576 493 631 552 iter
644 493 825 568 suscipiens,
839 499 869 552 et
883 509 918 550 eo
931 509 1023 568 usque
1036 492 1092 552 loci
1108 491 1303 569 proficiscens,
1314 495 1360 553 ubi
1371 495 1430 557 haec

367 597 397 650 et
413 589 599 666 praedicata,
614 596 644 650 et
656 596 737 668 gesta
754 589 889 668 fuerunt,
905 607 973 650 cum
989 592 1156 650 accurate'a
1168 591 1338 666 qmbusdam
1349 593 1381 652 de
1391 611 1431 653 ve-

367 691 423 747 teri
439 691 605 748 tastamenti
624 687 714 748 ‘libris
743 688 925 764 didicissem,
955 687 1072 747 illorum
1090 681 1210 748 nomina
1227 689 1275 748 hic
1292 689 1435 766 subscripta

367 787 406 846 ad
422 793 451 846 te
468 789 551 863 misi,
570 803 646 864 quae
659 794 729 851 sunt
748 787 832 863 haec,
853 788 966 863 Moysis
991 790 1137 864 quinque,
1158 787 1295 864 Genesis,
1312 787 1434 865 iirodus,

367 884 533 961 1111111111,
548 883 687 960 Numeri,
706 886 980 960 Deuteronomium,
994 884 1079 944 lesus
1092 884 1191 961 Nave,
1210 885 1343 961 indiam,
1356 887 1435 962 Ruth,

370 981 486 1059 Regum
503 981 571 1042 libri
591 990 734 1060 quatuor,
752 982 995 1059 Paralipomenon
1014 983 1093 1059 duo,
1115 983 1224 1042 Psalmi
1243 983 1377 1058 1111111111,
1393 983 1436 1042 Sne

366 1078 496 1140 lomonis
508 1080 674 1157 proverbia,
689 1097 764 1157 quae
777 1087 807 1140 et
820 1079 983 1157 Sapientia,
997 1081 1203 1158 Ecclesiastes,
1218 1081 1366 1141 Canticum
1377 1081 1436 1139 Can

370 1177 517 1254 tiaorum,
531 1177 606 1254 lob,
621 1177 834 1254 Prophetarum
847 1179 933 1254 libri,
945 1179 1063 1255 lismae,
1080 1179 1254 1256 Hieremiae,
1267 1185 1296 1238 et
1306 1179 1436 1236 duodecim

372 1275 588 1352 Prophetarum
601 1275 715 1352 Scripta
726 1278 760 1334 in
772 1293 832 1336 uno
846 1277 921 1336 libro
930 1280 1086 1352 separatim
1103 1284 1250 1354 contenta,
1265 1277 1376 1352 Daniel,
1385 1277 1437 1335 Eae

369 1374 458 1451 ahiel,
479 1374 598 1434 Esdras.
618 1371 664 1433 Ex
680 1375 788 1451 quibus
814 1375 1119 1452 asarmot-selectas
1138 1376 1281 1452 quasdam
1301 1378 1436 1434 sententias

367 1476 583 1550 excerpsimus,
593 1489 701 1550 easque
717 1477 750 1533 in
765 1491 820 1534 sex
833 1475 923 1534 libras
937 1474 1164 1550 impertivimus.
1180 1501 1192 1526 r
1209 1475 1290 1535 Haec
1302 1475 1381 1532 nobis
1392 1481 1437 1533 tra·

368 1572 413 1631 dit
428 1571 541 1631 Melita.
564 1573 630 1648 lpse
643 1587 718 1630 -vero
732 1573 843 1648 labori,
862 1578 892 1631 et
905 1575 1015 1632 viae'in
1031 1573 1178 1633 Orientem
1190 1583 1315 1648 parcere
1332 1577 1435 1650 poterat,

366 1676 402 1729 ut
428 1671 465 1730 de
484 1671 540 1728 hac
567 1687 598 1730 re
623 1672 729 1730 certior
746 1671 855 1748 ,lieret,
885 1671 957 1730 dum
978 1669 1066 1730 Asiae
1092 1663 1228 1730 ecclesias
1254 1669 1293 1729 ab
1314 1669 1437 1744 Apostolis

369 1768 509 1829 fundatas
526 1771 677 1829 consulere
701 1771 729 1828 ei
754 1772 851 1845 potius
874 1770 997 1846 licebat,
1025 1773 1132 1846 quavis
1150 1767 1438 1844 ratione,·quibusqur
1471 1823 1472 1828 ,

368 1868 464 1933 causis
483 1868 627 1942 sepositis.
651 1866 799 1926 Orientem
817 1867 878 1926 adit
891 1866 993 1926 Melita
1005 1883 1066 1926 non
1084 1867 1122 1926 ad
1136 1866 1336 1942 apostolieum
1350 1864 1435 1923 docui·

336 1991 338 1994 ·
368 1979 440 2022 nam
452 1964 662 2040 exquirendam
674 1963 731 2023 hoc
748 1967 779 2023 in
796 1967 931 2042 negotio,
946 1965 997 2023 sed
1007 1971 1041 2022 ut
1049 1964 1223 2042 judaeorum
1241 1960 1388 2038 perfidiam
1398 1977 1434 2018 eo-

369 2077 493 2138 rumque
506 2078 585 2122 vana
598 2069 763 2126 commenta
775 2063 898 2122 audiret.
919 2063 1000 2122 Nihil
1018 2063 1108 2122 aliud
1128 2061 1268 2121 onesimo
1293 2060 1347 2119 hoc
1358 2057 1435 2117 inda

366 2175 443 2219 none
470 2160 576 2220 addere
597 2167 710 2237 poterat
732 2161 850 2236 Melita,
870 2161 942 2220 dum
964 2174 1065 2238 reapse
1088 2159 1282 2220 hebraeorum
1315 2160 1435 2234 sinagoga

366 2257 450 2318 bunc
467 2258 634 2336 catalogum
654 2259 822 2319 divinorum
839 2259 981 2319 librorum
1000 2260 1181 2334 sanciverat3
1203 2257 1239 2316 de
1261 2253 1434 2334 1111111111

367 2367 424 2423 erit
435 2360 601 2420 dicendum.
617 2359 754 2420 Attamen
768 2359 871 2420 sedulo
884 2360 974 2420 verba
990 2358 1137 2420 Melitonis
1150 2357 1364 2434 perpendendo,
1386 2356 1435 2430 qui-

367 2463 424 2521 bus
443 2461 528 2520 fratri
546 2460 683 2519 Onesimo
701 2458 874 2535 respondet,
895 2459 968 2517 alias
983 2468 1099 2534 quoque
1117 2457 1284 2532 Scripturas
1303 2460 1394 2514 extare
1405 2453 1435 2509 in·

370 2562 455 2635 nuit,
477 2575 553 2636 quas
571 2561 633 2634 ipse
645 2559 677 2616 in
691 2556 881 2634 Septuaginta
895 2557 1065 2632 graecanica
1081 2557 1214 2613 versione
1228 2553 1363 2629 legebat,
1381 2563 1435 2626 guas

372 2659 497 2718 fortasse
516 2658 554 2716 ab
574 2655 768 2734 apocryphis,
786 2656 833 2714 vel
853 2655 969 2730 nothis,
992 2670 1068 2731 quae
1085 2655 1213 2712 maxime
1226 2659 1302 2710 uino
1320 2649 1434 2724 temporis

372 2758 405 2814 in
423 2755 553 2815 Ecclesia
568 2753 622 2813 Del
640 2753 814 2828 serpebant,
830 2767 976 2810 secernere
990 2751 1069 2810 haud
1081 2751 1201 2825 valens,
1217 2751 1249 2807 in
1262 2747 1435 2807 Palaestinam

371 2856 498 2914 instituit
515 2855 615 2928 viam,
634 2869 727 2928 equa
745 2851 936 2911 hebraeorum
955 2850 1103 2910 Cononem
1121 2849 1232 2908 retulit.

411 2954 438 3027 5.
461 2953 513 3011 vi.
536 2950 740 3029 Athenagoras
758 2951 820 3010 divi
845 2950 953 3010 lustini
972 2950 1129 3026 aequalis
1120 2963 1152 3006 1n
1168 2962 1222 3006 sna
1237 2947 1380 3023 legatione
1398 2955 1436 3017 pro
1471 3019 1472 3030 ,

370 3050 539 3109 christianis
558 3048 745 3124 Prophetiam
770 3047 886 3110 Bmucb
909 3059 946 3106 ex
964 3063 1014 3105 ore
1031 3046 1196 3104 Hieremiae
1213 3051 1319 3102 contra
1339 3038 1472 3119 gentile
1471 3033 1472 3042 ’

368 3150 455 3225 erigit
473 3148 588 3207 dicens:
610 3148 874 3222 ‹1'Verum1nsuper
887 3144 1098 3222 Prophetarum
1111 3159 1199 3202 voces
1213 3144 1330 3200 animm
1342 3145 1434 3198 nostros
1471 3129 1472 3200 1

372 3249 528 3322 muniunt,
550 3263 604 3305 nec
624 3246 726 3305 dubim
748 3247 820 3320 quin
841 3261 895 3304 vos
918 3246 1006 3302 etiam
1024 3243 1186 3301 doctissimi
1202 3248 1233 3300 et
1254 3234 1436 3315 sapientissimi

371 3346 517 3420 principes
538 3345 696 3419 historias,
717 3350 746 3402 et
766 3343 879 3416 Scripta
898 3339 1024 3417 Moysis,
1042 3341 1155 3414 isaiae,
1169 3338 1334 3396 Hieremiae
1348 3331 1435 3394 etreli-

372 3457 497 3518 quorum
511 3442 723 3518 Prophetarum
739 3443 839 3516 aliqua
851 3455 890 3498 ex
906 3445 988 3516 parte
1001 3440 1211 3514 cognoveritis,
1226 3436 1296 3494 illos
1311 3433 1373 3493 dico
1382 3417 1472 3506 ,111

372 3547 456 3600 arma
476 3557 508 3600 se
530 3557 655 3617 suasque
672 3541 862 3617 cogitationes
879 3537 981 3614 positi,
1001 3536 1094 3595 divini
1109 3535 1233 3612 Spiritus
1251 3531 1378 3609 impulsu
1394 3527 1436 3584 clo·

373 3637 553 3714 eruebantur,
574 3653 665 3714 quum
682 3637 807 3713 Spiritus
827 3639 869 3696 eis
888 3639 1005 3714 organis
1025 3641 1173 3710 uteretur,
1192 3638 1227 3692 ut
1254 3631 1335 3690 tibiis
1357 3625 1411 3686 ad
1405 3639 1435 3681 n·

375 3735 520 3813 flandum,
531 3739 579 3796 'uti
596 3736 669 3795 solet
688 3735 816 3810 tibicen,
838 3738 868 3789 Tr*
886 3733 929 3787 οὖν
951 3732 1038 3796 odron
1053 3732 1172 3805 Kdgruro‘
1193 3735 1259 3792 Θεός
1277 3729 1356 3799 ripis·
1371 3723 1395 3777 111
1408 3729 1438 3772 bl·

370 3833 534 3907 probaverat
526 3831 757 3907 ιὲτεροὸαςπρς
740 3833 837 3896 aira,
856 3849 877 3890 1
895 3849 921 3890 e
938 3829 1015 3905 Quid
1032 3827 1323 3906 erordr(dicunt
1332 3818 1436 3902 )D0ml·

371 3947 428 3992 nus
447 3932 526 3992 Deus
543 3939 663 4008 noster,
683 3947 744 3990 non
759 3929 941 4006 reputabitur
956 3930 1031 3989 alius
1048 3928 1086 3988 ad
1104 3925 1265 4002 sumit)

413 4033 440 4108 5.
464 4031 532 4091 Vll.
555 4032 678 4092 Ineunte
695 4029 811 4089 saoctdo
833 4030 919 4088 tertio
936 4026 1341 4105 Gregorius,Taumatu1-gus
1360 3979 1472 4092 appel

372 4127 467 4205 111111,
486 4129 701 4188 Neocaesareae
721 4131 887 4203 episcopatu
904 4125 1059 4188 (1111111111
1073 4130 1128 4184 est
1148 4124 1178 4182 ls
1198 4121 1332 4200 origenis
1345 4115 1472 4176 audior

399 4324 434 4386 (r)
455 4324 695 4374 1111111111.111.16.
770 4343 774 4354 ·
