3022 5178
813 369 991 419 -200-

365 475 463 553 bens,
483 475 523 533 ibi
541 474 710 534 immundus
723 473 894 536 adoraretur
906 481 1036 553 spiritns.
1052 478 1100 539 Sic
1113 483 1191 540 enim
1205 483 1240 542 de
1256 484 1421 550 Antiocheia

366 572 938 650 Macbabaeorumlibrolegiturz-lnssit
950 580 1132 653 coinquinari
1147 587 1259 658 sancta,
1270 591 1298 642 et
1309 593 1423 647 sancum

365 671 505 746 populum
530 672 640 748 lsrael;
663 675 754 749 jussit
771 673 918 732 aedificari
943 691 1029 751 aras,
1051 683 1080 735 et
1100 680 1228 756 templa,
1250 688 1279 740 et
1292 682 1380 760 idola,
1396 695 1424 747 nt

365 767 550 828 immolarent
560 785 663 829 earnes
673 769 783 829 suillas.
799 795 812 820 a
829 771 947 830 Psalmo
957 789 1067 832 xxxvr.
1083 775 1274 851 eSapientiae
1287 778 1356 837 libro
1364 781 1426 842 haec

365 866 488 944 probat:
508 891 520 916 a
537 866 614 925 Nam
631 870 726 943 perire
739 885 828 944 opera
842 869 1025 946 infidelium,
1042 887 1102 931 non
1120 879 1182 932 tam
1200 877 1306 933 nostrts
1326 879 1425 956 vnbb,

367 981 457 1042 quam
475 964 629 1025 Salomone
648 965 762 1026 dicente
778 967 815 1043 (1)
832 967 1040 1046 probabimns3
1056 970 1163 1029 dicturi
1181 978 1249 1031 sant
1265 976 1340 1032 enim
1352 977 1380 1032 in
1388 981 1428 1052 ju·

364 1063 451 1122 dicio:
468 1093 481 1108 ·
490 1063 568 1135 Quid
584 1064 670 1123 nobis
684 1063 794 1140 profuit
805 1065 951 1140 snperbia,
967 1071 1019 1125 aut
1033 1068 1104 1143 qnid
1118 1068 1286 1128 divitiarum
1300 1074 1425 1146 jactantia

366 1162 491 1221 eontulit
509 1163 614 1221 nobis?
629 1166 808 1222 transierunt
824 1167 923 1222 omnia
937 1165 990 1224 illa
1003 1171 1155 1242 tamquam
1168 1168 1283 1227 umbra.
1298 1194 1310 1218 υ
1326 1168 1429 1230 Psalmo

366 1275 482 1318 nrxrn.
505 1269 554 1318 3ο.
576 1260 772 1320 Eoclesiastioi
788 1263 960 1321 sententiam
981 1265 1117 1340 protulit,
1138 1267 1169 1322 in
1193 1281 1229 1323 ea
1247 1265 1354 1324 verba:
1369 1269 1428 1326 ·Tu

364 1357 460 1417 fecisti
478 1359 569 1418 solem
586 1365 616 1417 et
632 1357 860 1418 lunamz-Hneo
872 1363 973 1418 omnia
987 1364 1128 1437 nomina,
1147 1363 1266 1437 scribit,
1285 1380 1335 1439 per
1350 1381 1430 1423 exem·

364 1455 414 1532 pla
427 1459 523 1532 magis
536 1456 652 1532 planius
666 1465 863 1534 exponuntur.
879 1457 928 1518 Sol
942 1461 1101 1534 sapientem
1115 1460 1279 1537 significat,
1293 1462 1361 1520 luna
1371 1463 1429 1520 stul·

366 1560 451 1631 tum,
468 1556 544 1612 siout
565 1557 706 1630 scripturn
728 1561 782 1615 est:
799 1587 811 1600 -
826 1556 947 1632 Sapiens
963 1555 1001 1632 (2)
1016 1563 1166 1632 pennanet
1180 1557 1324 1634 sientsol,
1341 1558 1430 1618 stultus

365 1659 464 1712 antem
492 1659 526 1711 nt
546 1654 618 1711 lnna
639 1659 780 1712 mutatur.
792 1679 805 1704 a
823 1653 903 1713 llaec
922 1655 1067 1714 satisfiunt
1082 1655 1120 1714 ad
1138 1655 1305 1714 &niodum
1321 1663 1430 1716 menbra

364 1770 417 1828 pro
440 1752 596 1828 Scripturis
613 1753 746 1813 Danielis
760 1754 1000 1831 dignoscendam.
1491 1761 1492 1774 ¹

404 1851 431 1924 s.
454 1849 508 1908 111.
530 1851 652 1910 Isaaons
669 1867 773 1927 syrus,
796 1851 852 1910 snb
877 1851 966 1910 11111111
989 1852 1097 1910 saeculi
1114 1854 1209 1929 serti,
1225 1852 1374 1929 presbyter
1392 1869 1433 1911 aa

363 1949 518 2008 tioebenna
530 1948 568 2006 ad
582 1947 776 2008 Ecclesiastioi
792 1949 830 2024 (3)
845 1948 953 2008 libmm
966 1951 1063 2026 venit,
1082 1953 1144 2008 suis
1162 1953 1194 2008 in
1211 1951 1389 2010 sermonibus
1399 1955 1432 2012 sic

363 2047 529 2122 praelatus:
549 2046 617 2104 «Ne
636 2046 769 2122 accedas,
784 2046 934 2122 Scriptura
950 2047 1068 2123 dicens,
1088 2047 1126 2106 ad
1139 2047 1234 2108 Deum
1246 2051 1279 2107 in
1299 2050 1433 2125 duplicia·

363 2151 393 2202 te
412 2145 531 2221 cordis,
548 2144 599 2203 sed
617 2145 655 2203 ad
672 2145 757 2204 illum
770 2146 874 2204 accede
896 2147 971 2204 sicut
984 2147 1036 2221 qni
1053 2149 1179 2205 seminat
1198 2152 1228 2205 et
1244 2149 1360 2207 metit.»

403 2243 430 2317 S.
453 2243 506 2302 IV.
528 2243 638 2302 Eodem
654 2249 784 2319 tempore
801 2245 953 2302 sanctitate
971 2249 1001 2302 et
1017 2243 1150 2302 doctrina
1166 2246 1294 2304 exbnins
1310 2251 1340 2303 et
1355 2247 1382 2302 ia
1397 2261 1432 2303 sa·
1492 2271 1493 2286 2

363 2345 421 2401 crls
441 2342 546 2401 litteris
566 2359 674 2418 magna
693 2342 854 2402 eruditione
872 2341 1033 2400 foecundus
1050 2343 1171 2400 emicuit
1186 2343 1276 2401 divus
1294 2343 1433 2419 Gregorius
1492 2357 1493 2370 ¹

363 2442 395 2498 in
412 2440 542 2499 Ecclesia
560 2439 689 2516 Moqans
711 2447 906 2515 nuncupatus.
926 2441 983 2498 llic
999 2442 1112 2514 primas
1137 2439 1263 2499 habetem
1283 2443 1335 2516 qni
1356 2443 1384 2498 in
1398 2457 1432 2498 re·

363 2539 473 2615 gimine
481 2537 627 2596 Ecclesiae
638 2538 812 2596 universalis
824 2537 880 2596 boe
890 2539 1007 2595 nomine
1015 2536 1183 2596 donaretur.
1194 2537 1240 2596 Ex
1249 2543 1314 2614 ejns
1323 2540 1433 2612 scriptis,

362 2651 438 2712 quae
455 2635 551 2694 adhue
569 2641 726 2711 supersunt
743 2634 904 2694 Bibliornm
924 2634 1279 2694 Dentero-Canonieornm
1292 2635 1389 2694 divina
1400 2641 1434 2692 est

362 2732 492 2790 eruenda
504 2734 671 2790 auctoritas.
687 2733 741 2791 Ille
757 2735 834 2790 enirn
849 2734 879 2790 in
893 2731 1073 2807 praelatione
1087 2732 1155 2791 libri
1168 2733 1285 2808 Regum
1297 2739 1433 2808 postquam

363 2829 400 2888 de
417 2827 567 2905 Scriptura
580 2830 671 2888 dixit:
682 2861 694 2873 ·
706 2831 782 2904 Quia
803 2830 944 2889 divinitus
960 2834 1004 2888 est
1017 2831 1171 2905 inspirata3
1186 2836 1272 2889 tanto
1285 2830 1434 2904 sublimine,

362 2929 451 2988 etiam
469 2929 618 3003 praeclara
636 2929 788 2987 hominurn
805 2931 922 3004 ingenia
940 2934 1077 3004 superat,
1103 2935 1213 3005 quanto
1230 2931 1290 3004 ipsi
1310 2929 1434 3004 praeclari

361 3025 496 3086 homines
504 3027 566 3086 Deo
579 3027 729 3086 inferiores
741 3033 819 3087 sunt.
835 3053 847 3077 υ
862 3027 962 3102 Capite
976 3031 1062 3086 tertio
1071 3029 1197 3103 Regum,
1210 3027 1323 3086 librum
1334 3027 1434 3102 Sapien

362 3127 422 3184 tiae
437 3125 475 3200 (4)
494 3125 620 3201 appellat
642 3125 688 3184 bis
709 3126 821 3184 verbis:
842 3152 854 3175 «
866 3125 942 3183 Nam
958 3127 1013 3183 etsi
1035 3123 1184 3200 Scriptura
1196 3125 1294 3201 dicat,
1311 3128 1379 3201 qnia
1395 3139 1435 3198 pr·

361 3239 430 3282 nem
447 3240 564 3282 omnem
580 3227 754 3283 suavitatem
770 3223 943 3299 habentem,
959 3229 988 3281 et
1002 3238 1117 3282 omnem
1131 3223 1318 3282 drdoedincrn
1333 3221 1434 3281 Densei

363 3319 443 3379 dedit
463 3327 518 3380 etc.
536 3347 548 3370 a
567 3321 704 3397 Ejusdem
720 3321 785 3380 libri
808 3323 1009 3380 anctoritatem
1026 3319 1078 3378 lib.
1098 3337 1160 3378 vn.
1181 3321 1266 3396 epist.
1292 3329 1321 3378 ⁷.
1343 3319 1378 3379 ad
1392 3319 1434 3376 Pe·

364 3423 444 3476 trum
462 3419 661 3478 Domitianum
674 3463 683 3496 ,
698 3427 727 3478 et
743 3419 891 3494 Elpidinm
906 3435 991 3494 saepe
1018 3419 1146 3493 exaltat,
1160 3419 1336 3493 praepositis
1353 3415 1435 3475 verbis

362 3520 506 3594 seriptum
531 3522 585 3576 cst.
603 3544 615 3568 ι»
636 3517 738 3577 Siraeb
761 3517 836 3578 libro
858 3517 896 3592 (5)
916 3521 1008 3578 ulitur
1026 3517 1082 3576 boc
1105 3516 1208 3574 modo:
1229 3516 1314 3576 «Sed
1339 3517 1435 3591 qnam

364 3615 617 3675 animadversione
633 3633 683 3675 eos
698 3622 821 3690 manat,
840 3631 891 3690 per
909 3614 1093 3675 Salomonem
1106 3613 1249 3674 Dominus
1268 3614 1437 3672 demonstrat

363 3711 480 3771 dicens:
495 3746 507 3758 -
520 3715 577 3787 Qui
597 3714 685 3774 offert
701 3713 877 3774 sacrificinm
897 3714 933 3773 de
953 3713 1117 3772 substantia
1133 3713 1286 3787 pauperis,
1302 3713 1385 3787 qnasi
1395 3709 1435 3783 qui

363 3811 496 3870 victimat
521 3813 615 3872 filium
644 3816 675 3872 in
702 3819 857 3888 conspectu
883 3815 975 3887 patris
1002 3814 1058 3870 sni.
1072 3835 1085 3860 a
1102 3811 1191 3869 Libro
1213 3811 1312 3884 prbrio
1332 3809 1433 3883 Regum

363 3923 429 3984 cap.
448 3926 508 3966 vrr.
528 3911 658 3985 ejusdem
676 3911 743 3970 libri
758 3911 797 3985 (6)
812 3911 903 3970 verba
923 3912 1045 3969 insenuit
1062 3908 1209 3967 scribens:
1227 3907 1339 3968 -Unde
1356 3911 1384 3964 et
1399 3919 1437 3962 sa·

393 4137 428 4200 (1)
442 4139 556 4203 sapen.
568 4147 591 4188 s.
604 4165 634 4176 -
646 4139 680 4202 (a)
691 4140 757 4189 neci.
770 4153 823 4203 cap.
837 4142 935 4192 xxvu.
953 4147 989 4190 ra.
1002 4165 1032 4177 -
1043 4137 1077 4200 (1)
1092 4139 1223 4187 nealal.
1237 4143 1275 4186 aa.
1295 4163 1327 4172 -
1338 4134 1371 4197 (4)
1382 4129 1435 4180 Edit

361 4217 441 4268 llaur.
452 4221 476 4268 el
486 4220 542 4281 Sap.
552 4221 641 4268 olivi.
650 4225 693 4278 no.
712 4245 742 4256 -
754 4219 788 4280 (5)
799 4222 868 4269 Tam.
881 4221 911 4268 ll.
934 4233 958 4281 p.
971 4225 1009 4270 oti.
1022 4221 1047 4267 et
1058 4218 1123 4266 Fsel.
1138 4217 1276 4267 cdlxxiv.
1296 4207 1434 4275 -(61Ε111.

361 4311 384 4348 a.
395 4299 449 4352 vn,
464 4305 499 4346 15.
