3022 5178
806 349 846 363 ·-
869 323 923 380 191
944 351 986 364 -
1018 340 1022 344 ·
1139 333 1141 338 “

357 449 448 497 suurn·
460 449 532 512 opas
554 433 687 495 inausum
704 435 820 493 lemma.
842 435 936 494 Miror
954 441 1068 508 samin,
1089 437 1234 510 qrrsnndo
1261 439 1404 500 solissdoni

357 536 526 594 Mereaturis
551 533 694 593 aLabbel
715 533 809 592 editae
822 536 958 592 ¹insertus
977 535 1016 591 sit
1032 549 1127 592 onnon
1144 537 1333 610 sexagesimus
1350 539 1408 600 huie

357 631 487 712 synodo,
507 634 558 707 qui
580 636 667 708 Juxta
687 631 802 706 titulos,
831 637 861 689 et
879 631 1008 706 ejusdem
1025 633 1172 705 scriptoris
1195 633 1305 692 eodisos
1327 636 1407 696 losum

357 728 472 789 nullum
489 729 618 788 haberet.
640 729 775 787 Fortasse
792 729 864 786 lraso
879 729 989 787 additio
1001 727 1106 787 Isidori
1119 727 1278 788 sodedioni
1293 731 1364 793 faeta
1373 743 1409 794 est

357 821 490 902 primurn
500 821 552 901 per
566 826 743 902 Grabblum,
761 825 799 884 de
814 839 874 902 quo
887 826 974 901 paulo
987 832 1063 902 posi,
1079 829 1141 902 qai,
1159 831 1193 885 ut
1210 834 1291 886 nout
1308 830 1408 908 Massi,

357 936 445 982 ausus
459 927 503 982 et
513 923 606 982 soso
618 923 776 982 nummo
789 921 903 982 amun
920 922 1150 998 ωηιιςιιιιειι
1162 925 1240 982 term
1253 926 1410 1004 mermes,
1478 911 1479 968 i

356 1035 431 1096 quae
447 1019 540 1080 eidem
562 1021 655 1080 sodlsi
667 1021 798 1096 deerant,
812 1017 1055 1097 quemadmodum
1070 1023 1408 1083 mueranonnullaverha
1478 1034 1479 1096 ζ

356 1120 480 1178 inseruit
495 1119 564 1178 huis
585 1122 739 1178 sanoniso
751 1119 920 1195 laodiceno,
940 1125 1026 1194 prout
1045 1117 1162 1178 exhibet
1176 1119 1255 1178 illius
1278 1119 1409 1198 sallustio,

359 1231 434 1291 quae
452 1217 560 1292 ubique
576 1217 786 1276 desiderantur.

397 1313 536 1391 Photius,
552 1317 604 1390 qui
622 1318 696 1374 vixit
714 1316 829 1375 saeculo
839 1331 917 1374 nono
928 1317 977 1392 ,in
988 1316 1273 1392 suoNomnsansne,
1286 1318 1365 1376 tiurlo
1380 1335 1412 1378 se

360 1412 457 1472 eundo
475 1413 513 1472 de'
527 1413 586 1472 lide
606 1427 670 1488 sap.
703 1429 742 1471 ιι.
773 1429 808 1472 ea
831 1427 951 1472 oensem
964 1413 1074 1488 Billis,
1093 1415 1211 1488 quaein
1223 1413 1347 1474 Ecclesia
1363 1417 1410 1491 legi

359 1517 489 1587 oportet,
503 1517 664 1570 memorato
687 1525 798 1569 mnone
814 1510 1034 1585 Apostolorum,
1055 1517 1084 1568 et
1102 1511 1326 1588 earthagiuensi,
1339 1529 1412 1570 sano

358 1623 411 1667 aas
428 1607 509 1668 addit
525 1607 689 1670 laodieenos
706 1624 772 1666 xvi.
793 1623 875 1666 xvir.
896 1623 993 1666 xvrrr.
1009 1623 1077 1665 xix.
1092 1623 1190 1665 xxrrr.
1206 1623 1272 1666 mx.
1293 1613 1412 1684 utsupra

359 1705 498 1781 deseripsi
509 1707 574 1782 ,de
595 1720 706 1766 esnone
724 1718 794 1766 uero
811 1707 1010 1781 sexagesimo,
1029 1705 1080 1764 ubi
1092 1704 1226 1781 explicite
1242 1713 1413 1766 numeranurr

359 1805 408 1862 isti
426 1802 494 1862 libri
514 1807 606 1879 sueri,
629 1805 712 1862 nulla
726 1810 770 1863 est
786 1807 905 1862 mentio.

398 1900 518 1960 Sassula
536 1917 583 1959 ιιι.
604 1903 680 1960 vixit
695 1901 783 1960 divus
804 1902 858 1960 lvo
877 1903 1056 1960 manotensis
1077 1904 1227 1977 episeopus
1247 1907 1327 1977 parte
1342 1903 1413 1960 tortia

358 1999 395 2057 ds
408 1997 554 2074 Ecclesia,
570 2004 600 2057 et
612 1997 699 2057 rebus
720 1999 919 2058 ecelesiasticis
935 2010 999 2074 sup.
1015 2015 1133 2058 essuri.
1152 2023 1165 2050 «ι
1179 1999 1265 2072 Quod
1276 2015 1334 2056 uon
1344 2015 1412 2073 opor

359 2101 402 2153 tet
418 2095 544 2172 plebajos
563 2096 692 2170 psalmos
708 2097 737 2153 in
753 2096 883 2157 Euolesia
907 2103 1034 2156 oanmre.
1048 2121 1061 2147 υ
1077 2095 1123 2156 lix
1140 2096 1291 2156 laodissno
1307 2096 1412 2155 oondlio

358 2193 462 2252 extulit
478 2207 620 2252 mnonem
635 2211 691 2252 arx
718 2218 731 2245 a
746 2194 830 2267 Quod
844 2209 904 2252 non
920 2201 1033 2270 oportet
1048 2195 1174 2272 plebeios
1186 2196 1315 2270 psalmos
1330 2197 1359 2253 in
1373 2211 1409 2252 oe-

359 2290 454 2350 sleaiis
471 2298 605 2365 eantare,
622 2305 676 2350 nee
690 2291 779 2350 libros
798 2296 911 2366 praeter
919 2291 1065 2351 canonem
1079 2293 1154 2369 legi,
1170 2293 1223 2352 sed
1240 2293 1333 2352 solum
1344 2307 1412 2350 saara

357 2388 508 2448 volumina
528 2389 599 2447 novi
610 2391 792 2464 tastamenti,
803 2389 851 2448 vel
864 2392 980 2448 velens.
997 2413 1010 2440 ι
1027 2389 1088 2450 Neo
1099 2390 1165 2467 hie,
1185 2389 1359 2466 nequealibi
1370 2390 1413 2447 las

356 2488 428 2545 citat
441 2501 582 2544 mnonem
600 2503 649 2543 nx.
675 2485 873 2561 laodicenum,
897 2486 1061 2562 siquando
1081 2489 1142 2563 ipss
1162 2491 1280 2546 notavit
1297 2487 1413 2545 distinete

359 2583 449 2641 libros
466 2580 642 2658 canonieus,
664 2581 777 2640 nnllam
796 2582 883 2658 hujus
899 2583 1005 2660 synodi
1020 2583 1068 2641 nel
1086 2585 1208 2642 senonis
1224 2583 1328 2642 hahuit
1340 2585 1413 2640 ratio·

359 2697 438 2740 nem.

397 2779 433 2836 ln
451 2783 575 2855 epitome
593 2797 738 2840 monum
755 2779 910 2858 symeonis
925 2781 1057 2856 nuglsui
1070 2779 1249 2856 Logethelae
1264 2779 1410 2855 leglurrsa

358 2891 418 2934 non
435 2876 690 2955 quinquagesimus
701 2879 883 2954 laudisonus,
899 2879 1046 2937 nonnullis
1061 2881 1192 2956 omissis,
1211 2881 1265 2954 qul
1282 2881 1324 2936 sio
1339 2877 1413 2936 seha«

358 2973 422 3032 hei:
447 2999 460 3024 «
474 2975 555 3034 Libri
569 2992 588 3034 a
600 2979 725 3052 privatis
740 2978 891 3051 somposlti
906 2977 939 3034 ln
955 2976 1071 3050 templis
1085 2990 1147 3034 non
1162 2977 1335 3052 leguntur.»

397 3071 525 3134 loannes
549 3077 704 3148 Quintinae
725 3076 845 3134 lieduus
861 3078 902 3133 *in
932 3075 1109 3151 praelatione
1136 3075 1313 3134 eolleslionis
1334 3075 1414 3131 sonai-

357 3170 463 3230 liorum
481 3187 533 3248 per
547 3173 690 3232 Zonaram
705 3173 871 3248 elaborata,
890 3171 926 3230 de
941 3171 997 3230 hae
1016 3172 1134 3230 solbit:
1154 3171 1208 3230 «d
1228 3173 1306 3248 regis
1326 3169 1412 3228 biblis

357 3265 443 3325 tlreoa
460 3270 599 3342 pervenit¹
615 3269 653 3327 ad
669 3285 724 3327 nos
744 3269 796 3327 illa
810 3267 990 3346 synodorum
1017 3268 1172 3343 rhapsodia
1191 3285 1244 3343 per
1269 3269 1410 3340 Zonnmm,

358 3363 504 3440 nonnihil,
521 3365 617 3441 quoad
635 3367 737 3424 seriem
754 3373 953 3427 senissimum
964 3369 1124 3442 pertineat,
1140 3366 1178 3424 ab
1188 3366 1339 3426 Hilariano
1353 3379 1411 3439 que

359 3461 427 3520 dnm
444 3465 614 3537 pictaviensi
632 3477 776 3522 sanonum
792 3464 867 3524 libro
891 3465 977 3524 valde
994 3469 1109 3522 vetusto
1129 3463 1255 3522 diversa
1278 3463 1358 3521 Hune
1370 3461 1412 3518 lli-

360 3557 505 3617 lam'anam
523 3559 651 3618 munere
667 3559 893 3620 'emendatiorem
913 3563 993 3638 regio
1006 3561 1058 3619 illo
1068 3559 1197 3618 Zonaras
1211 3559 1311 3618 codiee
1328 3557 1412 3616 eristi·

359 3660 421 3712 mat
438 3656 614 3733 Qrdntinus,
634 3673 728 3734 nsque
750 3658 879 3716 Zonaras
903 3658 1064 3716 hermemas
1086 3659 1184 3733 sapit,
1205 3663 1234 3715 et
1251 3661 1318 3714 aute
1335 3667 1412 3712 anuos

359 3753 547 3829 quingentos,
559 3754 696 3813 'nondum
716 3755 830 3814 Zonara
849 3759 911 3832 ipso
934 3762 1024 3832 nato,
1042 3761 1179 3814 exaratus
1195 3754 1319 3812 vidotm.
1335 3775 1346 3802 ι
1364 3749 1411 3810 Nu

359 3853 422 3908 tata
433 3849 537 3910 damea
553 3867 571 3910 a
590 3852 703 3912 loanne
723 3854 862 3928 Quintius
880 3853 1071 3930 drseepnnua
1091 3855 1166 3912 inter
1186 3852 1315 3910 Zonaras
1336 3854 1363 3906 ei
1379 3847 1412 3920 pi·

357 3947 534 4007 muisnsem
561 3950 711 4028 codicem,
740 3953 850 4010 eruitur
876 3951 1056 4011 laudisonum
1085 3950 1239 4008 eonsilium
1263 3952 1347 4024 Juxta
1367 3943 1410 4001 a»

358 4053 461 4104 aarum
480 4047 644 4126 ...complecti
670 4063 795 4110 oenones
820 4051 972 4126 sexaginta
994 4065 1005 4126 ς
1040 4048 1222 4108 Hilarianum
1258 4061 1328 4106 vero
1362 4055 1410 4106 unu

360 4159 473 4204 ιιιιιιιιι.
489 4155 504 4194 2
679 4172 682 4183 ·
708 4159 718 4170 ¹·
760 4165 764 4172 ¹
861 4177 867 4186 ·
1033 4171 1037 4184 ·
1093 4174 1096 4185 ·

400 4241 438 4301 ln
451 4241 670 4308 eodosluoensi
681 4245 881 4325 masiliam,
892 4237 1411 4325 desynodolaodlosnaleguolur1¹¹ee
