3086 5182
818 335 975 386 ...30-

359 454 473 513 misisse
490 455 593 510 eontra
609 447 774 524 provincias
795 445 924 505 rebellas.
946 445 1009 504 llao
1026 445 1058 502 in
1074 443 1256 520 expeditione
1275 443 1316 519 (1)
1335 459 1433 504 nume·

361 552 501 612 rebantur
522 553 683 608 teror-ntum
704 546 796 604 millia
815 545 970 621 peditum,
993 550 1025 603 et
1040 545 1161 621 triginta
1179 543 1272 602 millia
1292 545 1432 619 equitum

359 649 484 710 Divinus
502 653 603 708 auctor
623 647 682 706 ait:
711 644 820 704 «Tune
834 643 1005 703 Holoiernes
1025 645 1144 702 vaeavit
1159 642 1269 717 duem,
1290 648 1323 700 et
1345 644 1436 716 magi-

359 755 468 808 stratus
485 746 602 806 virtutis
630 744 831 821 assyriorum,
851 746 882 800 et
899 741 1096 800 dinurneravit
1119 743 1200 800 viros
1224 743 1255 798 in
1277 739 1437 814 expeditio
1531 789 1532 794 ,

358 863 447 920 nem,
467 847 543 903 siem
558 843 744 919 pmeeepitai
761 857 833 916 rex,
850 847 968 899 eentum
994 841 1101 916 viginti
1122 839 1215 897 millia
1234 838 1369 914 peditum
1385 853 1438 912 pa-

359 952 539 1022 gnatorum,
562 948 592 1001 et
610 941 741 1018 equiturn
764 941 983 1016 sagittariorum
1008 937 1162 998 duodecim
1183 937 1277 996 millia
1298 953 1372 996 eum
1391 952 1438 995 ra-

360 1044 459 1117 melia,
475 1040 588 1116 bubus,
603 1041 758 1115 mmentis,
773 1037 909 1115 gregibus
922 1041 1041 1114 omnm,
1056 1035 1440 1120 quaesuhioerentoopioae

360 1141 520 1212 exereitni,
547 1145 578 1197 et
598 1137 778 1197 trumentum
797 1153 834 1195 ex
856 1139 936 1196 omni
952 1135 1039 1214 Syria
1064 1139 1162 1212 parari
1189 1136 1353 1195 consumit
1367 1159 1382 1182 ·
1411 1133 1439 1191 st

356 1241 520 1314 jungantur
533 1241 650 1296 eentum
666 1236 772 1311 uiginti
784 1234 876 1294 millia
888 1235 1040 1310 peditum,
1054 1233 1243 1294 etduodeeim
1256 1233 1350 1292 millia
1362 1233 1441 1307 equi·

359 1341 445 1410 tum,
468 1351 541 1411 quoe
560 1338 694 1394 numerat
710 1333 879 1408 Scriptura,
897 1349 965 1392 eum
977 1333 1112 1393 omnibus
1129 1334 1200 1391 viria
1218 1332 1385 1392 auxiliariis
1403 1331 1441 1389 ab

359 1431 518 1491 holoferne
544 1433 668 1506 sumptis
690 1429 727 1490 de
750 1431 873 1506 singulis
891 1431 1032 1508 urbibus,
1051 1447 1103 1492 sen
1125 1432 1181 1490 sibi
1199 1431 1363 1490 annullatis
1378 1433 1442 1489 sive

360 1529 508 1605 subactis,
526 1545 577 1604 per
594 1544 668 1604 quas
688 1530 843 1604 transivit,
859 1531 903 1588 uti
921 1529 1006 1588 doeet
1017 1528 1119 1588 (1111111
1138 1529 1259 1588 historia
1278 1529 1319 1604 (2)
1339 1525 1440 1586 amba·

360 1643 427 1686 rum
444 1628 617 1702 scriptorum
641 1625 812 1702 aequabitur
833 1641 983 1686 numerus.
1003 1625 1115 1686 Pariter
1133 1627 1165 1684 in
1187 1640 1273 1684 saero
1288 1631 1375 1684 textu
1400 1624 1440 1681 11

361 1728 440 1803 gitur
459 1725 521 1801 (a),
539 1723 618 1802 quod
634 1730 762 1797 tremor,
787 1730 817 1783 et
841 1723 945 1784 horror
969 1726 1111 1783 invaserit
1133 1739 1235 1782 sensus
1260 1738 1388 1796 eorum,
1405 1739 1443 1780 ne

361 1821 434 1882 haee
451 1822 559 1882 faeeret
574 1820 780 1895 Hierusalem,
799 1822 951 1897 attemplo
967 1821 1104 1896 Domini,
1122 1835 1198 1897 qnae
1215 1820 1443 1878 ieoerateetram

360 1917 548 1994 civitatibus,
571 1924 600 1978 et
618 1917 735 1994 templis
749 1933 850 1977 earum
863 1936 873 1994 ς
894 1919 1092 1994 expoliarent
1104 1935 1207 1994 nenpe
1219 1920 1320 1976 omnia
1330 1916 1444 1990 termph

236 2087 267 2112 Ι,
360 2015 1443 2093 earnm,etdtmeratea.1uabeodembtodorourmrmr:·ttrar-

361 2113 498 2175 taxerxe‘s
515 2117 547 2172 in
559 2114 743 2190 Aethoplam
756 2115 893 2174 exulante
905 2115 1091 2190 Nmtanebo,
1108 2121 1201 2174 totam
1214 2115 1385 2191 Aegyptum
1398 2129 1445 2171 or·

359 2219 467 2289 eupat,
494 2214 666 2290 oppidorum
684 2216 811 2272 maxime
836 2212 978 2272 nobilium
998 2215 1111 2272 maenia
1128 2213 1283 2288 desuntt,
1309 2219 1340 2272 et
1364 2213 1444 2272 tanis

361 2312 515 2387 expoliatis
533 2314 681 2388 ingentem
700 2313 814 2386 eopiam
836 2313 916 2386 auri,
940 2317 970 2370 et
988 2314 1100 2388 argenti
1119 2318 1282 2372 eoaoervat.
1299 2337 1312 2361 ι

400 2407 560 2483 Scriptores
578 2407 772 2468 Ecclesiastioi
790 2423 906 2484 quoque
922 2409 1056 2468 nonnulli
1071 2409 1175 2468 Judlth
1192 2410 1344 2468 historiam
1365 2425 1445 2468 me·

360 2512 431 2565 runt
449 2506 592 2581 expletam
615 2505 671 2566 snb
688 2504 790 2581 Ocho,
809 2508 927 2564 nomine
941 2505 1218 2566 Nabuchodonosori
1230 2506 1350 2566 donato.
1377 2507 1443 2566 Sul-

359 2606 451 2678 picius
470 2603 594 2662 Severus
611 2603 727 2664 snaeulo
750 2619 794 2661 11.
811 2601 883 2662 haee
903 2606 964 2663 ait:
987 2603 1094 2665 coebo
1110 2621 1199 2682 rege,
1218 2607 1443 2680 utopinarmmr,

363 2701 436 2760 haee
455 2708 537 2778 gesta
558 2709 628 2760 sunt
644 2717 722 2760 anno
738 2702 851 2776 irnperii
872 2705 934 2777 ejus
955 2700 1162 2762 duodecimo.»
1185 2703 1311 2778 Prosper
1330 2704 1447 2778 aquius

361 2816 418 2858 nus
437 2799 552 2858 saeculo
570 2817 599 2858 1.
621 2807 687 2875 post
706 2801 858 2860 historiam
877 2800 997 2878 Esther,
1018 2803 1142 2862 alteram
1160 2803 1263 2862 iudith
1282 2805 1443 2878 componit

361 2897 599 2956 Bartholomaeus
618 2897 769 2958 Tortoletti
782 2915 836 2959 sno
851 2902 883 2959 in
896 2907 1047 2976 poenate,
1064 2901 1145 2976 quod
1157 2903 1306 2976 inscripsit
1317 2929 1331 2944 ·
1339 2899 1446 2958 iudith

361 2995 489 3070 vindex,
518 2995 863 3082 etvindimta·Urbmo
886 2998 967 3058 (ΠΙ.
990 2999 1120 3074 pontifici
1141 2999 1260 3073 dieato,
1286 2997 1445 3057 Nabueho

358 3093 485 3152 donosor
499 3109 615 3170 regem,
632 3097 724 3170 quiin
734 3096 838 3154 Jnditb
848 3095 978 3172 ejusdem
992 3096 1114 3156 historia
1126 3103 1315 3171 memoratur,
1330 3095 1447 3155 Oelmm

364 3195 545 3270 assyriorum
557 3235 567 3267 ,
581 3199 611 3252 et
622 3209 773 3268 persarum
788 3209 885 3271 regem
898 3210 963 3254 esse
973 3196 1108 3254 asseruit.
1123 3193 1251 3252 Isidorus
1268 3193 1446 3268 hispal&

360 3292 398 3351 de
414 3295 477 3352 vita
490 3299 520 3352 et
535 3292 617 3352 obitu
627 3300 806 3370 sanctornm,
820 3299 886 3368 post
903 3293 1007 3352 Esther
1022 3293 1141 3369 deponit
1156 3292 1260 3352 Juditb
1277 3291 1443 3350 historiam

364 3389 437 3448 Item
454 3390 575 3466 (libert,
606 3391 684 3449 unde
703 3391 816 3450 Nieolai
835 3407 893 3466 ea,
920 3407 996 3466 quae
1012 3389 1049 3450 de
1073 3391 1130 3450 hae
1151 3391 1269 3450 disserit
1298 3389 1443 3464 histor'n,

362 3491 508 3564 sumpsit,
530 3487 607 3548 hano
623 3489 828 3564 amplectitur,
848 3495 878 3548 et
891 3489 1022 3548 vindieat
1033 3491 1210 3564 opinionem.
1226 3488 1358 3546 Pridaux
1372 3503 1444 3563 quo

361 3599 418 3659 que
437 3591 568 3644 veteram
588 3587 753 3646 auctoritati
773 3587 892 3645 innixus
911 3586 1019 3646 latetur
1035 3587 1074 3645 ob
1094 3589 1214 3647 citatam
1234 3585 1309 3644 Oehi
1329 3585 1445 3660 expedi—

360 3682 470 3739 tionem
488 3685 520 3740 in
536 3683 736 3759 Phoenielam,
750 3684 873 3758 jndaeos
894 3685 1055 3761 quidquam
1074 3687 1257 3745 sustinuisse.
1271 3683 1359 3756 Quod
1375 3683 1444 3740 11111

358 3777 496 3837 eelebrati
516 3783 573 3838 viri
592 3782 629 3840 de
646 3782 702 3842 bao
719 3799 750 3841 re
772 3782 855 3842 brevi
874 3785 1074 3859 seripserunt,
1090 3799 1146 3861 ego
1163 3783 1290 3859 longiori
1308 3797 1443 3840 serm

357 3875 546 3950 explicarem
561 3879 683 3954 probare
696 3887 818 3941 oonatus
830 3897 915 3958 suro,
935 3888 965 3942 et
978 3882 1075 3942 adhue
1087 3879 1224 3957 instabo,
1246 3886 1303 3956 ut,
1321 3881 1440 3956 1111111

402 4183 452 4313 lg)
464 4187 543 4316 eitliod.
560 4189 628 4238 Siaul
650 4189 694 4240 lib.
712 4191 777 4239 xvi.
793 4205 819 4241 a.
837 4195 928 4242 1115.
945 4218 976 4230 -
992 4192 1027 4256 (2)
1046 4193 1104 4243 lud.
1122 4206 1144 4242 o.
1161 4195 1216 4243 vll.
1235 4201 1259 4244 2.
1277 4217 1310 4230 -
1325 4190 1361 4254 (t)
1377 4190 1434 4242 sud

360 4276 383 4312 e.
440 4303 446 4312 .
503 4270 546 4317 lv.
