3094 5184
547 469 586 481 ...
607 445 644 498 gg
666 469 705 480 ..-

95 551 234 628 ωτίὺωη,
255 552 384 630 legisque
405 551 571 629 doctorem,
593 559 659 630 post
678 559 792 628 captam
807 552 1056 629 Hierosolymam,
1076 559 1105 612 et
1118 554 1162 612 in·

95 651 296 710 staurationem
309 651 410 726 tempii
422 650 477 710 sub
491 650 647 710 Zerobabei
664 651 735 710 alias
751 651 861 710 litteras
880 653 1037 726 reperisse,
1058 651 1164 726 quibus

94 763 167 808 nunc
180 749 319 808 utimur.»
339 748 475 806 irenaeus
492 749 587 824 inquit
600 747 723 806 Esdram
736 748 884 824 collegisse
897 748 1003 825 libros,
1024 750 1071 808 rei
1085 750 1161 812 Scri-

12 907 15 928 ,
94 851 210 921 ptores,
231 860 310 922 quae
328 860 596 920 cumpraecessere.
619 845 656 905 Et
674 844 745 921 quid
767 861 802 908 err
826 845 881 904 boo
905 845 1028 906 infertur
1050 848 1088 907 ab
1113 851 1164 910 ad·

12 939 14 944 ’
93 944 248 1002 versariis?
268 942 391 1002 tortasse
410 949 539 1018 posteros
557 943 732 1019 judaeorum
754 945 908 1019 scriptores
927 961 987 1007 nou
1006 944 1096 1006 fuisse
1120 948 1164 1008 di·

93 1041 198 1098 vinitas
218 1040 395 1114 inspiratos?
416 1039 502 1100 absit.
520 1039 668 1116 Denique,
685 1047 717 1100 ut
731 1041 843 1100 dicatur
860 1041 983 1100 Esdram
996 1043 1164 1108 dulnosum

12 1203 18 1225 ἱ
93 1135 248 1196 bibliorum
260 1151 414 1196 numerum
427 1139 572 1214 signasse,
597 1143 683 1212 prout
697 1153 864 1215 synagogae
875 1141 1006 1215 magistri
1020 1145 1164 1219 sentiunt,

13 1227 14 1234 '
91 1250 211 1310 quorum
226 1235 336 1309 primus
350 1233 481 1309 Flauius,
497 1236 546 1311 qui
560 1233 598 1295 ad
611 1236 763 1310 imperium
774 1251 865 1312 usque
878 1235 1050 1298 Artaxerxis
1064 1240 1166 1300 scribit

12 1401 17 1424 μ
91 1335 230 1392 mansisse
249 1332 431 1408 prophetiam
451 1335 527 1392 inter
544 1332 704 1408 hebraeos,
727 1339 755 1395 et
776 1336 880 1410 viginti
900 1335 972 1394 duos
993 1334 1083 1397 libros
1102 1344 1166 1398 tan·

12 1431 17 1444 '
91 1436 151 1490 tam
170 1429 286 1488 divinos
304 1429 425 1505 haberi,
446 1436 475 1488 et
495 1429 573 1490 credi
597 1429 635 1488 ab
657 1428 779 1506 iisdem,
806 1446 922 1490 neeesse
944 1438 1019 1492 esset
1043 1432 1166 1494 Esdram

12 1501 20 1542 ²
92 1529 180 1588 uitam
191 1529 368 1603 protraxisse
389 1527 427 1586 ad
449 1525 494 1586 bis
514 1532 630 1586 centum
651 1541 743 1602 usque
762 1541 854 1586 anuos
876 1527 979 1586 saltem
998 1534 1064 1604 post
1082 1529 1167 1590 Zoro·

92 1623 242 1700 babelem,
263 1625 315 1700 qui
334 1638 400 1682 oum
419 1639 453 1682 eo
475 1625 555 1682 venit
575 1623 827 1700 Hierosolymam,
849 1630 884 1684 ut
902 1627 933 1683 in
952 1624 1098 1686 Cononem
1115 1626 1165 1688 be·

90 1723 242 1784 braeorum
264 1729 423 1784 recenseret
446 1723 519 1782 duos
532 1722 622 1783 libros
635 1723 893 1802 Paralipomenon,
919 1741 1042 1800 quorum
1063 1733 1164 1788 auctor
1187 1723 1191 1732 '

90 1821 203 1897 scripsit
223 1821 340 1896 decem,
371 1820 417 1880 vei
444 1820 579 1884 undecim
607 1823 805 1898 generationes
831 1828 898 1898 post
922 1822 1030 1884 Esdrae
1057 1829 1086 1882 et
1109 1825 1162 1884 Zo-

91 1917 232 2014 robabeiis
251 1924 395 1994 aetatem,
419 1919 504 1977 sicuti
524 1920 663 1994 accipitur
676 1936 692 1978 e
705 1921 797 1994 eapite
819 1935 873 1978 111.
896 1920 963 1984 libri
979 1937 1002 1978 1.
1020 1919 1167 1998 Paralipo-

93 2031 210 2091 menon3
224 2017 265 2074 ita
276 2017 353 2073 onim
364 2015 479 2091 iegitur:
495 2037 509 2064 a
518 2014 675 2074 Zorobabel
687 2017 787 2091 genuit
793 2016 1165 2093 Mosellamfflananiam...

12 2095 24 2154 l
93 2113 184 2172 Filius
194 2118 289 2170 autem
302 2111 452 2172 Hananiae
461 2110 591 2170 Phaitias
603 2117 684 2187 pater
695 2112 916 2189 Jeseiae,cujus
928 2114 1005 2173 iliius
1016 2113 1165 2191 Rapbaia3

12 2233 14 2240 ’
89 2212 175 2290 hujus
198 2228 311 2289 quoque
330 2211 408 2270 filius
430 2210 551 2287 Arnan,
571 2211 608 2272 de
629 2227 688 2288 qua
708 2219 794 2270 natus
814 2211 972 2288 est0bdia‚
992 2216 1075 2290 cujus
1088 2213 1168 2274 iliius

89 2309 145 2368 luit
163 2307 326 2368 Sechenias.
348 2309 440 2368 Filius
454 2307 612 2368 Secheniae
626 2308 754 2386 semeja,
770 2313 852 2385 eujus
866 2309 920 2368 iriii
939 2310 1051 2388 Jattus,
1073 2317 1103 2372 et
1122 2311 1167 2370 Je-

90 2408 175 2484 gaai,
201 2413 229 2466 et
256 2405 362 2482 Baria,
388 2413 417 2465 et
441 2405 598 2472 Naarla...
625 2405 717 2466 Filius
742 2407 867 2466 Naariae
892 2407 1072 2474 Eiioenai..,.
1099 2406 1168 2468 Filii

90 2503 376 2582 Eiioenai,·0duja,
402 2510 430 2562 et
449 2503 590 2580 Eliasub,
615 2510 644 2564 et
663 2501 801 2580 Pheloia,
830 2510 858 2563 et
878 2504 998 2581 Accub,
1024 2511 1053 2564 et
1077 2505 1167 2566 Joha·

91 2618 170 2677 nan,
192 2606 222 2660 et
242 2599 342 2678 Deiaja
367 2606 396 2659 et
415 2599 512 2682 Anani
532 2607 657 2676 septem:
677 2625 689 2652 a
712 2600 749 2660 Et
768 2600 837 2660 huic
857 2602 964 2660 similia
983 2602 1119 2678 leguntur
1133 2605 1164 2662 in

12 2687 18 2710 ³
89 2699 163 2759 libro
177 2698 343 2758 Nebemiae.
364 2697 439 2774 Quid
448 2697 565 2758 hebraei
579 2704 607 2757 et
619 2698 661 2756 iiii
676 2700 726 2775 qut
739 2701 781 2760 eis
794 2699 1004 2776 obsequuntur,
1016 2699 1064 2781 bis
1078 2700 1165 2760 dictis

89 2797 248 2873 adjicient?
280 2795 379 2860 dicant
395 2797 445 2872 qui
472 2795 647 2874 intelligunt.
670 2795 793 2856 Datbius
810 2799 840 2854 in
861 2799 937 2858 notis
953 2795 1021 2858 iibri
1035 2813 1059 2855 r.
1075 2795 1168 2858 Chro-

12 2891 23 2938 i
86 2897 221 2956 nieorum
236 2910 299 2970 cap.
317 2910 340 2952 1.
363 2892 399 2952 de
421 2893 602 2970 Genealogiis
623 2911 659 2954 ex
679 2894 784 2956 horum
804 2895 927 2958 duorum
946 2895 1088 2960 librorum
1110 2895 1169 2960 Aa·

87 3000 168 3052 ctore
195 2991 326 3068 collatis,
353 3008 448 3068 quae,
474 2998 506 3050 ut
530 2994 590 3067 ipse
617 2995 719 3067 novit,
751 2995 924 3070 perveniunt
950 2993 988 3051 ad
1016 2993 1168 3056 saeculum

85 3091 206 3150 tertium
227 3094 293 3164 post
315 3088 439 3148 reditum
461 3105 477 3146 e
497 3087 610 3147 Babeiis
633 3090 819 3164 captivitate,
846 3091 887 3147 ita
903 3088 1028 3148 scribit:
1064 3090 1164 3162 «Qua-

86 3187 226 3250 rumdam
244 3187 421 3247 familiarum
442 3187 580 3246 reducum
595 3202 611 3246 e
624 3187 810 3262 captivitate,
833 3187 1016 3262 genealogiae
1030 3185 1168 3250 videntur

12 3287 13 3290 ’
86 3287 179 3346 etiam
202 3290 268 3360 post
293 3284 346 3344 hos
369 3283 459 3342 libros
480 3287 542 3362 jam
569 3285 743 3360 compositos
766 3283 970 3358 continuatae,
996 3299 1042 3344 ex.
1065 3299 1096 3359 g.
1118 3282 1170 3342 Ze-

12 3387 20 3432 2:
88 3382 261 3459 robabeiis,
283 3385 366 3458 cujus
388 3383 523 3458 prosapia
544 3381 582 3440 ad
599 3383 717 3440 tertium
739 3379 887 3440 saeculum
906 3386 971 3454 post
991 3380 1116 3440 reditum
1134 3379 1171 3442 ab

12 3487 20 3532 t
80 3481 179 3540 exilio
205 3482 359 3556 pertingit,
387 3495 461 3555 quae
487 3481 575 3556 igitur
602 3496 662 3540 non
682 3485 805 3555 possunt
831 3494 893 3538 esse
919 3480 1045 3538 auctoris
1066 3478 1171 3539 borum

12 3581 20 3630 i
82 3578 248 3652 librorum,
269 3593 356 3654 quem
372 3577 494 3638 Esdram
513 3593 575 3636 esse
595 3593 710 3636 summa
726 3593 793 3636 eum
806 3575 1008 3652 probabilitate
1022 3577 1079 3635 uiri
1093 3576 1171 3636 docti

12 3673 17 3730 l
84 3681 254 3736 statuunt.»
284 3675 410 3751 Ideoque
430 3674 582 3755 (cujusque
598 3676 724 3734 auctoris
741 3674 814 3734 liant
828 3675 883 3734 hae
898 3673 1073 3750 additiones)
1084 3677 1172 3751 justa

81 3772 190 3834 Dathii
213 3775 397 3850 opinionem,
419 3779 447 3831 et
467 3772 659 3848 judaeorum,
684 3771 912 3832 exscindendam
931 3778 1007 3832 esset
1027 3772 1083 3832 boo
1102 3772 1171 3830 librl

12 3887 16 3926 r
79 3871 312 3948 fragmentum,
337 3876 370 3930 ut
395 3870 613 3947 apocryphum,
640 3877 669 3929 et
692 3871 770 3930 iilius
792 3877 892 3930 auctor
913 3870 1109 3948 segregandus
1135 3870 1173 3930 ab

12 3985 14 3990 ·
77 3969 155 4030 aliis
176 3969 286 4030 divinis
306 3967 513 4045 scriptoribus,
534 3983 625 4046 quum
646 3969 734 4046 longo
753 3974 882 4044 tempore
901 3974 968 4044 post
988 3967 1110 4030 Esdram
1129 3970 1173 4027 in·

12 4085 14 4118 l
78 4075 128 4126 ter
152 4066 296 4126 hebraeos
316 4068 409 4125 vitam
429 4067 582 4142 peregerit.
605 4064 740 4125 Audeant
759 4065 816 4124 hoc
836 4066 905 4142 aiii,
927 4065 1061 4125 sednon
1087 4081 1151 4142 ego.

12 4177 14 4214 ί
124 4164 409 4240 Quomodoeumque
422 4170 519 4222 autem
533 4165 712 4242 accipiantur
729 4164 834 4222 citatae
849 4163 1044 4240 genealogiae,
1061 4165 1123 4222 sive
1137 4163 1174 4222 ab

74 4269 212 4322 auctore
225 4261 465 4340 Paralipomenon
486 4269 515 4326 et
532 4260 689 4320 Nebemiae
701 4261 823 4320 collatae
842 4263 917 4336 sint,
939 4263 1000 4319 sive
1013 4266 1113 4336 postea
1127 4259 1175 4319 ad·

72 4363 179 4438 ditae,
191 4360 261 4420 baec
274 4359 416 4422 censenda
430 4359 514 4418 duco.
532 4359 611 4432 Quae
623 4359 706 4419 nobis
720 4359 902 4420 tradiderunt
916 4361 1056 4434 primaevi
1071 4366 1167 4434 patres
