3094 5176
592 385 750 438 „m-

140 495 278 572 quinatus
298 509 329 553 es
349 507 416 553 oum
437 495 582 569 mortuis,
607 493 761 571 deputatus
781 509 813 554 es
833 509 900 556 oum
920 493 1160 558 descendentibus
1179 498 1211 557 ia

138 592 295 652 internum.
311 617 323 642 s
348 591 409 652 liae
423 590 563 652 dictiones
583 607 642 652 non
656 591 754 652 decem
775 607 867 669 neque
882 592 1046 670 quindecim
1060 609 1153 656 annos
1165 596 1210 654 ia·

136 689 236 751 dicant
256 691 455 768 captivitatis,
477 689 528 750 sed
548 690 735 750 Intervallum
755 690 883 766 produnt
906 690 1131 768 longissimum,
1153 704 1211 770 quo

17 799 19 878 ζ
137 787 198 850 iere
210 785 351 849 oblivioni
364 788 471 849 tradite
491 787 610 848 nerunt
622 786 660 848 ab
675 787 806 850 hebraeis
827 788 1048 866 Hierosolyma,
1073 789 1211 866 nullaque

137 901 201 964 spes
222 891 371 964 supererat
390 888 431 946 eis
451 885 590 946 redeundi
610 886 640 945 in
660 888 785 962 patriam
803 891 922 946 terram.
950 885 982 946 Si
1009 902 1080 946 vero
1098 887 1129 946 hi
1149 901 1209 978 ser·

16 995 19 1006 ·
136 1000 237 1044 mones
257 983 419 1044 relerentnr
437 983 474 1043 ad
488 989 664 1060 postremam
684 987 766 1062 regni
786 989 910 1045 aetutem
929 983 1209 1046 Nabuchodonosori

138 1081 283 1160 Magni,et
296 1083 372 1141 circa
386 1081 699 1159 quadragesimum,vel
714 1083 807 1160 ultra,
824 1097 933 1142 aunum
946 1083 1211 1160 uansmigrauouis

16 1195 19 1206 ·
136 1177 312 1255 lechoniue,
334 1193 392 1255 quo
411 1185 563 1256 tempore,
585 1183 618 1238 ut
640 1177 771 1240 hauritur
792 1195 808 1240 e
828 1179 944 1241 Baruch
963 1179 1060 1240 verbis
1076 1179 1128 1256 (i),
1145 1181 1208 1257 iam

138 1281 275 1338 senuerat
293 1275 586 1353 Nabuchodonosor,
612 1283 641 1337 et
665 1276 831 1338 adoleverat
849 1277 927 1338 iliius
951 1282 1014 1355 ejus
1038 1277 1208 1354 Baitassar,

13 1445 14 1454 χ
130 1379 198 1453 Jure
221 1373 322 1452 iudaei
342 1373 380 1435 od
399 1362 556 1440 Dominum
578 1376 655 1434 versi
674 1377 917 1452 pronunciassent
941 1377 1118 1452 captivitatis
1138 1391 1208 1436 suae

137 1473 385 1550 longaevitatem
406 1477 436 1532 et
455 1471 520 1532 ideo
539 1471 578 1532 ad
598 1473 735 1548 pristinas
755 1471 837 1534 sedes
857 1487 907 1550 spe
924 1472 1108 1550 angebantur
1123 1475 1209 1534 oitim

134 1569 317 1647 revertendi3
337 1571 381 1630 uti
404 1583 505 1629 revera
518 1569 635 1645 explicit
648 1568 763 1630 Baruch
777 1573 885 1630 matio:
911 1569 1129 1648 «Circumspice
1142 1570 1209 1630 iiie·

10 1663 18 1704 ²
134 1665 260 1728 rnsaiem
275 1665 313 1726 ed
326 1663 486 1744 Orientem,
499 1671 527 1726 et
539 1665 606 1726 uide
615 1665 828 1742 jucunditatem
843 1667 932 1728 eliso
943 1666 997 1728 tibi
1012 1669 1204 1728 venientem.»

9 1753 14 1804 l
175 1764 203 1839 s.
227 1763 264 1824 V.
287 1763 354 1824 Alia
374 1761 517 1840 quaedam
536 1763 695 1826 diiiicuitas
714 1771 816 1826 contra
842 1766 990 1842 hucusque
1014 1765 1092 1825 dicta
1116 1767 1209 1828 oritur

11 1862 18 1900 ἕ
132 1858 272 1937 exiliis,
294 1876 369 1938 quae
389 1863 420 1920 iu
440 1859 540 1921 eodem
560 1860 674 1921 Beruch
695 1861 830 1938 leguntur
850 1861 886 1922 de
898 1862 1006 1940 templo
1026 1862 1079 1922 Dei
1100 1863 1138 1939 (i)
1161 1869 1207 1924 ut·

7 1959 17 2004 ³²
133 1964 201 2035 pote
220 1963 315 2018 stante
335 1973 394 2019 una
418 1973 485 2018 cum
505 1973 579 2034 ara,
600 1957 650 2018 uhi
670 1957 834 2019 ollerehant
856 1960 1019 2020 sacerdotes
1043 1958 1205 2038 sacrificiap

135 2054 206 2116 alibi
233 2071 303 2118 vero
323 2073 360 2117 ex
386 2055 509 2116 adverso
534 2059 645 2117 eruitur
664 2056 804 2132 tempium
830 2056 883 2118 Dei
908 2059 1058 2118 incensum
1078 2063 1108 2116 et
1126 2056 1206 2118 dira·

133 2157 199 2213 tum
221 2153 272 2229 (a).
295 2151 379 2228 Quod
399 2155 503 2214 attinet
522 2152 560 2213 ad
573 2152 629 2212 hoc
653 2154 836 2231 secundum,
857 2169 917 2214 nou
936 2161 982 2216 est
1001 2153 1206 2232 ambigendum

5 2267 15 2304 a
131 2248 170 2308 da
193 2251 321 2310 civitatis
348 2247 557 2328 Hierusalem,
582 2256 612 2310 et
630 2250 731 2328 templi
755 2250 872 2312 Dommi
892 2253 977 2312 ruina
997 2267 1050 2328 pro
1069 2265 1106 2312 eo
1125 2250 1203 2328 quod

131 2345 212 2408 baud
230 2347 352 2408 obsone
371 2347 411 2408 lbi
431 2349 621 2410 instituatur:
648 2347 707 2408 sin
728 2362 806 2408 auno
826 2350 951 2426 muto,
971 2350 1004 2408 iu
1021 2350 1144 2425 saptiam
1158 2346 1206 2409 die

3 2467 6 2506 ι
132 2445 242 2506 mensis
259 2447 290 2506 iu
310 2451 439 2523 tompore
454 2461 512 2523 quo
526 2451 663 2523 oeperunt
676 2446 807 2507 chaldaei
824 2445 1026 2522 hiemem,
1047 2452 1077 2506 et
1089 2459 1206 2506 succen-

132 2542 240 2604 derunt
253 2559 317 2604 eam
331 2546 403 2622 igni.
418 2569 430 2596 u
454 2543 576 2621 Insuper
591 2543 671 2606 addit
683 2543 815 2606 Beruoh:
842 2543 901 2604 abt
914 2545 1036 2621 posuisti
1052 2541 1204 2621 tempium,

131 2642 164 2700 in
187 2657 245 2718 quo
265 2645 432 2703 invocatum
453 2648 497 2704 est
516 2657 622 2704 nomen
646 2649 730 2704 tuum
751 2644 782 2701 iu
807 2644 890 2719 ipso,
916 2643 992 2704 sicut
1009 2641 1072 2702 dies
1091 2639 1201 2702 haec.»

131 2739 283 2814 Quomodo
296 2755 366 2818 ergo
379 2741 484 2802 dicitu
497 2739 605 2802 ibidem
619 2743 752 2822 captivos
768 2740 858 2802 israel
874 2741 986 2800 misisse
999 2741 1152 2817 pecuniam
1167 2737 1206 2800 ad

130 2837 287 2898 emendum
305 2837 541 2900 holocautomata
560 2838 751 2900 saerliieauda
770 2836 808 2900 od
828 2853 911 2898 eram
929 2835 982 2900 Dei
995 2837 1201 2898 iherusalem·

130 2941 162 2996 et
178 2934 266 3012 paulo
279 2941 344 3012 post
357 2936 494 2998 additur:
520 2935 645 3014 «Lepte
662 2935 771 2997 librum
789 2937 898 3012 isium,
921 2951 1006 3012 quem
1019 2935 1152 2994 misimus
1166 2932 1205 2994 ad
1265 2981 1269 2992 .

131 3049 188 3094 vos
207 3033 323 3094 recitari
343 3033 498 3110 intemplo
517 3033 633 3094 Domini
652 3037 685 3094 iu
704 3034 752 3094 die
765 3033 915 3094 solemni·
938 3048 1006 3094 cum
1020 3032 1205 3096 haecomnia

130 3145 185 3192 ara
203 3138 233 3192 et
251 3131 392 3208 tempium
413 3129 511 3191 diruta
530 3131 648 3192 essem?

173 3229 257 3304 Quod
277 3229 317 3290 ibi
340 3234 476 3290 narratur
495 3228 532 3288 da
559 3243 634 3305 ara,
663 3228 714 3290 ubi
754 3227 897 3290 israelitae
916 3229 948 3288 iu
973 3226 1084 3288 iudaea
1105 3241 1204 3302 super·

129 3329 214 3387 stites
233 3333 299 3406 post
317 3326 418 3404 tempii
440 3327 556 3386 ruinam
576 3324 743 3387 obtulerunt
762 3324 823 3387 Deo
842 3323 985 3386 saeriiloia
1004 3339 1057 3400 pro
1081 3323 1206 3400 captivis

128 3425 218 3486 siculi
236 3425 342 3486 dieitur
362 3424 425 3485 ibi:
458 3423 535 3485 «hd
556 3439 637 3485 aram
657 3424 710 3486 Dei
730 3425 851 3484 nostris
879 3421 954 3484 nilni
976 3421 1077 3482 oiiicit.
1104 3420 1205 3482 Altera

129 3523 210 3582 enim
230 3526 262 3584 in
282 3523 389 3599 templo
410 3523 527 3583 Domini
548 3521 591 3600 lsi
611 3523 685 3584 velis
700 3522 829 3584 dirutum
847 3537 898 3598 per
913 3519 1108 3583 Nabuaerdon
1127 3521 1205 3596 prio-

127 3621 224 3698 cipem
244 3621 364 3682 miiitiae
384 3623 460 3699 regis
487 3619 645 3701 Babylonis
663 3664 672 3699 ,
693 3621 766 3682 iilud
786 3635 804 3682 a
824 3617 979 3680 Salomone
1005 3619 1201 3696 instructum)

127 3717 254 3780 alterum
274 3734 292 3778 a
307 3720 423 3796 iudaeis
441 3717 548 3780 ibidem
568 3719 752 3780 aedificatum
765 3718 871 3794 luerit,
893 3717 944 3779 ubi
961 3717 1145 3778 immolarent
1158 3718 1202 3778 vl·

131 3818 237 3878 chrum
260 3821 347 3895 Juxta
372 3823 500 3878 reterens
525 3817 773 3880 consuetudinem.
801 3817 836 3876 in
858 3832 889 3876 re
913 3821 1036 3892 nostra,
1062 3815 1134 3875 haec
1156 3817 1205 3892 pia

127 3916 308 3977 consuetudo
326 3917 461 3976 victimas
480 3915 542 3976 Deo
554 3917 626 3976 coeii
639 3915 781 3976 oiiemndi
794 3917 955 3992 cunquitus
969 3913 1080 3989 libera,
1099 3911 1204 3974 deinde

127 4016 264 4076 mosaicis
283 4013 395 4092 legibus
414 4013 550 4092 delinita,
572 4016 666 4092 viguit
684 4031 799 4093 quoque
818 4016 893 4075 inter
912 4010 1050 4074 hebraeos
1068 4017 1134 4087 pust
1154 4027 1202 4072 ca·

127 4117 209 4190 ptam
232 4111 428 4190 Hierusalem,
450 4119 479 4174 et
492 4112 593 4190 templi
608 4119 637 4174 et
651 4114 777 4174 civitatis
792 4115 927 4190 ruinam,
942 4127 1008 4174 cum
1026 4109 1064 4170 ah
1082 4107 1205 4189 Assyria

158 4305 1176 4372 mwcim-mwehmm-mweiambm.
