3022 5178
511 333 690 386 -207-

111 443 135 520 s.
155 443 190 502 ll.
206 441 312 503 Eadem
328 447 465 517 aelatae
480 441 662 502 damascenis
686 440 827 502 oriundus
844 442 1030 518 pareatibus,
1049 442 1144 504 hiero·

79 543 184 620 solymis
198 540 357 602 monachus
375 541 490 600 claruit.
506 541 633 600 loannes
642 542 718 600 varii
727 543 840 616 generis
852 541 931 600 illius
944 543 1053 618 scripta
1065 544 1145 602 exhi-

17 639 19 700 ἶ
79 641 136 700 lent
151 655 217 700 suae
235 642 393 716 sapientiae
411 640 628 713 testimonium,
653 645 682 697 et
705 638 795 698 fuisse
818 645 962 698 testantur
980 640 1145 701 Catholicae

78 739 205 798 Ecclesiae
224 744 480 815 propugnatorem.
503 738 584 811 Quae
606 744 705 796 autem
722 736 759 795 de
774 736 930 812 Scripturis
950 739 1144 800 deutero-Ca·

77 838 174 896 nonicis
191 838 323 912 scripsit,
340 837 441 894 omnia
454 835 506 894 illa
519 851 535 894 e
549 824 664 912 scriptis
683 835 745 893 divi
758 835 914 911 Epiphanii
926 835 1044 913 hausit,
1060 840 1145 899 sicuti

17 1009 18 1016 ἵ
76 933 139 994 libro
157 933 282 992 secumo
302 933 339 992 de
357 933 416 992 ilde
436 933 600 992 orthodoxa
617 934 750 1010 exurgit,
771 932 822 990 ubi
836 932 983 994 canonem
993 938 1081 1011 juxta
1094 937 1144 996 he·

17 1077 18 1112 ,
76 1032 214 1092 bracarum
232 1031 397 1092 docuinam
419 1034 542 1092 censuit.
566 1030 645 1091 Alibi
659 1037 758 1090 tamen
772 1033 833 1090 suis
852 1033 884 1090 in
904 1033 1086 1092 sermonibus
1100 1033 1145 1092 Bi·

17 1173 19 1212 3
76 1128 124 1188 blla
138 1129 260 1188 Deaoem
283 1136 317 1188 ut
336 1130 486 1190 divinata
505 1132 710 1190 auctoritatem
737 1129 870 1205 colligit,
897 1131 1144 1206 quemadmodum

17 1271 20 1310 ,
74 1229 212 1302 copioscln
229 1226 305 1286 libro
315 1227 352 1287 de
363 1232 454 1288 sacris
468 1228 615 1304 parallelis
631 1235 676 1287 est
688 1226 797 1286 videre.
814 1229 849 1287 ln
865 1229 1044 1304 praefatione
1062 1233 1142 1292 enim

75 1323 149 1402 hujus
172 1324 257 1402 libri,
278 1326 473 1386 Ecclesiastici
498 1326 535 1402 (il
560 1325 651 1384 verba
673 1325 729 1386 hoc
751 1325 838 1384 modo
863 1327 1015 1387 describit:
1040 1353 1051 1378 ιι
1067 1330 1144 1402 Quin

76 1427 149 1482 etiam
164 1425 239 1484 sicut
259 1426 377 1484 canitur
395 1427 426 1482 in
449 1426 618 1500 sententiis,
637 1439 713 1500 quae
729 1424 862 1483 versibus
878 1425 1040 1501 descriptae
1057 1434 1141 1487 sunt:

17 1521 18 1526 ’
77 1523 146 1594 ·Qci
162 1523 252 1583 edunt
271 1539 318 1582 me
338 1523 435 1582 adhuc
454 1525 593 1599 esurient,
609 1529 638 1581 et
654 1525 705 1598 qui
717 1522 822 1581 bibunt
835 1539 882 1582 me
895 1523 992 1584 adhuc
1005 1527 1113 1584 sitient.
1129 1551 1141 1576 l

78 1618 150 1680 libro
164 1637 206 1680 iv.
222 1623 259 1680 de
280 1621 338 1682 lide
358 1622 522 1682 orthodoxa
537 1638 602 1698 cap.
618 1638 700 1680 xvir.
717 1621 809 1680 verba
822 1619 937 1682 Baruch
951 1625 993 1684 ita
1006 1624 1142 1700 appellat:

16 1767 23 1808 ,
79 1718 261 1796 «Prophetiae
278 1721 387 1796 duplex
405 1737 517 1798 genus,
531 1721 675 1796 quaedam
689 1720 826 1780 dicuntur
841 1727 873 1781 ut
886 1721 1004 1799 futura,
1019 1731 1048 1784 et
1060 1739 1147 1800 quae-

16 1817 18 1824 “
77 1815 135 1876 tam
155 1825 186 1878 ut
204 1822 383 1894 praeterita,
401 1825 451 1878 ut:
468 1819 546 1877 -liic
563 1818 641 1878 Dens
655 1825 774 1894 noster,
794 1818 945 1893 posthaec
964 1821 995 1877 in
1013 1828 1092 1880 terra
1104 1824 1147 1880 vi·

76 1931 116 1976 sus
135 1923 193 1994 eat,
211 1923 241 1976 ct
269 1933 337 1976 cum
363 1917 532 1976 hominibus
556 1924 783 1976 conversatus.»
805 1916 917 1977 Ibidem
938 1926 1036 1980 autem
1056 1937 1073 1978 e
1093 1921 1145 1980 Sa·

77 2017 183 2090 plantae
202 2017 240 2094 (ἲ)
261 2017 337 2078 libro
355 2017 427 2078 haec
444 2019 530 2094 legii:
551 2015 636 2071 «Ὅτι
654 2023 702 2086 μέν
723 2013 766 2068 οὖν
789 2015 881 2088 dccxci*
904 2019 1003 2072 δικαίων
1025 2020 1051 2074 ἑν
1072 2024 1147 2094 χειρί

76 2117 139 2180 Θεοῦ,
159 2116 203 2170 καί
220 2117 250 2174 οὐ
276 2120 314 2188 μή
334 2114 434 2186 ἅψεται
460 2116 541 2172 αὐτῶν
562 2115 575 2168 a'
595 2113 718 2178 θάνατος,
738 2117 819 2188 φησι)
840 2115 857 2173 η’
877 2112 937 2168 θεία
959 2119 1101 2190 pecchi.
1116 2137 1143 2180 θ.

78 2215 204 2288 Quoniam
226 2235 300 2295 crgo
320 2220 435 2278 animae
445 2220 592 2293 justorum
611 2218 642 2275 in
660 2232 750 2276 manu
767 2215 840 2290 Dei,
859 2223 888 2274 et
907 2233 966 2276 non
984 2220 1080 2294 tangit
1097 2235 1147 2278 eos

78 2329 157 2392 nors,
174 2316 246 2376 dicit
268 2315 370 2374 divina
393 2314 579 2390 Scriptura.»
602 2313 692 2374 Libro
719 2331 816 2372 xvim.
842 2314 879 2373 de
906 2314 977 2374 locis
999 2316 1147 2390 parallelis

78 2410 187 2474 Danielis
199 2413 294 2474 verba
303 2414 340 2490 (3)
348 2421 479 2473 narratz·
490 2413 638 2472 Insontem
655 2419 684 2472 et
691 2416 806 2488 justum
819 2429 879 2472 non
890 2413 1034 2472 occides.»
1048 2413 1089 2472 Ut
1101 2416 1146 2472 vi-

21 2560 24 2580 ,
77 2509 158 2588 detur,
177 2513 308 2574 loannes
324 2512 516 2570 damascenus
533 2503 693 2586 Scripturis
712 2511 836 2586 Tobiae,
855 2511 958 2570 Judith
977 2517 1006 2571 et
1027 2511 1147 2572 Macha-

77 2607 200 2670 haeorum
217 2627 325 2687 parum
345 2611 462 2670 institit.
480 2609 537 2670 Sed
554 2609 613 2670 huc
626 2609 778 2668 referenda
796 2617 882 2685 sunt,
904 2625 980 2686 quae
995 2610 1032 2670 de
1049 2610 1147 2670 Eccle-

77 2709 113 2766 sia
129 2708 389 2787 hierosolymitana
406 2724 495 2783 supra
517 2710 694 2768 censuimus.

15 2784 23 2820 ³
108 2806 132 2882 S.
150 2807 201 2868 XI.
221 2810 347 2867 Ineunte
361 2807 476 2866 saeculo
490 2813 606 2881 octavo,
621 2805 708 2866 dirus
728 2806 896 2866 munaum
912 2810 1030 2868 natione
1043 2808 1149 2885 anglus

77 2901 229 2982 lloguntiae
247 2905 499 2982 archiepiscopatu
517 2904 671 2964 defunctus
692 2911 745 2963 est.
769 2904 836 2964 Suis
855 2907 885 2962 in
904 2907 1054 2981 epistolis,
1074 2921 1148 2981 quas

15 3047 16 3054 a
78 3005 144 3062 varia
153 3007 282 3082 scripsit,
290 3006 361 3064 etin
374 3020 475 3064 aarum
486 3005 648 3080 responsis,
663 3003 828 3080 Scripturae
847 3003 1149 3064 Demere-Canonicae

16 3177 17 3182 ἵ
76 3109 272 3162 munerantur.
297 3102 360 3160 Hae
379 3101 517 3177 epistolae
529 3108 688 3162 occurrant
707 3102 738 3158 in
754 3099 933 3162 Bibliotheca
954 3101 992 3176 ll)
1017 3107 1145 3176 patrum.

77 3195 192 3274 Epistola
209 3216 282 3258 xix.
304 3198 342 3257 ad
359 3198 548 3258 Ethibaldum
566 3215 681 3275 regem,
702 3200 728 3256 ei
749 3197 839 3256 verba
856 3196 1020 3272 Sapientiae
1034 3197 1147 3256 denun-

78 3294 135 3354 ciat:
153 3297 244 3357 cNoli
260 3297 364 3356 talium
383 3299 539 3372 impiorum
557 3295 595 3354 ad
610 3295 799 3372 perditionem
815 3295 1050 3370 exemplaaequi.
1061 3293 1149 3352 Tales

76 3392 158 3470 cmm,
169 3397 258 3471 juxta
276 3394 457 3472 prophetiam
470 3395 635 3470 scripturae
648 3408 749 3453 sacrae
764 3391 815 3468 (5),
831 3397 911 3466 sunt,
926 3394 978 3468 qui
998 3393 1148 3468 angustia·

16 3555 21 3580 Ι
77 3497 302 3571 veruntjustos,
331 3500 361 3552 ct
386 3495 437 3570 qui
459 3492 641 3552 abstulerunt
657 3491 771 3550 labores
791 3506 908 3564 eorum3
930 3491 962 3547 in
984 3488 1031 3548 dle
1043 3488 1151 3565 judicii

15 3588 21 3650 7
77 3584 172 3650 (lictum
189 3599 275 3652 sunt:
291 3591 486 3670 -Errpvimus
513 3606 532 3650 a
551 3591 601 3648 via
619 3591 751 3648 veritatis
775 3595 804 3647 et
820 3590 951 3665 justitiae
971 3587 1071 3646 lumen
1090 3603 1150 3646 nou

78 3683 165 3746 illuxit
176 3689 275 3765 nohis,
292 3695 348 3750 etc.
363 3714 375 3742 a
393 3689 430 3748 Et
449 3688 549 3748 multis
569 3688 606 3748 de
625 3687 681 3748 hoc
702 3687 776 3746 libro
794 3688 972 3762 memoratis,
995 3684 1032 3745 ad
1050 3683 1151 3743 Eccle-

79 3781 218 3846 siasticum
234 3787 273 3863 (6)
289 3790 395 3848 uomit
422 3786 540 3846 dicens:
562 3786 626 3844 «Et
641 3786 730 3844 alias:
748 3784 915 3844 ·Numerus
936 3784 1052 3844 dierum
1073 3785 1153 3842 vitae

78 3876 214 3961 hominis,
233 3888 260 3943 si
284 3885 409 3944 multum
423 3890 540 3944 centum
560 3885 646 3957 anai,
663 3885 748 3958 quasi
761 3882 885 3957 parvula
901 3888 1001 3960 grotta,
1019 3881 1056 3940 de
1076 3882 1151 3938 mari

15 4049 18 4066 μ
80 3991 177 4056 magno
191 3982 348 4058 deputatus
364 3988 423 4042 est:
442 3981 547 4040 -llaec
564 3982 642 4040 enim
655 3981 772 4054 omnia,
790 3980 950 4039 secundum
965 3980 1152 4038 auctoritates

103 4191 135 4252 ll)
145 4195 209 4244 croi.
222 4207 245 4243 c.
259 4197 343 4244 xxiv.
358 4223 387 4234 —
399 4197 432 4258 (2)
453 4201 508 4259 Sap.
531 4211 553 4244 c.
566 4198 610 4246 lll.
626 4203 644 4245 i.
657 4221 687 4232 -·
698 4193 732 4256 (3)
743 4193 836 4244 Daniel.
864 4209 886 4243 o.
901 4191 966 4244 xiil.
979 4218 1010 4228 -
1020 4191 1054 4254 (i)
1076 4193 1111 4239 De
1130 4189 1154 4238 la

82 4269 216 4330 Sinuessae.
232 4283 254 4324 a.
268 4277 338 4339 -ltri
350 4281 405 4340 Sap.
419 4291 432 4324 c
448 4280 478 4328 V.
493 4278 565 4340 -(a)
577 4277 757 4326 Eccl.c.llt'lll.
771 4283 793 4323 a.
