3086 5182
832 385 993 436 ..54-

372 508 443 562 tes.
466 498 506 560 X.
526 496 578 575 qui
596 499 691 556 erevit
709 498 741 554 in
760 495 905 572 nuvium,
925 493 1109 556 etiaimem
1127 492 1441 571 sobnqueeonvusus

369 591 1079 672 utete.qnoenguruerantl·*snreris,inno
1104 593 1440 654 vriuuoommurannu

372 695 505 770 iaciunt,
529 700 559 752 et
578 691 706 751 alienam
719 707 739 750 e
752 691 856 749 divina
876 691 1038 768 Scriptura.
1060 690 1166 750 Nonne
1178 677 1297 768 iontes{
1312 694 1382 768 tux,
1395 695 1444 770 sui,

371 794 482 854 indicis
500 797 585 852 erent
603 793 826 866 prosperitatis,
847 795 878 848 et
891 789 992 866 gandii
1004 791 1037 848 iu
1055 789 1147 848 lueet
1161 791 1174 848 1
1190 789 1296 850 Nonne
1314 789 1446 868 vulgatae

371 888 1121 964 benenmroseerissenpturinnsntetionessjus
1141 890 1279 966 guerris?
1300 888 1449 948 Nonneet

371 989 513 1050 Horatius
529 987 682 1046 coenon
703 983 985 1062 Augusturn'lueern
1003 989 1117 1062 patriae
1135 993 1167 1046 et
1184 986 1330 1063 fulgurea
1352 989 1447 1063 popuii

372 1087 522 1164 appellat?
536 1085 699 1163 Prophetae
709 1101 812 1146 ornnes
823 1086 934 1163 piuries
947 1087 1109 1164 symboiiee
1122 1085 1223 1146 futura
1232 1087 1448 1162 praevihunt,

372 1194 403 1248 et
427 1185 595 1265 hujusmodi
612 1183 748 1264 symbola
769 1187 831 1245 suis
856 1185 1002 1246 mentibus
1020 1185 1244 1262 objiciebantur.
1265 1185 1382 1246 Clanius
1407 1188 1449 1245 in·

372 1301 481 1362 quarm
498 1284 623 1343 fortasse
641 1285 718 1344 visio
736 1283 811 1360 iiia',
834 1299 924 1360 wem
942 1286 976 1342 in
1000 1287 1115 1343 somnio
1136 1284 1213 1344 vidit
1239 1283 1449 1346 blarduobaeus

372 1385 410 1444 de
429 1383 559 1461 perieuio
579 1386 682 1461 gravi,
706 1389 735 1442 et
749 1383 847 1442 sainte
861 1383 1061 1459 judaeorum,
1089 1386 1246 1459 opponitur
1266 1383 1387 1443 divinae
1409 1387 1451 1443 ia·

373 1485 546 1560 spirationi,
572 1484 679 1559 quippe
704 1481 784 1557 qnod
810 1481 889 1540 neus
910 1497 1065 1558 nunquam
1081 1484 1115 1540 in
1142 1483 1258 1540 somnio
1285 1481 1451 1543 hominibus

374 1583 561 1658 apparuerit,
582 1581 683 1656 elsque
702 1595 788 1640 mom
807 1581 992 1641 voluntatem
1010 1581 1150 1641 indicarit
1161 1582 1176 1638 1
1197 1581 1264 1658 iiii,
1288 1583 1342 1658 qui
1365 1583 1452 1642 eonti-

373 1695 434 1739 nuo
454 1696 525 1756 pree
544 1679 682 1739 manibus
697 1679 800 1739 divim
820 1679 916 1739 Bibiia
934 1679 1065 1756 babent,
1091 1680 1283 1757 divinernque
1303 1680 1349 1740 ibi
1371 1697 1450 1740 rere·

374 1777 514 1840 lationem
536 1780 648 1854 puriter
664 1780 819 1838 oontestati
837 1784 926 1856 sunt,
955 1781 1093 1839 noverint
1111 1784 1184 1856 quot
1202 1779 1298 1839 modis
1317 1785 1349 1839 et
1365 1781 1453 1840 variis

375 1883 461 1938 subin
481 1876 662 1936 voluntatem
682 1875 816 1936 homines
832 1877 965 1938 domnis
982 1877 1071 1937 Deus.
1087 1877 1192 1938 Nonne
1209 1881 1241 1936 in
1254 1881 1372 1954 extasi,
1393 1881 1453 1938 sive

375 1977 483 2036 mentis
496 1991 619 2036 exeessu
638 1973 743 2035 Petrus
767 1973 926 2052 Apostolus
946 1976 986 2053 (t)
1014 1977 1092 2038 vidis
1110 1978 1224 2036 melum
1246 1983 1402 2054 apertum,
1427 1983 1454 2036 et

376 2071 554 2133 desuem
567 2089 621 2134 ves
634 2073 804 2150 quodem,
824 2073 907 2134 velun
927 2074 1053 2135 linteum
1081 2091 1243 2154 magnum,
1260 2081 1389 2152 quatuor
1401 2076 1454 2133 ini·

375 2173 447 2248 tiis,
468 2171 602 2232 submitti
623 2170 660 2230 de
680 2170 762 2232 eoelo
778 2175 810 2230 in
832 2177 964 2248 terram,
982 2174 1015 2231 in
1034 2189 1094 2250 quo
1111 2175 1310 2232 erantomnia
1327 2172 1454 2249 quadru-

376 2271 470 2348 pede,
486 2278 517 2331 et
528 2273 675 2348 serpentia
685 2277 818 2332 terraeet
827 2271 961 2332 voiutiiie
973 2273 1068 2332 eoeiit
1078 2289 1154 2349 quae
1166 2272 1294 2333 Cornelii
1307 2276 1453 2332 omnium·

376 2373 435 2446 q'ue
457 2369 641 2430 ethnieorum
663 2372 884 2430 eonversionem
901 2371 1104 2447 exprimebant
1125 2371 1165 2430 ud
1185 2369 1361 2448 Christum,
1390 2387 1455 2432 eura

377 2475 455 2528 esset
473 2472 536 2545 ipse
557 2470 635 2529 Deus
659 2471 810 2545 omnium,
831 2480 990 2548 omnesque
1000 2470 1092 2530 vellet
1104 2471 1204 2530 saivos
1215 2469 1292 2530 fleri.
1308 2467 1416 2530 Nonne
1427 2472 1455 2528 in
1533 2497 1534 2540 3

377 2570 492 2626 somnio
511 2574 541 2626 et
559 2569 673 2628 visione
690 2567 766 2628 vidit
777 2567 1047 2630 Nabuchodonosor
1059 2569 1155 2629 fetum
1168 2571 1252 2646 regni
1276 2570 1346 2646 sui,
1370 2583 1455 2645 quarn

377 2669 405 2725 ei
424 2669 631 2742 interpretetus
651 2674 696 2727 est
714 2665 818 2727 Daniel
840 2667 879 2742 (a)
891 2668 911 2724 1
1156 2685 1162 2692 ·

417 2763 498 2823 Boeo
517 2765 617 2824 omniu
637 2767 662 2824 si
679 2781 771 2842 oeque
783 2766 1000 2843 ponderentur,
1021 2763 1243 2826 eonionnantur
1262 2767 1375 2826 visioni
1386 2765 1456 2825 divi·

377 2875 457 2937 nae,
477 2875 568 2938 quam
587 2861 663 2922 vidit
681 2859 894 2923 Murdoebaeus
913 2866 946 2921 tn
965 2865 1080 2923 somnio
1099 2865 1179 2923 eirea
1197 2877 1253 2939 ea,
1274 2877 1354 2939 quae
1374 2879 1457 2922 evni-

323 3009 335 3038 ς
377 2965 446 3044 ture
465 2966 550 3020 erant
568 2960 706 3038 Estheri‚
726 2967 757 3021 et
769 2961 877 3038 populo
890 2962 991 3022 lsraei.
1014 2960 1091 3022 Satis
1111 2961 1174 3022 dixi
1186 2961 1223 3021 de
1243 2961 1301 3021 buo
1314 2961 1456 3037 historia,

379 3058 491 3136 retiqua
509 3063 607 3136 potius
626 3063 792 3138 interpretis
805 3069 850 3123 est
868 3061 1041 3139 expendere.
1057 3061 1095 3121 Et
1107 3061 1147 3122 ob
1158 3060 1216 3120 boe
1227 3061 1359 3136 piurima
1373 3059 1457 3136 hujus

378 3156 447 3218 iibri
465 3163 674 3222 oommentoria
693 3161 819 3222 conflata
839 3167 925 3238 sunt,
946 3177 1022 3238 quoe
1040 3159 1141 3222 tentori
1160 3157 1420 3219 eommenduntnr.

407 3575 442 3640 (1)
457 3577 510 3625 Aet.
526 3577 609 3640 Apost.
623 3587 645 3626 o.
661 3577 691 3625 x.
709 3601 739 3612 -
755 3573 790 3638 (t)
802 3573 887 3624 Daniel
901 3587 923 3622 e.
938 3563 970 3623 n.
