3094 5184
568 399 728 452 ..93-

111 513 203 572 ustas
222 525 260 570 ne
279 512 311 568 lu
332 523 410 584 sua,
431 515 466 567 ut
484 507 567 585 dixi,
589 507 695 568 haruin
717 507 933 584 scripturarum
952 511 1188 587 interpretatione
1303 571 1306 578 ι

113 609 220 687 aliquld
240 610 410 684 innovaret,
428 606 476 668 rel
496 611 641 684 mutaret,
662 613 759 684 aperte
778 609 874 668 innuit
892 623 923 668 se
940 607 1062 669 tirmiter
1074 611 1191 672 credere

111 708 239 770 divinem
261 707 468 768 revelationem
492 705 598 768 horum
620 705 772 767 librorum.
793 704 888 766 Aliter
907 709 1028 768 nonita
1043 724 1106 770 sese
1125 726 1189 787 ges·

111 810 192 870 slssd
210 809 242 866 in
261 805 319 866 hoc
339 819 448 882 opere,
469 803 521 864 sed
536 803 655 864 liberius
677 802 755 864 hauc
768 804 989 865 translationem
1015 805 1189 886 conflasset,

110 907 201 966 omnis
221 904 329 964 erroris
348 904 453 964 tinrore
476 903 613 978 seponto.
635 899 693 964 Sed
710 906 739 962 et
753 900 810 960 hoe
822 898 918 979 idem,
941 901 1020 980 quod
1040 908 1085 964 est
1104 903 1190 966 valde

113 999 425 1077 animadvertendum,
451 1002 571 1076 apparet
592 1014 647 1076 pro
667 1013 700 1060 ra
725 1005 826 1060 nostra
850 1001 881 1060 lu
908 1001 1000 1061 veteri
1024 1000 1075 1063 illa
1099 1001 1192 1064 latina

111 1098 317 1176 nuntiatione,
338 1113 476 1176 agraeos
497 1105 536 1158 ιο
558 1097 692 1158 versione
716 1097 859 1159 mareau.
888 1098 924 1158 In
948 1097 1083 1162 omnibus
1111 1101 1192 1160 endo

13 1207 14 1244 ι
109 1202 170 1258 tum
190 1198 283 1275 nori,
310 1203 375 1258 tum
402 1199 508 1261 veteris
533 1197 711 1258 Testamenti
735 1195 817 1256 libris
845 1198 876 1256 ln
904 1197 1037 1276 linguam
1063 1198 1187 1264 latinam

13 1305 14 1344 l
109 1296 248 1358 naducds
274 1295 390 1356 saeculo
412 1295 571 1372 apostolico
598 1295 698 1371 (notat
719 1311 805 1372 saepe
833 1295 1015 1374 Augustinus
1041 1299 1073 1358 in
1103 1298 1186 1360 libris

13 1403 15 1442 f
109 1392 145 1454 de
164 1393 303 1455 Docnlm
325 1392 510 1470 Christiana,
530 1399 559 1454 et
578 1409 632 1454 nos
649 1394 837 1471 percipimus)
853 1396 1024 1472 interpretes
1036 1396 1189 1458 christiani

108 1493 203 1572 quivis
220 1492 263 1554 llli
282 1491 409 1570 maini,
430 1491 467 1554 de
486 1492 599 1570 legibus
617 1495 824 1570 grammaticae
837 1508 941 1570 parum
954 1493 1072 1554 solliciti
1085 1493 1188 1573 luere,

109 1605 144 1650 ac
163 1589 228 1651 ideo
250 1589 394 1650 voeabula
416 1605 520 1668 graeca
539 1589 733 1652 traduxerunt
754 1592 785 1649 ln
806 1590 912 1650 latinas
930 1591 1092 1670 dictiones,
1113 1607 1190 1670 quae

13 1681 16 1694 '
110 1691 202 1766 magis
219 1703 390 1766 graecorum
410 1688 510 1764 phrasi
527 1687 724 1766 aptabantur,
744 1705 833 1766 quam
847 1689 1027 1766 latinorum
1041 1687 1138 1766 quod,
1157 1694 1191 1750 ut

14 1783 15 1792 ’
108 1802 200 1864 nuper
226 1786 380 1864 dicebam,
404 1788 436 1846 ln
461 1789 569 1848 nostris
593 1785 695 1848 Bibilis
722 1787 876 1865 Dmteris,
901 1794 931 1848 et
955 1789 988 1846 in
1013 1787 1190 1866 evangeliste

13 1946 16 1956 ,
109 1884 244 1946 omnibus
266 1884 363 1946 adhuc
382 1887 486 1946 aetnds
507 1885 694 1964 decernitur,
719 1888 855 1964 quamvis
878 1886 1052 1964 Hieronymi
1076 1887 1191 1948 calamo

17 1987 20 1997 '
108 1983 277 2044 emendetis.
299 1983 336 2043 Et
359 1983 431 2060 quid
453 1983 578 2059 amplius
602 2000 640 2044 ex
660 1983 717 2044 hoe
738 1983 823 2044 nobis
843 1986 899 2044 erit
913 1983 1122 2046 inferendum?
1135 1983 1191 2046 Ve-

109 2087 202 2142 tustos
222 2097 327 2158 nempe
347 2087 399 2159 et,
420 2081 481 2142 fere
500 2081 618 2159 dcun,
640 2082 813 2158 apostolicos
828 2082 896 2144 illos
915 2084 1008 2159 viros,
1022 2084 1073 2162 qul
1084 2082 1193 2160 Vulga-

110 2184 171 2240 tam
191 2179 314 2240 latinam
333 2179 490 2240 mitonem
510 2179 567 2240 hac
589 2182 732 2240 versionis
752 2180 937 2256 simplicitate
959 2181 1191 2256 concinnarunt,

110 2279 239 2356 pariter,
259 2284 294 2340 ut
313 2277 454 2340 hebraeos
476 2278 711 2355 Alexandrinos,
732 2277 888 2338 credidisse
903 2293 935 2336 se
947 2276 1001 2336 liei
1013 2275 1193 2355 Scripturam

109 2375 290 2454 uanslerre,
310 2376 482 2454 nullumque
504 2377 572 2436 inde
591 2377 709 2438 illorum
736 2375 896 2438 Bibliornm
916 2378 1029 2453 apicem
1053 2391 1116 2436 esse
1135 2377 1191 2436 im-

109 2473 304 2552 mutandum3
326 2490 343 2534 e
365 2490 424 2551 quo
445 2475 532 2535 raldo
554 2491 655 2536 eorum
676 2475 749 2536 ildes
770 2490 840 2553 erga
861 2474 1067 2535 revelationem
1089 2472 1193 2536 Deute-

13 2581 15 2590 ⁴
109 2587 211 2632 rorum
230 2571 392 2649 librorum,
413 2574 469 2634 erit
491 2573 699 2652 dignoscenda.

13 2683 18 2736 i
152 2669 301 2732 limtenus
329 2673 440 2732 interea
469 2674 509 2732 sit
536 2674 608 2732 satis
633 2672 883 2749 demonstratum,
904 2685 1005 2732 omnes
1032 2670 1194 2747 praedictas

108 2767 275 2846 Scripturas
295 2770 453 2847 Deuteras,
473 2770 512 2832 ob
527 2773 592 2832 aevi
609 2775 805 2847 vetustatem,
823 2785 883 2847 quo
898 2770 1043 2848 descripta
1056 2769 1102 2831 ibi
1112 2775 1195 2848 gesta

107 2871 226 2944 patrata
246 2872 336 2945 sunt,
357 2867 515 2930 hebraeum
531 2868 709 2946 praeseferre
728 2874 887 2930 auctorem.
909 2867 1090 2929 Euucleandi
1105 2866 1194 2928 modo

109 2972 268 3042 supersunt
286 2965 346 3026 duo
359 2966 447 3044 libri,
468 2970 518 3045 qul
530 3011 540 3045 ,
551 2973 624 3028 teste
640 2968 742 3028 eodem
758 2967 958 3045 Hieronymo,
973 2982 1077 3043 graece
1089 2965 1192 3042 lingua

13 3083 14 3088 ¹
108 3063 261 3142 redolent,
282 3079 409 3143 quornm
430 3067 542 3142 primus
561 3065 714 3142 Sopimiia
727 3063 891 3126 &maros
910 3065 1030 3141 dictim,
1042 3064 1115 3124 alter
1128 3062 1193 3124 din·

108 3159 309 3222 elaborarem
327 3161 472 3224 secandus
491 3167 687 3238 nuncupatur.

151 3261 258 3334 Quivis
284 3276 301 3320 e
327 3260 450 3322 lectione
476 3259 666 3337 Septuaginta
691 3261 882 3334 interpretum
908 3257 1092 3334 Bibliorum,
1120 3272 1196 3332 quae

108 3372 206 3438 nuper
226 3377 354 3438 expensa
380 3366 470 3438 sunt,
494 3360 601 3420 transit
624 3359 663 3421 ad
686 3359 741 3420 hos
761 3358 872 3436 libros,
897 3360 951 3418 vix
973 3357 1079 3418 horum
1107 3356 1197 3417 limen

108 3459 261 3535 attigerit,
282 3460 404 3519 senserit
418 3459 519 3519 stilum
535 3458 704 3519 eorumdem
720 3457 829 3518 distare
847 3456 932 3518 valde
949 3455 988 3516 ab
1005 3457 1064 3516 iliis
1080 3457 1196 3534 prunis,

13 3583 15 3624 ;
109 3571 241 3633 quornm
263 3555 376 3616 indoles
398 3572 482 3618 suam
505 3559 649 3636 originem
672 3571 741 3616 vere
762 3571 799 3615 ex
821 3556 953 3621 semltica
970 3554 1074 3632 lingua
1092 3553 1197 3631 proba·

13 3681 15 3722 ς
108 3655 178 3731 rit,
200 3669 217 3713 e
238 3669 298 3731 qua
317 3657 395 3716 versi
420 3660 499 3716 sunt.
531 3654 572 3715 At
593 3653 717 3716 forsitan
740 3670 778 3714 ex
804 3653 861 3714 hac
882 3652 944 3714 still
969 3650 1135 3724 ᾱιίΐριιιιιίι
1160 3651 1199 3712 ab

13 3781 14 3816 i
110 3751 203 3830 aliis,
224 3758 255 3812 et
275 3752 314 3813 ob
335 3769 455 3831 rerum,
477 3753 690 3830 verborumque
710 3752 929 3830 dispositionem
945 3753 1081 3828 variam,
1095 3767 1198 3810 ernen-

106 3849 186 3912 dum
209 3853 265 3911 erit
286 3851 436 3929 quidpiam
460 3852 649 3928 oppositionis
668 3850 774 3912 horum
799 3851 997 3928 ingenuitati,
1021 3856 1052 3910 et
1074 3848 1112 3908 ab
1139 3848 1199 3910 illis

109 3948 276 4010 auferenda
297 3952 455 4010 auctoritas
474 3949 596 4026 divine,
618 3965 707 4027 quam
730 3948 911 4018 statuimus?
930 3948 994 4009 iloe
1012 3947 1201 4025 quodammo-

107 4046 152 4107 do
175 4049 335 4124 opinantur
356 4048 537 4124 adversarii3
558 4047 610 4108 sed
632 4049 735 4124 quarm
758 4049 899 4108 momenti
918 4049 957 4107 sit
970 4046 1076 4106 horum
1088 4044 1198 4119 opinio,

107 4151 196 4206 recta
220 4162 259 4206 ne
282 4149 341 4224 sit,
361 4153 392 4208 et
410 4149 536 4224 speeiem
557 4145 639 4205 dubii
659 4144 788 4220 proferat
807 4144 967 4205 deltarum
984 4141 1201 4218 scripturarum

107 4243 252 4320 veritate,
269 4242 352 4304 brevi
371 4241 524 4320 explicabo
543 4259 686 4304 sermone.

155 4339 246 4402 Nulla
274 4342 387 4403 ratione
417 4343 572 4420 primum,
602 4341 709 4404 horum
738 4339 879 4404 librorum
909 4339 1057 4402 divinitati
1086 4335 1198 4413 oisseit,
