3086 5182
404 1713 433 1762 lu
446 1711 515 1762 libris
528 1711 667 1774 secuturae
679 1710 791 1760 inuentos
802 1711 890 1774 Deum,
904 1711 929 1761 et
941 1709 1029 1774 pietate
1043 1709 1163 1760 mansueti
1177 1710 1300 1772 quaeruut
1312 1707 1360 1758 Dei
1373 1709 1452 1760 volm-

323 1825 329 1835 ·
378 1793 463 1842 tatem.
478 1791 555 1853 cnjus
568 1791 649 1854 operis
659 1791 686 1841 et
698 1789 789 1840 laboris
799 1791 879 1854 prima
889 1789 1027 1842 observatio
1040 1791 1093 1853 est,
1111 1791 1140 1839 ut
1151 1789 1278 1852 diximus,
1293 1801 1370 1840 nome
1380 1790 1449 1842 libros

381 1872 442 1922 istos
453 1889 461 1935 3
478 1872 503 1920 et
513 1871 533 1920 si
545 1869 656 1922 noudum
669 1870 701 1920 ad
717 1870 884 1933 intellectum,
901 1869 1003 1934 legendo
1015 1872 1114 1934 tamen,
1131 1870 1171 1920 uel
1184 1869 1302 1920 mandare
1313 1873 1450 1934 mecnoriae,

381 1952 421 2002 vel
440 1950 541 2002 omuino
559 1949 695 2012 incognitos
717 1963 767 2000 non
780 1949 877 2002 habere.
894 1950 988 2002 Deinde
1004 1950 1067 2014 illc,
1083 1962 1147 2014 quae
1169 1950 1196 2000 iu
1217 1950 1253 2000 eis
1272 1953 1360 2014 aperte
1378 1952 1451 2014 posita

383 2033 458 2095 sunt,
475 2031 514 2081 vel
528 2031 656 2094 praecepte
666 2029 780 2093 vivendi,
794 2031 834 2080 vel
847 2031 944 2094 regulae
957 2029 1071 2082 creamur
1084 2031 1207 2081 sollertius
1219 2029 1414 2095 diligentiusque
1424 2033 1453 2084 in

381 2111 523 2174 vestiganda
532 2112 605 2174 suut,
622 2123 686 2173 quae
698 2111 767 2161 tanto
783 2111 888 2175 quisque
911 2112 983 2175 plura
1002 2111 1113 2174 invenit,
1128 2112 1220 2175 quanto
1236 2113 1275 2163 est
1296 2111 1454 2176 intelligentia

379 2193 500 2257 capacior.
516 2194 545 2242 ln
555 2191 586 2242 iis
600 2193 684 2254 euim,
700 2204 765 2255 quae
775 2193 858 2256 aper-te
873 2192 899 2242 iu
912 2191 1045 2257 seripturis
1058 2192 1140 2256 posita
1153 2191 1230 2254 sunt,
1240 2193 1406 2245 inveniuntur
1417 2193 1455 2245 ills

384 2273 483 2335 omnia,
499 2285 564 2336 quae
576 2271 701 2322 mutirent
711 2272 804 2334 srdem,
820 2285 949 2337 moresque
961 2273 1070 2336 vivendi,
1084 2286 1153 2337 spem
1165 2264 1268 2336 scilicet,
1283 2274 1311 2323 et
1321 2273 1454 2337 caritaton,

381 2353 516 2416 dequibus
529 2352 592 2402 libro
605 2351 734 2416 §superiori
747 2353 915 2404 tractavimus.
931 2355 995 2404 Tum
1012 2366 1071 2404 vem
1084 2353 1149 2403 iacta
1162 2352 1270 2416 quadem
1289 2353 1455 2405 familiaritate
1537 2393 1538 2416 r

382 2433 505 2497 cumipse
517 2433 600 2496 lingua
613 2432 754 2483 divinarum
767 2435 946 2498 Scrlpbrrarum
958 2433 984 2484 iu
998 2447 1045 2498 ear,
1045 2447 1124 2498 quae
1136 2434 1240 2486 obscura
1252 2435 1314 2485 suut
1324 2436 1454 2498 ,saepem
1537 2447 1538 2464 ¹

382 2513 434 2577 da,
450 2515 475 2564 ct
485 2511 638 2563 discutiema
651 2513 800 2577 pergendum
819 2516 876 2576 cst,
892 2516 920 2563 ut
933 2514 966 2564 ad
979 2515 1132 2565 obscuriores
1147 2514 1283 2565 locutiones
1299 2515 1455 2565 illustrandas

372 2592 416 2644 de
426 2591 632 2644 manifestioribus
642 2594 771 2645 sumantur
780 2595 914 2658 mannia,
928 2595 953 2646 et
966 2595 1088 2658 quaedam
1099 2596 1222 2646 certarum
1232 2595 1413 2646 sententiarum
1426 2597 1454 2646 te
1537 2579 1538 2596 ¹

383 2673 497 2726 stimonia
508 2673 686 2726 dubitationem
697 2675 796 2726 incertis
808 2674 927 2726 auferant.

894 2793 1039 2856 swdcqust
1054 2791 1172 2844 delicet
1185 2791 1282 2843 Uirbi
1299 2791 1350 2841 lib.
1365 2793 1407 2842 Π.

5 3511 8 3552 ι

5 3651 7 3688 l

5 3695 6 3728 l

1537 4737 1538 4872 l

989 4891 1105 4919 xm
