2964 5174
498 388 539 402 -
562 367 614 418 tit
639 391 679 402 -

81 477 198 548 ἔσνννῆμῖν
211 473 310 542 ἀνοῖξαι
330 474 358 526 ro'
375 471 480 544 στόμα,
495 471 614 547 αἰσχύνη
631 475 677 529 ναὶ
692 473 788 537 ὄνειδος
807 473 982 548 ἔγενννίθνμεν
1002 481 1058 542 τοῖς
1077 481 1133 536 doo'-

79 581 121 632 νις
139 571 193 629 σοῦ,
205 568 224 624 i.
240 583 265 626 e.
282 565 348 624 Non
367 571 412 624 est
425 565 511 625 nobis
525 568 637 641 aperire
656 583 707 642 os3
730 567 932 644 opprobrium,
951 575 981 628 et
1000 569 1133 630 confusio

80 667 134 725 lacti
150 680 243 724 sumus
263 665 355 723 servis
372 665 441 724 tuis.
459 689 471 714 »
488 663 638 724 Adversus
651 665 863 741 impudicitiam
879 666 917 742 (1)
932 684 971 727 er
984 666 1134 728 susannae

80 765 180 822 historia
197 762 368 822 haecdicit:
388 786 401 812 α
413 761 575 822 Caveamus
592 763 690 822 locum
705 763 832 824 tribuere
849 766 1041 842 voluptariis,
1060 783 1135 826 mor-

78 861 202 936 literisque
216 859 456 936 cogitationibus,
474 876 511 918 ne
525 861 558 918 iu
575 875 629 920 nos
658 875 774 937 quoque
793 860 907 920 dicatur
935 863 964 916 το·
985 864 1136 936 γεγραμμέ-

76 974 113 1012 νον·
130 957 274 1030 tractatibus
290 961 335 1012 τῶν
351 959 445 1012 ἑαυτῶν
468 961 542 1023 νοῦν,
567 959 611 1012 καὶ
632 955 764 1025 ἐξέκλιναν
781 961 840 1022 τούς
858 957 1015 1032 ὀφθαλμούς
1028 958 1109 1014 αὐτῶν
1127 1001 1136 1038 7

76 1055 110 1105 τοῦ
118 1052 150 1124 μή
166 1050 267 1118 βλέπειν
283 1051 321 1116 εἰς
336 1053 379 1107 τόν
398 1051 521 1126 edgardo,
538 1055 605 1126 poti
628 1055 796 1128 μνημονεύειν
811 1054 930 1126 apludam
946 1054 1057 1120 δικαίων,
1069 1056 1090 1112 i.
1106 1043 1133 1112 θ’.

76 1149 141 1222 Quod
154 1153 289 1226 scriptum
297 1152 538 1212 est-Everterunt
551 1170 669 1214 sensum
682 1170 784 1228 suum,
793 1159 822 1212 et
835 1152 1056 1212 declinaverunt
1068 1167 1136 1211 ocu·

75 1247 108 1306 los
123 1264 230 1324 eorum,
252 1265 288 1308 ne
306 1253 481 1326 respicerent
500 1253 531 1310 in
554 1252 685 1328 coelum,
705 1267 798 1328 neque
818 1249 1039 1309 recordarentur
1056 1249 1135 1326 judi·

75 1347 166 1404 ciorum
179 1348 336 1421 justorum.
352 1373 364 1398 o
387 1348 430 1407 De
443 1347 603 1426 Patientia,
613 1354 701 1427 juxta
714 1349 865 1409 Danielem
878 1350 910 1406 in
924 1348 991 1406 lacu
1006 1348 1136 1424 leonum,

75 1441 105 1500 ibi
113 1443 236 1503 adstante
246 1444 396 1522 Habacuc,
411 1446 492 1506 dicit:
513 1445 576 1506 «At
589 1465 643 1506 nos
654 1446 888 1506 miserationibus
899 1448 958 1506 tuis
970 1445 1083 1520 conlisi,
1096 1445 1135 1520 (ν)

75 1541 212 1600 ἰννίννίνηιιε
223 1544 360 1619 orationi,
371 1543 568 1623 deprecantes,
579 1551 613 1605 ut
623 1546 661 1605 ab
670 1544 881 1622 inestinguibili
890 1543 1045 1602 liberemur
1058 1545 1137 1619 igne,

74 1645 187 1716 memque
201 1639 310 1698 futuro.
328 1639 405 1700 Olim
419 1642 560 1718 siquidem
574 1642 704 1721 Angelus
718 1648 787 1703 tuus
800 1642 924 1701 Domine
937 1657 1052 1702 comam
1066 1639 1137 1699 Pro·

72 1735 155 1810 phetae
171 1737 309 1798 Habacuc
323 1739 562 1817 apprehendens,
576 1743 608 1800 in
622 1747 770 1800 momento
783 1743 923 1817 temporis
937 1757 1004 1800 eum
1021 1741 1136 1814 statuit,

72 1836 94 1892 in
108 1835 247 1914 Babylone
268 1853 357 1914 super
376 1839 475 1900 lacum
492 1840 627 1917 leonum,
649 1840 702 1901 uhi
720 1842 852 1901 inclusus
874 1839 1059 1900 detinebatur
1077 1840 1137 1900 Da·

76 1935 157 1992 hiel.»

101 2031 130 2090 ln
148 2051 279 2094 sermone
308 2035 449 2096 adversus
463 2037 587 2113 judaeos
612 2037 728 2097 Baruch
752 2035 933 2112 scripturam
957 2037 1070 2112 colligit
1091 2039 1136 2096 in·

72 2180 169 2251 ouras:
187 2181 224 2258 (3)
245 2128 379 2234 aei-l
398 2151 510 2243 ναξ
529 2151 619 2230 »Aa
640 2150 689 2255 ιζὲ
704 2129 799 2241 isaia·
824 2152 886 2244 (ἓν
909 2145 1021 2238 liei-e
1042 2147 1135 2242 (ν’νῖἕ

72 2310 179 2400 ,να
202 2320 277 2434 4.
294 2317 380 2422 εν,
399 2318 517 2408 nst.
538 2296 611 2445 νζ(
631 2317 700 2410 rs
714 2315 935 2408 amasi
947 2298 1136 2407 tamn

71 2467 86 2522 i.
97 2483 118 2525 e.
132 2469 220 2529 Hodie
228 2471 388 2549 synagoga
405 2471 535 2531 cantabit
547 2475 693 2531 canticum
709 2472 765 2530 hoc
782 2473 858 2530 inter
866 2471 999 2547 populos:
1012 2469 1135 2530 -bddu-

71 2566 104 2621 rit
122 2583 203 2643 super
221 2586 271 2628 mc
292 2569 394 2629 fletum
408 2587 570 2646 magnum,
592 2569 747 2647 dereliquit
759 2587 806 2628 me
820 2569 963 2627 Dominus
982 2568 1138 2647 desertam,

70 2665 238 2728 ctDominus
256 2685 355 2727 errare
375 2665 444 2728 iecit
461 2686 507 2728 me
522 2669 559 2728 ah
579 2669 757 2728 haereditate
770 2685 833 2727 sua.
849 2693 861 2718 υ
880 2667 972 2726 Paulo
989 2673 1055 2742 post
1071 2667 1140 2726 Pro

68 2763 153 2838 phetas
169 2785 346 2844 componens
365 2784 481 2846 omncs,
494 2771 545 2846 qui
561 2767 597 2828 de
613 2767 729 2828 Christo
747 2768 899 2825 vaticinati
915 2770 1000 2841 sunt,
1019 2771 1048 2825 et
1064 2767 1137 2825 ima-

70 2910 136 2982 gines
150 2913 227 2972 illius
249 2913 465 2990 descripserint
486 2930 502 2972 e
520 2912 635 2972 Baruch
656 2913 774 2988 incipit:
795 2879 902 2983 «ῑᾶΙέ
919 2875 989 2964 οἷον
1012 2875 1070 2966 εἶν’]
1097 2879 1140 2968 ..2

70 3020 120 3132 sssi
137 3022 173 3133 sii
194 3044 332 3149 (ἓως-ᾗ
351 3079 371 3135 i.
389 3095 414 3138 e.
431 3075 548 3137 Primus
562 3076 651 3152 dicit,
666 3077 736 3152 quia
754 3075 801 3134 hic
817 3082 878 3151 est,
894 3093 982 3152 quem
999 3076 1073 3151 dixi,
1089 3080 1140 3153 qui

68 3174 91 3232 in
109 3177 161 3238 ime
177 3185 320 3239 venturus
340 3184 385 3238 est
404 3181 436 3237 in
452 3184 601 3237 terram.»
619 3175 729 3236 Deinde
745 3176 817 3234 alios
830 3174 992 3250 Prophetas
1009 3182 1139 3252 enarrat,

68 3275 148 3346 quide
162 3277 223 3336 Deo
242 3277 318 3336 Filio
329 3278 468 3336 cecinere.
485 3275 623 3334 Sermone
639 3289 706 3332 xvr.
723 3273 759 3332 de
772 3272 914 3348 Diversis,
933 3275 975 3330 sic
988 3271 1023 3330 de
1036 3272 1142 3332 Esther

67 3371 171 3432 scribit:
189 3374 227 3451 (5)
248 3400 260 3424 «
279 3375 356 3434 Hinc
371 3381 416 3432 est
434 3373 513 3451 quod
533 3373 637 3432 Esther
655 3373 786 3430 oratione
800 3375 829 3428 et
841 3371 954 3445 jejunio
973 3371 1034 3446 regi
1047 3373 1142 3448 magis

65 3467 175 3550 placuit,
196 3490 287 3549 quam
303 3473 482 3533 aromatibus
502 3479 532 3531 et
548 3471 686 3531 odoribus
712 3470 862 3546 pretiosis3
894 3466 1058 3526 humilitate
1078 3468 1140 3544 pla·

67 3571 117 3626 cuit
137 3571 293 3647 plusquam
312 3574 488 3649 unguentis3
511 3570 659 3648 splenduit
685 3569 765 3628 color
789 3571 851 3643 ejus
874 3571 942 3626 ante
959 3567 1140 3645 assuerum,

67 3679 153 3740 regem
169 3671 267 3744 ipsum
284 3669 322 3728 ad
335 3686 366 3728 se
379 3671 481 3744 traxit,
501 3685 560 3727 non
578 3669 672 3744 ipsam
687 3683 749 3725 rex.
765 3691 777 3716 a
795 3664 875 3722 Haec
891 3680 929 3721 ex
944 3663 1142 3724 additionibus

66 3761 344 3831 DeuteroEanonieis
363 3786 427 3846 cap.
451 3786 518 3828 νιν.
540 3774 569 3827 et
587 3786 640 3826 xv.
658 3767 788 3844 ejusdem
808 3765 876 3824 libri
895 3761 1006 3824 delecta
1028 3770 1107 3824 sunt.

99 3865 131 3924 ln
155 3869 313 3928 Ezechielis
336 3867 499 3944 Prophetae
519 3882 583 3942 cap.
605 3882 711 3925 νων.
733 3864 786 3923 illa
805 3865 896 3924 verba
916 3866 1139 3938 interpretatus:

70 3963 252 4054 “lbihelam
267 3974 296 4026 et
307 3967 450 4028 exercitus
465 3966 543 4024 illius
555 3966 710 4034 universus
721 3964 808 4022 circa
823 3963 969 4022 tumulum
985 3964 1047 4038 ejus
1069 3985 1081 4012 a
1104 3959 1142 4018 ad

89 4217 121 4280 (1)
138 4221 208 4272 lom.
220 4223 265 4272 ΠΙ.
280 4235 305 4286 p.
318 4227 357 4273 tt.
371 4245 402 4260 -
413 4219 448 4284 (a)
459 4221 576 4270 Tamtu.
588 4217 697 4282 pathici
707 4215 794 4267 Daniel
808 4230 830 4266 c.
843 4217 908 4266 xlv.
920 4239 951 4252 -
964 4211 998 4278 (s)
1013 4215 1083 4268 Tun.
1096 4213 1140 4264 lil.

67 4305 88 4354 l·
101 4303 199 4362 213,,ννῑ
208 4302 304 4352 Barnelr
315 4315 337 4352 c.
350 4303 392 4352 lv.
426 4299 462 4362 (4)
472 4299 568 4350 baruch
580 4304 602 4350 s.
616 4304 698 4349 aa·
709 4295 819 4361 (sliam.
830 4297 874 4346 ΙΙΙ.
887 4301 974 4359 poss.
