2964 5174
820 472 860 482 -
884 449 940 500 118
961 471 1003 482 --

370 564 482 638 potius,
496 575 586 636 qnam
606 559 644 617 ab
663 559 755 617 altero
767 558 934 616 testimonia
951 555 1053 615 divina
1066 554 1243 630 repetebant.
1259 557 1430 620 Animadver-

369 667 466 718 tamus
483 673 598 734 quoqne
612 672 729 714 necesse
749 662 810 730 est,
831 661 943 713 veteres
960 655 1106 713 Ecclesiae
1123 653 1255 712 doctores
1277 655 1313 712 ad
1328 657 1432 732 judaeos

368 757 577 834 profligandos,
587 754 717 813 infideles
729 755 947 829 haereticosque
960 754 1148 828 antiquarum
1159 751 1368 827 Scripturarum
1379 755 1434 816 Pro

369 856 490 931 phetiis,
506 853 611 930 quibus
625 853 750 911 Moesiae
771 851 925 926 adventus,
943 851 1080 934 illiusque
1099 850 1292 926 Evangelinm
1310 869 1434 926 praenun.

369 953 512 1028 ciabatur,
531 953 626 1028 magis
634 953 760 1009 intentos
773 949 875 1025 luisse,
890 965 979 1024 qnam
993 949 1059 1006 aliis
1070 947 1152 1006 libris
1166 947 1324 1024 historicis,
1337 955 1364 1007 ct
1378 951 1434 1028 illis,

369 1055 420 1128 qui
440 1053 477 1110 ad
495 1067 590 1109 mores
610 1050 790 1125 spectabant.
814 1048 938 1121 Quando
958 1053 1055 1106 autem
1080 1063 1126 1106 res
1146 1047 1329 1121 postulabat,
1357 1055 1387 1107 ut
1407 1067 1434 1107 ex

371 1151 500 1208 Historia
511 1165 606 1224 sacra,
617 1147 654 1206 ad
673 1163 788 1206 morum
804 1146 969 1205 doctrinam
983 1161 1038 1205 sua
1047 1145 1126 1204 dicta
1138 1143 1308 1204 roborarent
1320 1147 1388 1209 sacri
1398 1146 1434 1204 do

369 1255 481 1323 ctores,
499 1246 667 1322 evangelica
685 1245 798 1320 Scripta
815 1251 844 1302 et
861 1244 1036 1318 apostolicas
1049 1242 1186 1317 epistolas
1204 1241 1390 1317 consulentes,
1407 1245 1434 1302 le

370 1345 499 1404 etoribus
520 1345 567 1403 vel
590 1343 771 1403 auditoribus
791 1359 826 1400 ea
849 1341 1054 1416 exponebant,
1084 1342 1190 1415 qnippe
1217 1355 1294 1414 quae
1322 1356 1385 1398 snae
1402 1359 1434 1400 ae

370 1445 424 1501 teti
434 1445 579 1518 proxima,
592 1449 621 1501 et
633 1447 765 1499 veterum
774 1437 995 1514 Scripturarum
1008 1438 1219 1513 complementa
1230 1442 1325 1512 erant,
1337 1443 1364 1495 ct
1372 1437 1434 1496 Chri-

372 1543 410 1598 sti
431 1540 632 1614 Redemptoris
649 1539 879 1597 conversationis
898 1538 1068 1611 veritatem,
1085 1551 1179 1611 neque
1197 1534 1340 1611 liguram,
1360 1537 1433 1610 expri-

371 1637 500 1696 mebant.
522 1636 623 1695 Patres
643 1637 749 1712 legenti
769 1635 841 1694 baec
861 1635 1000 1710 aderunt,
1022 1637 1129 1708 sicuti,
1151 1649 1229 1709 quae
1249 1649 1304 1692 nos
1321 1633 1434 1708 dicimos,

372 1752 433 1794 non
452 1735 594 1794 latebunt.

412 1833 440 1908 S.
464 1833 500 1892 V.
523 1832 570 1890 Ab
585 1831 757 1890 Antiochiae
777 1832 895 1890 civitate
911 1831 1019 1906 egressi
1040 1829 1078 1888 ad
1097 1831 1231 1905 regiones
1251 1827 1351 1903 Syriae
1364 1829 1434 1884 orien-

373 1933 447 1990 tales
469 1936 657 2007 peragrantes
678 1932 709 1986 in
729 1929 926 2004 Ephraemnm
942 1929 1107 1988 incidimus.
1131 1929 1160 1986 Is
1174 1927 1284 1985 saeculi
1296 1928 1384 2001 quarti
1394 1926 1433 1983 ini·

374 2031 416 2086 tio
433 2035 521 2088 natus
535 2028 696 2086 christiana
710 2027 844 2085 doctrina
858 2026 988 2086 imbutus
1000 2026 1073 2101 fuit,
1087 2031 1116 2084 et
1130 2024 1298 2084 adolescens
1311 2038 1433 2080 sacrarum

374 2125 590 2202 Scripturarum
609 2141 708 2183 amore
728 2131 851 2200 captus,
873 2141 975 2183 earum
988 2125 1126 2198 lectioni,
1148 2129 1177 2180 et
1197 2121 1374 2180 meditationi
1385 2121 1432 2195 jugi

374 2239 437 2282 sose
457 2224 597 2298 applicuit
609 2222 702 2297 adeo,
720 2229 772 2296 nt,
790 2228 863 2280 teste
885 2221 1027 2296 Gregorio
1040 2237 1188 2298 nysseno,
1208 2220 1288 2278 vitae
1308 2223 1335 2276 et
1352 2217 1432 2274 doctri·

375 2337 431 2379 nae
451 2320 587 2396 splendor
606 2323 744 2379 universo
760 2327 904 2378 terrarum
918 2319 982 2377 orbi
995 2319 1135 2377 illuxerit.
1152 2317 1236 2375 Illius
1250 2331 1336 2392 porro
1348 2313 1431 2388 studia

377 2417 492 2476 labores
503 2420 534 2476 in
542 2417 651 2476 Christi
665 2419 770 2477 militia
782 2417 945 2476 exantlatos
960 2423 1105 2476 testantur
1119 2430 1268 2473 sermones
1281 2413 1371 2486 multi,
1383 2428 1432 2469 oon·

379 2517 494 2590 triones,
515 2522 545 2574 et
565 2514 726 2576 Bibliorum
745 2517 973 2591 commentario,
994 2530 1068 2590 quae
1082 2515 1212 2590 syriace,
1231 2519 1263 2570 et
1280 2526 1374 2588 graece
1385 2511 1433 2566 seri·

379 2620 431 2689 pta
441 2617 611 2689 posteritati
628 2618 788 2691 concessit,
801 2615 936 2690 equibus
950 2614 1060 2689 multa,
1075 2613 1244 2671 clarissimis
1262 2627 1297 2670 ac
1313 2613 1432 2686 praestan·

375 2712 495 2768 tissimis
524 2713 595 2769 viris
618 2712 808 2788 juvantibus,
838 2712 922 2769 nobis
946 2711 1087 2787 prodiere.
1110 2710 1254 2783 Quernvis
1274 2713 1338 2766 ante
1355 2706 1431 2763 divuu

376 2807 573 2883 Ephracmum
589 2812 620 2866 in
637 2812 796 2885 provinciis
811 2825 948 2887 syrorum
962 2807 1150 2867 orientalibus
1163 2806 1200 2865 de
1212 2813 1314 2865 nostro
1330 2804 1430 2880 negot'o,

376 2909 544 2965 testimonia
563 2923 657 2982 penca
676 2911 838 2984 supersint,
860 2915 989 2967 attamen
1013 2907 1076 2965 divi
1095 2906 1222 2964 doctoris
1240 2904 1372 2980 expositis
1387 2915 1431 2958 sen·

378 3007 493 3080 tentiis,
513 3021 588 3081 qnae
607 3006 645 3064 ad
665 3006 721 3066 hoc
741 3007 927 3083 conducunt,
948 3023 986 3065 ex
1005 3005 1107 3064 eodem
1125 3007 1259 3081 priorum
1272 2997 1431 3062 aetatumdo

377 3104 503 3161 cirinum
518 3105 660 3180 conjicere
679 3120 740 3162 non
759 3105 878 3181 pigebit.

415 3199 578 3276 Prophetae
590 3201 719 3261 Danielis
733 3204 875 3261 visionem
889 3205 1105 3277 interpretatus,
1120 3200 1259 3274 illiusque
1269 3195 1430 3272 complemen-

376 3303 441 3356 tum
461 3299 618 3376 designans
644 3299 891 3359 Machabaeornm
924 3306 1006 3377 gesta
1027 3303 1129 3356 narrat
1157 3300 1188 3354 in
1211 3294 1426 3368 vertissent:

382 3469 395 3493 «
408 3443 445 3502 Et
458 3442 562 3520 dejecit
573 3443 609 3502 de
623 3443 792 3503 fortitudine
805 3451 834 3503 et
849 3445 885 3502 de
896 3445 998 3519 stellis,
1014 3446 1159 3520 inquiens:
1175 3469 1187 3494 «
1206 3444 1243 3521 (1)
1253 3405 1379 3490 *EN
1394 3398 1429 3505 l}

382 3561 456 3669 oti..
475 3581 500 3640 ε.
517 3560 612 3670 aas·
628 3543 691 3648 n.
713 3563 803 3646 aas
823 3561 914 3670 ists
927 3561 992 3651 nt
1011 3543 1149 3670 spa}
1172 3553 1326 3674 ms...
1343 3546 1428 3636 aa.

380 3707 533 3801 μὴ
550 3710 731 3816 mssa.
756 3711 870 3802 ess
897 3711 961 3814 te.
988 3711 1052 3802 ss
1078 3711 1143 3798 ..aa
1168 3687 1314 3793 ests.
1339 3695 1428 3798 rra

378 3845 400 3900 i.
415 3860 441 3902 e.
454 3843 517 3904 lloe
529 3846 565 3905 de
575 3846 644 3906 liliis
656 3845 796 3906 Semonae
811 3853 840 3906 et
852 3849 938 3906 sociis
955 3851 1029 3922 ejus,
1044 3849 1095 3921 qui
1104 3845 1249 3904 interlecti
1262 3847 1337 3917 sunt,
1346 3836 1426 3897 innut-

376 3947 406 4000 et
418 3958 510 4021 usque
522 3944 560 4003 ad
574 3947 720 4021 principes
735 3947 878 4005 exercitus
896 3947 1040 4021 pervenit,
1056 3944 1112 4004 hoc
1125 3951 1169 4003 est
1181 3959 1273 4019 usqne
1288 3941 1324 4002 ad
1336 3937 1426 4004 Onitmr

378 4045 407 4099 et
421 4043 514 4102 socios
531 4047 593 4120 ejus
606 4046 751 4120 principes
765 4044 950 4120 secerdotes,
969 4049 999 4103 et
1011 4043 1067 4102 hoc
1077 4046 1109 4102 iu
1126 4043 1200 4102 libro
1214 4038 1426 4100 Macbabaeorum
1464 4037 1465 4040 ’

377 4140 520 4215 scriptum
535 4148 589 4200 est.
609 4166 622 4192 ν
639 4140 731 4202 Panlo
744 4148 810 4218 post
828 4145 860 4200 in
878 4137 1008 4218 ejusdem
1025 4141 1186 4217 Prophetae
1205 4155 1269 4216 cap.
1285 4153 1340 4196 xn.
1355 4131 1427 4206 opem

404 4367 439 4431 (l)
455 4371 525 4420 Tom.
539 4371 572 4420 ll.
584 4385 608 4434 p.
623 4375 677 4421 218.
690 4369 754 4420 ndit.
767 4373 849 4436 Rom,
861 4374 886 4423 et
897 4373 992 4424 aldae.
1003 4384 1026 4422 o.
1038 4373 1081 4422 lll.
1090 4366 1119 4420 ’1.
