3070 5180
765 415 806 424 ·-
826 399 875 441 ¹11
896 413 954 434 ·-,

311 528 406 579 snos
427 498 606 577 scribens
621 496 673 576 ad
695 495 871 574 Paulam.
897 531 916 569 α
937 498 1046 574 Deus
1066 498 1150 603 ipse
1171 497 1269 574 mihi
1284 525 1401 577 mer·

311 631 447 712 cedem
477 632 658 710 restituat
679 631 722 706 in
748 629 909 728 futuro,
938 632 1012 737 qui
1038 631 1111 708 seit
1131 657 1194 708 me
1219 630 1275 708 ob
1300 632 1399 709 hoe

312 769 353 845 in
373 766 605 873 peregrinae
622 763 783 870 linguae
799 762 1026 842 eruditione
1043 761 1223 861 sudasse,
1253 791 1306 843 ne
1318 766 1399 872 ju·
1526 802 1531 845 ;

310 898 400 978 daei
419 898 470 978 de
494 897 663 976 falsitate
685 895 982 1004 Scripturarum
1000 896 1175 976 ecclesiis
1192 898 1278 1004 ejus
1294 897 1397 976 diu-

310 1033 391 1111 tius
410 1029 662 1111 insultarent.
691 1063 711 1104 r
733 1030 827 1108 Non
853 1030 982 1108 solum
1004 1057 1152 1136 porro,
1186 1030 1395 1109 hebraeo·
1534 1090 1535 1103 ,

311 1193 401 1242 rum
418 1166 573 1243 ratione
590 1163 752 1260 habita,
775 1162 972 1241 Ecclesiae
990 1181 1124 1270 patres
1150 1163 1391 1243 hebraicam
1527 1205 1534 1220 ‹

310 1299 511 1405 linguam,
540 1317 581 1377 et
604 1325 786 1405 graecam
802 1295 1090 1404 acquirebant,
1118 1325 1258 1374 verum
1280 1325 1389 1404 quo-

310 1459 392 1538 que
410 1432 642 1538 gentilium,
663 1432 902 1538 impiorum,
923 1445 964 1507 et
980 1429 1272 1507 haereticorum
1290 1457 1386 1508 cau-

309 1593 370 1660 sa,
400 1565 473 1670 qui
500 1564 746 1670 evangelicas
771 1561 987 1670 deturpare
1029 1562 1282 1641 conabantur
1309 1591 1381 1643 ve-

311 1699 460 1775 ritates.

374 1829 647 1910 Tertullianus
685 1832 808 1910 latine
841 1833 1022 1938 scripsit,
1067 1831 1244 1938 linguam
1279 1857 1380 1910 vero

309 1991 489 2071 graecam
507 1965 657 2071 optime
674 1983 854 2062 noverat,
875 1983 915 2044 et
931 1981 1072 2044 contra
1087 1963 1380 2071 Hermogenem

310 2096 387 2174 illis
406 2098 450 2175 iu
470 2098 603 2176 verbis
614 2097 836 2176 Geneseos:
861 2098 1021 2176 «Terra
1042 2115 1175 2176 autem
1196 2113 1280 2176 erat
1298 2098 1380 2176 ina-

309 2232 403 2327 nis,
433 2247 474 2307 et
497 2259 624 2308 vacua
655 2265 675 2304 s
704 2229 963 2339 Septuaginta
988 2232 1253 2338 interpretum
1288 2257 1379 2308 ver-

308 2363 421 2441 sione
446 2364 594 2460 utitur,
615 2381 655 2442 et
674 2380 816 2442 contra
835 2361 1019 2442 eumdem
1036 2364 1232 2444 vocabula
1252 2363 1376 2444 helle-

309 2495 400 2572 nica
425 2495 710 2602 interpretatus
732 2513 813 2594 est,
842 2514 889 2574 ut
916 2496 1024 2574 illius
1039 2495 1270 2603 Scripturae
1293 2525 1377 2574 ma·

308 2627 490 2708 nifestius
527 2646 725 2709 constaret
756 2657 906 2708 sensus.
944 2632 1004 2708 De
1042 2629 1217 2737 Origene
1252 2657 1371 2728 vero,

306 2761 422 2868 eujus
448 2762 698 2868 potissimum
725 2791 828 2870 opus
848 2765 892 2841 in
914 2761 1060 2841 divinis
1088 2764 1226 2842 Bibliis
1252 2765 1378 2842 inter-

304 2892 510 2999 pretandis
531 2914 849 2974 consummatum
868 2913 947 2993 est,
976 2897 1075 2974 haec
1100 2895 1223 2975 tradit
1251 2896 1375 2974 Euse-

306 3026 419 3105 bius:
451 3061 471 3100 <c
496 3027 629 3107 Tanto
658 3057 780 3136 porro
805 3027 968 3126 studio,
996 3045 1190 3134 tantaque
1221 3028 1377 3136 cupidi-

306 3178 385 3240 tate
411 3189 539 3240 sacras
561 3161 713 3242 litteras
734 3162 1026 3270 pervestigandi
1046 3161 1271 3242 ducebatur
1287 3155 1375 3239 Ori·

305 3320 449 3398 genes,
476 3312 524 3374 ut
540 3295 719 3402 linguam
739 3297 857 3375 etiam
880 3295 1106 3374 hebraicam
1127 3294 1303 3375 stddiose
1320 3293 1376 3374 di-

306 3445 454 3524 soeret;
479 3444 520 3506 et
539 3455 623 3505 non
640 3425 761 3506 modo
781 3444 913 3506 vetera
935 3425 1229 3535 Scripturarum
1247 3455 1375 3506 exem-

304 3557 429 3664 plaria
454 3558 562 3664 apud
592 3556 758 3666 judaeos
786 3560 974 3638 hebraico
999 3587 1179 3639 sermone
1202 3562 1370 3668 scripta,

305 3708 344 3770 et
371 3690 577 3770 custodita.
591 3692 668 3770 sibi
696 3695 945 3799 acquireret,
974 3721 1113 3772 verum
1140 3696 1258 3773 etiam
1277 3695 1373 3773 alio-

305 3851 393 3901 rum
413 3825 783 3932 interpretationes,
807 3827 879 3932 qui
906 3845 1063 3933 praeter
1083 3827 1370 3934 Septuaginta,

304 3985 432 4038 sacras
443 3958 592 4038 litteras
607 3959 1107 4067 convertissent,exquisite
1123 3959 1370 4066 indagaret.»

305 4091 393 4170 Hoc
417 4092 580 4198 insuper
603 4109 800 4170 testantur
828 4122 989 4172 suarum
1009 4094 1250 4200 Exaplarum
1275 4095 1373 4201 frag-

305 4243 463 4324 menta,
489 4253 590 4331 quas
619 4226 814 4306 Ecclesiae
841 4228 1077 4306 christianae
1105 4229 1300 4326 contulit,
1325 4257 1371 4306 ac

1526 2969 1534 3005 t

1527 3105 1533 3152 l
