3022 5178
531 411 710 466 -tat-

87 536 151 580 mm
171 521 304 580 omnium
320 519 352 578 in
368 518 493 578 nemim
511 534 594 596 essa,
614 526 645 580 et
663 517 1068 598 occultorumcognltionem,
1090 523 1157 582 licet

87 635 171 677 nemc
189 619 364 678 christianus
382 619 516 693 ignoret,
533 623 631 678 nmen
646 635 683 678 ex
702 617 831 676 Danielis
848 617 922 677 libro
938 621 1160 680 monstrandum

85 723 146 774 aet:
162 745 175 760 ·
188 715 286 792 Deus,
303 716 416 791 inquit,
431 716 482 790 qui
496 715 674 775 occultorum
688 717 819 792 cognitor
834 732 881 792 es,
902 720 953 792 qui
970 720 1115 792 praescius
1128 733 1159 778 ea

84 815 235 888 omnium,
257 817 413 888 antequam
433 819 600 872 nascantur.
621 837 633 862 »ι

124 910 154 985 S.
171 909 210 968 X.
228 907 315 970 Anno
327 917 385 968 494
398 907 513 968 Gelasio
526 908 677 985 pontifice,
692 910 803 970 homae
828 911 958 988 synodus
970 919 1157 974 convocatur.

88 1005 124 1066 ln
145 1007 203 1066 hoc
221 1007 343 1067 concilio
363 1006 442 1084 quod
461 1023 615 1068 romanum
632 1006 835 1084 dictumfuit,
850 1014 963 1084 praeter
981 1009 1056 1086 alia,
1067 1010 1113 1068 oie
1125 1009 1159 1068 li-

86 1105 147 1163 bris
166 1103 380 1180 Scripturarum
395 1105 568 1164 authenticis
582 1111 680 1166 actum
698 1113 751 1165 est.
771 1105 869 1182 lnquit
890 1106 1044 1166 severinus
1058 1107 1159 1168 aimus

88 1205 119 1260 in
138 1205 218 1261 nods
236 1202 358 1263 Labbei:
388 1227 401 1254 «ι
426 1202 474 1262 hd
488 1202 575 1264 fldem
595 1203 768 1263 catholicam
787 1203 897 1264 illibate
922 1205 1160 1282 custodiendam,

85 1300 208 1358 dissidia
235 1299 382 1375 tollenda,
401 1316 558 1377 pacemque
586 1303 618 1358 in
634 1301 763 1360 Ecclesia
782 1303 1008 1378 rcsiituendam,
1029 1303 1161 1378 pontifex

84 1414 144 1456 una
163 1413 232 1456 oum
249 1397 370 1456 concilio
388 1399 420 1456 in
437 1413 471 1456 ao
484 1399 665 1473 potissimum
683 1398 845 1475 laboravit,
864 1407 898 1458 ut
913 1399 1086 1476 apostolicae
1105 1399 1160 1459 Ec·

85 1495 191 1554 clasiae
201 1501 287 1571 atque
295 1493 458 1554 Catholicae
471 1497 635 1554 communio
643 1495 725 1555 nulia
737 1488 784 1554 vel
797 1495 855 1556 lavi
868 1497 982 1556 macula
993 1505 1161 1573 conspersa,

84 1591 198 1650 illibata
215 1594 350 1668 penitus,
367 1598 395 1650 et
407 1592 578 1669 impollute,
597 1599 693 1670 sarta,
713 1599 846 1670 tactaque
860 1595 892 1652 in
912 1593 1046 1652 ommibus
1061 1609 1160 1654 serva·

84 1695 176 1750 retur.
195 1688 242 1748 hd
258 1689 314 1748 hcc
327 1695 423 1749 autam
435 1689 641 1763 praestandum
653 1690 849 1752 sollicitiorem
865 1707 967 1752 curam
979 1689 1160 1766 impendens,

84 1805 145 1846 non
156 1789 251 1848 solum
264 1787 426 1848 uindicasse
440 1788 533 1848 voluit
545 1791 638 1864 ipsam
655 1789 813 1850 Ecclesiam
824 1789 862 1850 ab
875 1791 1027 1866 omnihus,
1041 1795 1161 1852 uisam·

82 1901 136 1960 per
153 1885 221 1962 init,
238 1889 398 1946 immunem
414 1885 592 1962 haeresibus,
601 1893 688 1964 atque
702 1887 914 1948 haereticorum
928 1891 1089 1965 consortio,
1110 1887 1163 1948 sed

89 1990 200 2043 nicam
211 1983 342 2044 redderet
353 1999 372 2043 a
384 1999 542 2058 pravorum
548 1987 723 2059 scriptorum
737 1987 908 2062 contagione
918 2001 1062 2062 securam
1076 2001 1163 2044 omna

87 2079 218 2140 studium
246 2079 401 2157 adhibens,
431 2079 573 2140 delectum
595 2080 697 2142 habuit
718 2082 977 2142 ecclesiasticos-un
1000 2082 1163 2158 libromm,

87 2181 139 2252 qui
153 2178 293 2242 haetenus
308 2179 380 2242 editi
395 2180 453 2256 lcgl
467 2179 609 2254 solerent,
624 2179 799 2242 secernendo
810 2181 968 2255 pretiosum
983 2179 1101 2240 aviii.»
1118 2179 1167 2240 Ob

91 2277 166 2336 haec
182 2279 282 2336 omnia
298 2277 345 2335 die
358 2293 412 2336 suo
424 2277 514 2336 natali
523 2276 562 2336 ab
575 2277 703 2338 Ecclesia
719 2277 776 2338 hoc
789 2276 914 2338 donatur
929 2279 1071 2338 encomio:
1090 2277 1166 2338 «Sed

92 2371 166 2432 iliud
181 2373 401 2454 memorandum
418 2391 487 2450 prae
503 2376 622 2450 caenia,
639 2374 719 2451 quod
735 2373 826 2434 libros
840 2374 1001 2434 canonicus
1021 2374 1059 2434 ab
1076 2375 1165 2450 aliis,

88 2479 118 2530 et
134 2471 271 2546 prclrmos
290 2471 330 2530 ab
347 2472 520 2550 apocryphis
532 2475 570 2534 ‚lu
586 2487 708 2534 mmana
718 2472 834 2550 synodo
853 2475 1037 2550 septuaginta
1055 2474 1167 2549 episco-

88 2585 193 2644 porum
211 2569 352 2646 singulari
360 2570 474 2630 decreto
491 2571 653 2632 distinxit.»
670 2571 725 2631 ilic
739 2577 836 2630 auiam
849 2571 920 2632 ordo
934 2569 1075 2632 librorum
1089 2571 1166 2630 dlvi·

87 2682 195 2728 norum
210 2683 239 2726 a
248 2667 332 2728 beato
347 2667 463 2730 Gelasio
476 2667 603 2746 digestus
620 2670 653 2726 in
665 2667 721 2728 hoc
735 2669 858 2730 concilio
873 2668 1003 2744 (omissis
1019 2671 1089 2729 novi
1105 2669 1165 2728 lues

84 2763 165 2824 deris
183 2764 265 2825 libris
277 2781 337 2824 non
354 2765 550 2841 spectantibus
564 2765 602 2826 ad
618 2781 680 2826 rem
697 2766 840 2842 rosham)
856 2766 976 2828 Genesin
989 2766 1062 2826 lilter
1076 2781 1165 2842 unus,

84 2861 181 2920 Exodi
194 2862 267 2922 liher
283 2877 377 2938 nnus,
391 2863 514 2924 Levitioi
530 2879 623 2940 tanus,
644 2861 839 2924 Nummorum
850 2864 925 2924 iiber
937 2880 1032 2940 unus,
1048 2869 1078 2926 et
1090 2863 1165 2924 ileu·

85 2963 242 3020 temnomii
252 2976 342 3022 unus.
353 2959 424 3022 lesu
433 2977 450 3020 c
459 2961 542 3020 Nave
554 2961 627 3022 iiber
638 2977 726 3037 unus,
738 2961 874 3022 iudicum
886 2961 960 3022 liber
972 2978 1049 3022 unus
1061 3005 1070 3036 ,
1083 2962 1166 3022 Ruth

84 3057 160 3118 iiber
179 3074 271 3134 unus,
291 3057 453 3118 Salomonis
472 3058 540 3118 libri
555 3065 626 3136 tres,
644 3059 821 3136 Proverbia,
843 3060 1045 3134 Ecclesiastes,
1066 3059 1165 3120 Canti-

81 3173 155 3216 cum,
170 3155 372 3232 (leuticorum,
389 3159 460 3216 item
485 3155 648 3234 Sapientiae
672 3157 744 3216 liber
766 3173 858 3233 unus,
878 3157 1071 3218 Emlesluatr'cl
1090 3155 1165 3216 liber

83 3247 174 3330 nnus;
189 3257 259 3314 item
274 3253 347 3314 ordo
358 3254 579 3330 Prophetarum.
593 3255 686 3316 isaiae
704 3253 777 3314 iiber
795 3269 883 3330 unus,
900 3253 1061 3314 Hieremias
1074 3269 1163 3331 nnus,

84 3351 177 3410 Hinct
189 3367 281 3428 unus,
302 3351 378 3412 idest
395 3351 431 3412 de
450 3351 705 3412 lamentationibus
725 3353 806 3427 suis,
827 3350 998 3426 Ezmhielis,
1021 3348 1161 3428 Danielis,

83 3455 116 3508 et
134 3449 289 3508 drwdeaim
307 3448 520 3524 Prophetarum
536 3451 683 3508 minorum
700 3448 782 3526 iibri,
803 3464 929 3524 purorum
947 3450 1066 3508 nomina
1084 3451 1164 3508 tran·

82 3549 161 3624 sigo,
176 3563 214 3605 ne
230 3546 346 3606 thacdic
358 3548 415 3606 airu
429 3547 539 3606 lectori.
562 3547 635 3607 Imm
648 3547 720 3606 ordo
734 3547 941 3622 historiarum,
959 3547 1074 3623 Regum
1095 3546 1164 3606 lihri

82 3652 229 3722 quatuor,
246 3644 487 3722 Paralipomenon
499 3646 567 3706 libri
581 3646 655 3722 duo,
673 3645 730 3706 ich
744 3645 816 3706 iiber
835 3633 934 3720 unua,¹
944 3645 1052 3706 Tobiae
1067 3659 1166 3720 unus,

83 3744 194 3804 Esdrae
212 3759 299 3820 anus,
315 3743 418 3803 Esther
437 3759 526 3819 unna,
543 3743 646 3804 iudith
663 3743 735 3802 liber
752 3759 840 3822 anas,
861 3742 1107 3804 liachabaecrnm
1125 3742 1170 3805 ll·.

84 3842 139 3911 ber
157 3857 244 3902 unus.
259 3866 273 3892 »
296 3841 373 3905 Nota
392 3847 510 3918 autem,
532 3839 642 3902 listinae
659 3857 736 3902 unus
752 3841 840 3902 simul
860 3844 938 3918 capit
954 3841 1123 3918 Neenuam,
1136 3845 1168 3905 ei

83 3937 336 4000 llachabaeorum
351 3953 427 4000 unus
448 3938 536 4000 simul
558 3955 626 4000 orm
644 3939 772 4002 secundo
790 3939 947 4016 colligitur.
969 3939 1035 4002 Non
1053 3944 1098 4000 est
1114 3953 1167 3998 au·

84 4043 146 4096 tem
163 4037 332 4098 intrandum
344 4039 370 4096 si
383 4037 528 4112 nonnulli,
542 4037 732 4098 uidecmuna
741 4037 921 4114 pessimum
932 4036 1006 4114 ,hoc
1021 4038 1170 4113 rejiciunt,

82 4137 193 4212 quiippe
214 4134 293 4212 quod
310 4135 409 4195 alteris
429 4133 614 4196 uacuam.
633 4135 745 4211 Reapse
765 4135 863 4196 Mansi
877 4137 939 4194 suls
958 4137 990 4194 ln
1010 4133 1166 4194 additioni-

84 4231 140 4294 bus
159 4231 353 4298 conciliorum
366 4247 456 4310 agam
470 4230 508 4294 do
524 4231 646 4292 concillo
660 4231 770 4292 homae
788 4231 844 4294 suh
861 4231 977 4294 Gelasio
996 4229 1096 4290 habito
1115 4229 1166 4288 ad·

81 4327 137 4388 dli:
152 4328 316 4408 «Quamvis
329 4327 476 4396 mucium
490 4327 546 4392 hoe
559 4328 608 4392 aiil
622 4326 760 4408 Damaso,
775 4329 825 4389 aiii
838 4328 1011 4390 hormisdae
1021 4326 1165 4406 tibuunt,
