3070 5180
826 407 868 419 ·-··
887 391 963 436 mv
980 407 1021 420 ···

389 490 590 570 Catholica
623 488 794 568 Ecclesia
832 489 949 568 illam'
978 488 1172 568 maculam
1213 489 1464 597 probrosam

316 632 320 639 '
386 623 630 731 ignorantiae
661 621 958 730 abstergentes,
987 650 1108 730 quam
1135 623 1237 704 bene
1264 625 1465 703 noverint

388 754 568 834 divinum
594 755 855 834 ministerium
882 754 1118 862 deturpare,
1147 773 1188 834 et
1219 755 1466 837 ecclesiasti-

387 915 451 965 cas
479 904 652 966 evertere
678 886 802 994 leges.
838 887 1136 968 «Considerate
1159 917 1287 996 ergo,
1323 889 1465 998 inquit

385 1017 641 1100 Cassiodorus
654 1017 705 1098 ad
719 1017 947 1100 divinorum
961 1021 1155 1101 librorum
1172 1021 1360 1102 studium
1375 1024 1466 1102 hor-

384 1170 510 1250 tatus,
531 1151 777 1232 considerate
794 1179 910 1262 ergo,
932 1155 1060 1263 qualis
1080 1156 1192 1234 vobis
1211 1183 1338 1236 causa
1358 1185 1463 1235 com·

384 1287 497 1366 missa
520 1287 593 1384 sit,
623 1286 772 1366 utilitas
794 1287 1121 1386 christianorum,
1151 1289 1371 1368 thesaurus
1394 1289 1463 1368 Ec

386 1417 549 1516 clasiae,
580 1420 715 1497 lumen
743 1422 978 1499 animarum.

446 1551 634 1650 interea,
674 1552 892 1650 carissimi,
934 1551 1031 1632 dum
1065 1554 1161 1631 huic
1196 1555 1380 1632 sermoni
1416 1551 1460 1630 fi-

385 1710 476 1761 nem
503 1683 603 1762 facio
641 1713 711 1764 vos
742 1713 843 1782 or0,
873 1702 911 1764 et
943 1686 1150 1783 obtestor,
1180 1702 1226 1763 ut
1258 1684 1457 1766 debono

383 1815 577 1895 Ecclesiae
602 1835 790 1916 nostrae,
820 1835 860 1896 et
887 1818 1010 1925 ipsius
1030 1818 1154 1926 gloria
1176 1818 1340 1899 solliciti
1374 1816 1457 1898 sitis

385 1950 537 2058 absque
559 1951 640 2030 ulla
659 1950 708 2031 ad
727 1952 896 2030 invicem
915 1950 1081 2048 invidia,
1107 1953 1348 2032 charismata
1371 1969 1459 2031 tan-

383 2099 471 2162 tum
497 2084 658 2164 meliora
681 2086 933 2166 aemulantes.
954 2085 1049 2164 Sine
1069 2102 1207 2164 mutua
1226 2083 1456 2165 offensione

382 2244 659 2324 percurramus
685 2245 868 2327 campum
886 2218 1110 2298 divinarum
1136 2217 1452 2327 scripturarum,

384 2351 468 2431 aliis
495 2351 788 2432 observationes
806 2369 960 2432 nostras
985 2352 1131 2433 blande
1149 2353 1452 2460 participemus,

384 2482 496 2592 quod
514 2487 598 2563 sinc
625 2483 785 2564 fictione
805 2484 1015 2566 didicimus
1034 2546 1043 2583 ,
1074 2487 1158 2564 sine
1176 2484 1330 2564 invidia
1352 2511 1454 2563 com·

383 2618 656 2716 manicantes,
687 2646 819 2725 neque
847 2647 868 2697 e
892 2635 1073 2698 nostrum
1098 2647 1232 2700 amore
1259 2618 1448 2714 abducti,

382 2750 515 2830 sedin
541 2753 686 2832 Christi
709 2753 904 2832 Ecclesiae
921 2752 1210 2834 'exaltationem
1239 2752 1452 2832 solummo

381 2880 434 2962 do
462 2883 591 2965 studia
637 2905 772 2965 nostra
799 2885 1084 2994 impendentes
1121 2887 1170 2964 Et
1200 2883 1297 2965 dum
1335 2883 1450 2964 vobis

381 3019 524 3096 harum
552 3018 780 3126 linguarum
808 3020 1013 3098 notionem
1048 3016 1282 3099 commendo
1311 3015 1365 3098 ad
1393 3043 1449 3094 sa-

296 3234 301 3243 ,
382 3178 469 3228 cros
495 3150 618 3232 libros
646 3152 932 3260 exponendos,
962 3153 1077 3232 simul
1100 3149 1240 3238 vosad
1267 3149 1449 3257 Scriptu-

380 3311 514 3368 rarum
561 3284 736 3364 studium
774 3287 913 3364 hortor
945 3347 954 3382 ,
999 3281 1222 3392 Scripturas
1261 3282 1349 3362 illas
1389 3281 1448 3356 in-

381 3443 528 3522 quam,
559 3444 658 3524 quas
685 3417 800 3497 divus
831 3421 971 3496 Petrus
1001 3416 1140 3497 divino
1160 3415 1349 3523 Magistro
1378 3413 1446 3494 ob-

381 3567 539 3628 secutus
565 3550 749 3630 fidelibus
769 3549 1072 3630 commendavit:
1092 3550 1148 3654 (1)
1162 3581 1181 3622 κ
1199 3549 1359 3648 Quibus
1379 3548 1447 3626 be·

380 3681 579 3781 nefacitis,
612 3686 692 3782 ait,
723 3681 992 3781 attendendo,
1024 3684 1139 3790 quasi
1166 3683 1352 3761 lucernae
1386 3680 1444 3757 lu-

380 3813 485 3894 centi
504 3816 546 3893 in
567 3816 782 3924 caliginoso
800 3817 939 3896 loco.»
957 3819 1005 3894 Et
1023 3817 1098 3896 viri
1117 3817 1320 3924 apostolici
1340 3813 1444 3894 dein-

378 3946 573 4030 danobis
606 3949 891 4048 tradiderunt,
923 3979 1026 4058 quos
1057 3950 1112 4056 (a)
1146 3951 1189 4026 in
1221 3947 1441 4056 exemplum

415 4158 453 4233 (1)
475 4157 566 4234 Epist.
583 4159 621 4218 11.
637 4158 795 4218 s.Pet1ic.
810 4159 834 4217 Ι.
851 4166 897 4216 19.
909 4189 950 4202 -·
963 4158 1000 4236 (2)
1014 4157 1185 4236 Hieronymi
1199 4157 1291 4234 Epist.
1315 4155 1352 4216 ad
1370 4153 1442 4212 Pau·

380 4255 484 4315 linum.
1308 4279 1310 4284 .
