2964 5174
814 363 995 444 ss—rrn-

356 503 427 562 riter
450 499 506 560 hoo
529 499 730 592 verbumyilet
746 503 926 579 paulopost:
945 528 958 554 a
975 503 1114 582 Dixitque
1120 505 1209 582 Deus,
1229 517 1431 586 congregentur

357 615 450 675 aquae
463 616 500 658 ex
514 597 569 658 sub
589 598 669 658 coelo
689 601 721 657 in
740 599 839 660 locum
851 617 973 662 unum.»
994 602 1036 664 Ut
1049 603 1120 680 legit
1133 603 1288 682 hebraeum,
1303 607 1378 666 idem
1389 625 1431 686 sy-

357 713 407 756 rus
428 702 457 756 et
469 696 577 773 Aquila
597 697 782 772 respondent.
802 697 903 775 Capite
917 707 1000 760 sexto
1017 701 1148 778 ejusdem
1168 703 1235 762 libri
1253 705 1348 779 inquit
1366 703 1432 764 Scri·

355 802 461 872 ptura:
482 796 643 858 «videntes
665 783 816 867 1311151111
838 809 896 869 tp:
917 799 998 860 Bene
1009 799 1129 860 Heloim
1144 801 1198 860 lilii
1217 801 1272 861 Dei
1284 845 1294 878 ,
1305 819 1377 878 11111
1390 803 1432 863 Se

354 900 508 974 ptuaginta
523 897 705 971 interpretati
725 903 794 956 sunt
814 898 869 952 cici
890 899 936 952 τοῦ
955 899 1021 953 Θεοῦ
1041 899 1095 958 lilii
1106 899 1180 975 Det;
1196 898 1290 977 Syrum
1304 905 1399 959 autem
1410 909 1435 960 et

353 996 461 1072 Aquila
479 995 616 1054 dixerunt
632 995 686 1054 lilii
711 996 843 1056 deorum.
865 987 917 1054 Ex‘
932 995 979 1055 his
996 997 1157 1073 exemplis,
1172 998 1294 1057 seclusis
1308 998 1432 1072 plurimis

354 1094 432 1169 aliis,
454 1095 597 1152 versionis
618 1093 757 1169 simplicis
775 1101 877 1153 auctor
896 1093 1057 1170 hebraeus,
1073 1096 1182 1172 linguis
1201 1097 1356 1154 aramaicis
1369 1099 1433 1171 peri·

353 1197 418 1266 tus,
433 1193 565 1250 extitisse
583 1190 709 1250 videtur.
725 1191 819 1251 Divus
835 1190 1008 1251 Ambrosius
1028 1193 1061 1250 in
1078 1207 1133 1252 suo
1152 1193 1338 1252 Hexameron
1349 1193 1396 1252 lib.
1412 1212 1430 1252 1.

354 1305 419 1365 cap.
437 1298 466 1348 8.
489 1291 656 1349 versionem
671 1292 819 1367 syriacam
837 1289 884 1348 his
902 1289 1000 1349 verbis
1020 1291 1151 1350 confert:
1173 1291 1333 1367 «Denique
1346 1307 1431 1369 syrus,

352 1390 405 1464 qui
416 1389 533 1446 vicinus
550 1385 676 1446 hebraeo
688 1394 749 1462 est,
764 1394 793 1446 et
807 1404 941 1448 sermone
954 1396 1111 1464 consonat,
1127 1393 1156 1448 et
1169 1390 1202 1446 in
1214 1390 1362 1466 plerisque
1375 1407 1431 1448 eon·

354 1488 447 1564 gruit,
465 1487 507 1544 sic
524 1485 622 1546 habet:
634 1517 647 1529 ·
658 1485 695 1544 Et
709 1485 891 1561 spiritusDei
908 1485 1027 1545 fovebat
1044 1503 1166 1562 aquas.»
1178 1485 1433 1546 Animadvertnda

355 1602 471 1662 quoque
490 1592 559 1645 sunt
576 1601 651 1662 quae
660 1586 783 1645 Walton
801 1588 862 1644 suis
875 1589 906 1644 in
921 1585 1139 1663 Prolegomenis
1152 1593 1291 1663 excerpta
1304 1587 1341 1646 ab
1354 1587 1431 1646 111111

355 1685 401 1742 ria
421 1683 625 1760 dynastiarum
645 1682 859 1760 abulpharagii
887 1683 923 1742 de
943 1683 1062 1744 Phscito
1082 1701 1219 1762 syrorum
1242 1687 1375 1744 versione
1395 1702 1431 1744 11

354 1781 437 1840 tulit:
458 1807 471 1830 «
483 1781 586 1841 Versio
606 1782 657 1840 illa
677 1781 888 1859 Septuaginta,
910 1797 1000 1858 quam
1024 1782 1276 1859 amplectebantur
1296 1782 1372 1841 docti
1388 1799 1430 1840 no

355 1881 430 1955 stri,
452 1884 496 1938 est
524 1878 647 1955 eadem,
668 1882 792 1956 quaein
812 1880 950 1940 manibus
968 1896 1156 1940 romanorum
1176 1886 1245 1956 est,
1270 1885 1437 1939 ceterorum·-

358 1995 415 2055 que
435 1977 662 2038 christianorum
678 1981 828 2056 sectariis,
849 1982 977 2056 exceptis
995 1978 1094 2058 Syris,
1113 1996 1149 2039 ac
1162 1981 1335 2054 praesertim
1351 1980 1430 2036 orier-

355 2075 465 2135 telibus
481 2075 535 2151 (de
549 2093 607 2152 quo
627 2093 720 2154 nuper
737 2077 883 2153 dicemus)
902 2079 1046 2154 siquidem
1060 2079 1208 2153 exemplar
1220 2079 1353 2153 ipsorum
1366 2075 1430 2152 quod

354 2173 483 2249 simplex
496 2175 676 2251 appellatur,
688 2177 759 2252 qrria
773 2177 825 2251 qui
838 2175 917 2235 istud
930 2175 1132 2251 elaborarunt,
1145 2175 1181 2234 de
1194 2179 1367 2234 ornamento
1378 2189 1429 2230 ver·

355 2273 462 2332 borum
481 2275 599 2333 solliciti
618 2291 679 2332 non
696 2275 833 2351 fuerunt,
852 2277 989 2334 convenit
1002 2291 1070 2334 oum
1083 2275 1244 2350 exemplari
1258 2273 1426 2351 judaeorum.

354 2370 395 2428 At
415 2374 478 2448 syri
495 2367 712 2449 'occidentales,
739 2373 814 2432 duas
838 2373 949 2432 liabent
973 2375 1141 2448 versiones,
1163 2373 1328 2448 simplicem
1344 2371 1427 2443 illan,

354 2487 430 2545 quae
443 2487 481 2529 ex
494 2470 631 2529 hebraica
645 2472 677 2552 11
692 2474 838 2549 syriacam
852 2471 984 2548 linguam
994 2471 1137 2530 translata
1153 2477 1198 2530 est
1210 2476 1279 2546 post
1288 2469 1429 2529 adventum

353 2566 462 2626 Christi
476 2567 610 2645 Domini,
625 2568 750 2628 alteram
764 2569 919 2645 figuratam
929 2573 1017 2646 juxta
1030 2569 1220 2645 Septuaginta
1236 2571 1382 2628 seniorum
1393 2568 1427 2623 in·

353 2670 608 2744 terpretationcm,
630 2685 646 2726 e
665 2668 766 2745 lingua
782 2685 885 2745 graeca
898 2671 930 2728 in
940 2671 1086 2746 syriacam
1097 2668 1266 2728 traductam
1279 2667 1364 2743 longo
1375 2670 1427 2740 post

352 2770 481 2839 tempore
499 2764 658 2825 Salvatoris
677 2767 921 2826 Incarnationem.
937 2792 949 2818 v
966 2766 1132 2826 Richardus
1150 2763 1254 2825 Simon
1274 2765 1426 2824 11111111-

354 2864 414 2920 tica
435 2865 542 2922 veteris
560 2867 746 2940 testamenti,
769 2881 803 2923 ac
829 2863 996 2924 Ludovicus
1024 2865 1137 2940 Baver,
1157 2865 1349 2924 consonantia
1366 2863 1427 2918 inter

353 2963 519 3020 versionem
538 2963 714 3038 simplicem,
737 2979 771 3021 ac
801 2963 931 3021 codicem
948 2961 1107 3022 hebraeum
1125 2965 1276 3039 inspecta,
1297 2961 1372 3020 illius
1389 2973 1426 3016 un·

356 3065 467 3120 ctorem
484 3061 642 3120 hebraeum
659 3063 873 3120 existimarunt.
897 3060 1018 3120 Vossius
1037 3059 1157 3120 tandem
1175 3076 1249 3136 opus
1266 3045 1424 3137 judaeorum

356 3175 420 3218 esse
440 3162 605 3218 versionem
625 3160 771 3237 syriacam
792 3159 881 3217 libere
898 3159 1016 3218 11111111.

394 3258 448 3315 His
464 3258 642 3333 ponderatis,
656 3273 735 3315 nune
754 3256 973 3333 disquirendum
993 3262 1048 3333 est,
1070 3262 1170 3316 utrum
1183 3255 1326 3315 hebraeus
1344 3251 1424 3311 Phsci-

353 3360 384 3414 to
401 3358 543 3431 interpres
565 3355 653 3414 fuerit
672 3357 784 3432 origine
799 3356 936 3432 judaeus,
958 3372 976 3414 a
990 3356 1111 3431 judaica
1124 3372 1195 3414 vero
1210 3355 1349 3431 religione
1368 3347 1423 3408 deii·

353 3455 432 3512 ciens
446 3459 475 3511 et
483 3453 632 3512 Christum
652 3453 794 3529 induens,
809 3470 848 3511 an
868 3454 997 3512 israelita
1014 3453 1104 3512 durae
1123 3454 1244 3511 cervicis
1264 3447 1424 3510 mosaicisin

353 3551 465 3626 legibus
479 3555 647 3627 persistens.
663 3549 845 3628 Argumenta
857 3569 918 3610 non
931 3567 1025 3628 pauca
1038 3551 1180 3627 judaeum
1202 3553 1234 3608 11
1250 3549 1354 3608 duritie
1373 3560 1422 3602 cor·

353 3649 399 3708 dis
421 3653 467 3708 sui
487 3651 583 3710 adhuc
600 3656 853 3726 perseverantem,
871 3653 1018 3727 syriacam
1036 3650 1142 3708 veteris
1159 3648 1326 3706 testamenti
1343 3651 1422 3704 nans·

352 3747 489 3806 lationem
525 3765 708 3823 comparasse
739 3748 887 3807 exhibent.
923 3747 1055 3806 Primum
1082 3789 1091 3822 ,
1126 3749 1153 3804 si
1180 3745 1298 3804 Phscito
1338 3745 1422 3801 auctor

352 3845 529 3905 christianus
554 3846 677 3922 fuisset,
703 3847 789 3904 sicuti
817 3845 1044 3922 Evangeliorunr
1069 3846 1209 3918 interpres
1234 3859 1336 3920 syrus,
1356 3839 1421 3898 illam

351 3941 499 4020 phrasim,
520 3944 585 4003 illos
600 3943 702 4002 modos
720 3943 776 4002 hae
798 3945 829 4001 in
845 3944 1036 4002 translatione
1050 3945 1170 4000 11111111
1188 3942 1368 4018 neglexisset,
1380 3934 1420 4010 qui

352 4057 489 4118 syrorum
502 4042 635 4118 linguam
648 4046 803 4117 exornant,
816 4043 888 4117 quin
902 4057 1000 4101 rerum
1018 4057 1120 4100 sensus
1133 4041 1345 4110 immutaretur,
1360 4047 1423 4109 quae

352 4155 397 4197 res
413 4140 445 4196 in
461 4140 532 4196 novi
552 4138 676 4196 foederis
703 4139 893 4197 translatione
922 4141 1087 4214 excipitur,
1108 4151 1183 4213 quae
1200 4137 1359 4194 aramaicae
1375 4133 1420 4189 ltr-

354 4253 429 4312 guae
439 4239 629 4312 proprietates
640 4253 740 4296 omnes
749 4239 860 4313 jungit,
873 4239 945 4313 quin
954 4236 1123 4294 divinarum
1133 4237 1338 4294 sententiarum
1351 4227 1418 4299 ordo,

352 4336 400 4394 vel
413 4336 605 4411 perspicuitas
619 4333 762 4394 turbetur.
790 4334 970 4409 Huiusmodi
979 4334 1186 4410 discrepantia,
1200 4349 1275 4410 quae
1293 4334 1363 4390 inter
1380 4339 1418 4398 sy·
