3094 5176
569 409 748 460 -iau—

126 511 281 580 oblationes
302 521 356 596 prd
379 517 536 579 defuootis.
566 517 696 578 Lubente
714 515 831 578 saeculo
856 515 1001 595 seeundo,
1020 517 1197 600 Hippolytus

124 618 211 678 tradit
223 619 319 694 capita
332 632 493 694 canonum,
509 615 617 694 quihus
630 615 788 692 Aethiopes
803 615 955 677 christiani
967 623 1107 696 utuntur,
1123 633 1196 697 quos

128 731 248 776 canones
268 715 429 793 vulgarunt
446 715 574 776 loannes
594 714 723 775 Michael
736 714 925 776 Wanslehius
942 716 974 774 in
988 714 1063 775 lihro
1086 715 1122 775 de
1142 717 1196 776 Ee·

128 815 212 874 alesia
230 813 450 890 Alexandrina,
469 819 499 872 et
518 811 691 873 Cuillelmus
702 813 889 873 Whlstonius
907 815 938 872 in
951 811 1100 873 volumine
1112 815 1197 874 tertio

127 915 217 990 operis
235 912 272 971 de
286 911 440 972 Primitivo
451 910 684 971 christianismo.
700 911 735 970 lu
749 927 861 970 eanum
876 919 925 969 uu.
942 911 1068 988 legitur:
1090 910 1198 972 «Mor-

124 1017 238 1072 inorum
253 993 388 1070 'ildellum
412 1011 717 1068 commemorationem
737 1008 861 1085 singulis
884 1008 985 1070 diebus
1009 1007 1197 1088 iaciendum,

127 1116 243 1186 eroepta
267 1109 314 1169 die
335 1108 521 1168 dominica.»
545 1107 639 1167 Paulo
661 1113 729 1184 post
747 1106 911 1186 Cyprianus
929 1123 985 1168 suo
997 1150 1011 1185 ,
1032 1113 1062 1168 et
1082 1109 1197 1173 tartha·

127 1208 251 1285 ginensls
268 1206 384 1266 oonoilii
402 1207 534 1282 nomine,
556 1207 588 1266 in
605 1207 806 1282 episeopornm
826 1209 997 1266 memoriam
1016 1213 1136 1268 revocat
1147 1207 1197 1268 de·

127 1311 272 1366 eretum.»
294 1306 379 1381 Quo,
400 1307 426 1365 si
439 1306 505 1382 quis
518 1303 609 1366 datar
628 1305 767 1365 derisum
779 1310 906 1366 tutorem
922 1307 1122 1384 nominasset,
1136 1321 1196 1366 non

128 1404 279 1466 alienetur
298 1421 352 1484 pro
366 1420 422 1482 eo,
443 1419 498 1464 nee
516 1403 699 1465 eaerideium
718 1419 772 1480 pro
798 1403 972 1464 dormitione
991 1407 1053 1482 ejus
1071 1403 1198 1466 celebra·

128 1507 214 1564 lellll'.
231 1527 244 1554 n

164 1599 322 1676 Origenes,
341 1599 470 1660 Humilia
489 1615 609 1659 xxrrrr.
623 1600 656 1658 in
669 1597 835 1677 Numeros,
851 1600 894 1660 ita
904 1599 941 1659 de
957 1600 1021 1660 loeo
1031 1599 1198 1677 Purgaturll

130 1700 242 1774 arguit:
272 1697 546 1772 «Quemadmodum
572 1700 652 1758 eirea
675 1697 856 1758 Hierusalem
879 1699 954 1758 oliae
974 1700 1107 1758 civitates
1126 1701 1199 1758 sitae

128 1802 229 1872 erant,
250 1801 280 1856 at
298 1798 376 1873 viel,
398 1803 428 1858 et
441 1797 574 1858 divumne
586 1811 701 1874 qnoque
721 1798 852 1873 regiones
866 1815 875 1873 3
896 1798 939 1856 ita
952 1803 982 1856 et
996 1797 1129 1856 eoelestis
1146 1797 1199 1856 illa

128 1893 308 1954 Hierusalem
327 1894 486 1956 monadum
497 1896 654 1972 imaginem
665 1899 865 1972 terrenorum,
886 1894 975 1956 hahet
987 1896 1065 1954 eirea
1081 1909 1112 1954 ae
1125 1894 1199 1954 alias

128 1993 258 2052 uirtutes
279 2008 314 2052 ao
333 1994 415 2052 vicos
435 1991 623 2069 diversasque
642 1995 814 2069 regiones.»
838 1992 875 2052 Et
894 1991 946 2052 ubi
965 1991 1042 2052 dixit
1054 1990 1200 2067 desumpta

127 2089 201 2150 libro
214 2090 426 2168 Nummorum,
441 2089 576 2151 umbram
589 2091 747 2168 quaurdam
759 2105 823 2150 ease
836 2089 953 2150 laturae
965 2092 1052 2150 sortis
1065 2091 1098 2148 in
1111 2088 1199 2150 ooello

128 2187 227 2248 addit:
255 2187 358 2251 «Sunt
376 2192 454 2250 enim
481 2189 605 2250 formasa
625 2189 723 2266 aliqua
742 2193 881 2266 peecata,
911 2203 986 2266 quae
1006 2189 1032 2248 si
1051 2189 1200 2265 proposito

127 2303 162 2347 ao
179 2288 330 2348 voluntate
347 2291 565 2366 commisimus,
584 2287 747 2348 homicidas
759 2304 814 2348 nos
832 2286 969 2364 fadunt3
992 2292 1023 2346 et
1042 2292 1112 2346 sunt
1124 2285 1199 2362 alia,

127 2389 237 2464 quaesi
250 2388 419 2464 ignoranter
430 2388 660 2464 oommittimus,
674 2386 838 2446 decernitur
846 2384 951 2462 nohis,
968 2383 1071 2461 eredo,
1083 2389 1202 2460 etprae-

127 2490 247 2560 paratur
265 2500 304 2546 ex
323 2491 476 2562 praerepto
499 2484 553 2544 llal
570 2485 651 2546 loeus
673 2485 800 2562 aliquis,
820 2482 872 2543 uhi
894 2482 932 2542 ad
951 2487 1063 2542 seruam
1082 2486 1198 2558 tenpus

127 2581 261 2642 hahitare
279 2581 453 2660 dehemus,
467 2584 493 2642 si
507 2597 582 2660 quae
602 2598 661 2643 non
673 2581 968 2657 voluntariapeaeata
982 2580 1199 2656 commisimus3

127 2681 153 2742 sl
172 2687 272 2742 tumen
284 2681 388 2742 mundi
401 2681 586 2740 inveniamur
597 2680 635 2742 ah
653 2682 690 2740 iis
703 2681 846 2756 munds,
868 2693 944 2756 quae
956 2678 1108 2738 voluntate
1121 2691 1200 2736 oom-

127 2781 218 2840 rnisea
236 2787 326 2856 sunt,
347 2785 377 2839 et
396 2778 434 2840 ob
454 2778 511 2839 hoe
530 2784 720 2840 secernuntur
747 2777 890 2854 quaedam
910 2777 1044 2836 civitates
1065 2774 1103 2834 ad
1123 2773 1202 2835 relu-

127 2877 247 2952 gtum.»
271 2876 350 2938 Alibi
369 2876 479 2953 pluries
499 2875 639 2954 Origenes
658 2877 755 2936 innuit
769 2874 849 2935 hune
862 2874 1038 2950 expiationis
1057 2871 1155 2934 looom
1167 2874 1202 2930 tn

62 3035 64 3042 ,
127 2973 222 3030 altera
240 2974 321 3049 vita,
342 2975 456 3032 etianm
475 2973 616 3032 diutiones
628 2976 691 3049 etus
711 2972 748 3030 de
761 2971 818 3030 hae
832 2987 864 3031 re
883 2970 1060 3030 obscuritate
1073 2969 1201 3046 quadam

128 3065 272 3128 laborent.

169 3166 236 3226 Non
256 3173 301 3226 est
319 3172 439 3245 autem,
460 3176 494 3228 ut
513 3169 601 3244 hruus
621 3168 770 3228 doetrinae
789 3173 894 3226 testem
914 3181 1048 3226 retorem
1068 3173 1203 3226 sanetum

127 3265 351 3344 Augusduum,
372 3270 423 3344 qni
443 3269 499 3327 hoe
512 3267 589 3327 idem
609 3267 740 3326 firmavit
752 3281 788 3325 ex
802 3265 974 3324 auctoritate
991 3263 1156 3324 traditionis
1171 3265 1204 3322 in

128 3361 270 3423 Sermone
290 3381 409 3424 xxxrrr.
437 3363 654 3424 «Orationibus
672 3378 742 3424 vero
755 3362 879 3422 Sanctae
892 3361 1053 3437 Ecclesiae,
1074 3365 1103 3420 et
1115 3361 1204 3420 saari-

127 3461 198 3522 floro
222 3463 362 3542 salutari,
383 3469 413 3524 et
424 3464 632 3541 eleemosynis,
653 3477 728 3540 quae
740 3478 793 3539 pro
806 3477 907 3520 eornm
920 3459 1069 3538 spiritibus
1083 3475 1205 3536 erogan-

129 3568 202 3638 tur,
223 3579 284 3623 non
296 3570 341 3623 est
354 3562 475 3622 dublum
490 3567 619 3621 mortuos
633 3561 785 3638 adjuvari,
806 3565 841 3618 ut
853 3574 920 3618 oum
934 3560 975 3618 eis
989 3556 1206 3618 miserioordius

128 3669 237 3740 agatur
257 3679 276 3723 a
295 3663 444 3739 Domino,
471 3677 560 3739 quam
580 3673 681 3720 eorum
700 3665 820 3736 peecata
840 3662 1019 3718 meruerunt.
1042 3657 1106 3716 lloo
1126 3659 1204 3716 enim

127 3777 148 3820 a
169 3760 301 3836 patribus
321 3761 479 3837 traditam,
501 3759 639 3820 universa
652 3758 790 3818 observat
802 3755 948 3833 Ecclesia,
969 3763 1003 3816 ut
1016 3771 1069 3832 pro
1082 3758 1139 3832 eis,
1154 3759 1206 3833 qui

126 3859 162 3916 in
183 3860 312 3934 eorporis
331 3866 361 3918 et
380 3861 532 3936 sanguinis
545 3858 653 3918 Christi
668 3858 871 3916 communione
891 3854 1122 3930 deluuotisunt,
1138 3869 1205 3913 cum

125 3955 169 4014 ad
189 3957 285 4032 ipsum
305 3957 481 4016 saeriiloium
502 3955 566 4016 loeo
580 3971 633 4016 suo
647 3959 932 4030 eommemorantur‚
954 3959 1074 4028 oretur,
1097 3968 1132 4010 ae
1152 3967 1207 4028 pro

125 4051 188 4112 illis
207 4069 324 4131 quoque
343 4055 373 4113 id
397 4054 497 4114 offerri
517 4061 793 4114 commemoretur.»
815 4053 861 4112 lta
882 4056 1035 4111 senserunt
1055 4049 1206 4109 christiani

125 4149 322 4229 Aethiopiae,
344 4151 491 4230 Aegypti,
513 4158 542 4210 et
561 4151 777 4228 Mauritaniae,
798 4167 834 4210 ert
848 4166 906 4228 quo
920 4151 951 4208 in
965 4148 1067 4208 Airita
1087 4147 1204 4224 praedi-

126 4255 230 4308 catum
250 4251 307 4311 fuit
326 4250 435 4312 Christi
454 4251 657 4328 Evangelium.

172 4347 200 4420 S.
216 4348 268 4407 IX.
285 4351 319 4409 ln
332 4351 444 4411 ultimis
457 4350 604 4411 orientalis
619 4349 705 4410 Asiae
718 4349 826 4412 finibus
839 4349 1019 4426 Ephraemus
1035 4361 1139 4424 syrus,
1156 4348 1206 4422 qui
