3094 5184
838 375 996 439 ...pp-

371 497 502 562 uymas,
528 480 645 542 doctum
670 477 826 557 epistolum
853 480 1004 555 scripsisse
1034 477 1211 556 origenem,
1238 478 1373 544 fatendum
1393 497 1428 550 cst
1505 499 1506 518 ¹

377 583 512 642 eumdem
531 577 771 658 doctorembtunc
790 580 940 655 temporis,
959 577 1105 638 &etesiae
1124 576 1287 640 Catholicae
1304 586 1427 646 suumdo

378 683 502 740 cuinam
522 677 788 754 accommodando,
810 679 935 752 priorem
946 678 1120 736 senteutiam
1131 675 1304 738 emendasse.
1323 680 1430 744 Hteade
1505 697 1506 720 ¹

378 779 559 857 Hieronymo
578 781 661 838 satis.
1188 816 1190 826 ι

418 877 504 938 Nunc
520 878 609 954 uiua,
624 877 807 936 adversarios
827 891 981 953 rogarem
1001 891 1105 934 verum
1124 890 1162 933 ne
1178 874 1272 934 catab
1285 879 1434 940 tumultis

379 978 496 1054 ronymi
517 982 662 1036 cessam
680 991 742 1034 esse
759 975 792 1032 in
809 973 940 1034 Ecclesia
957 972 1107 1033 Cathoiiea
1123 973 1165 1032 ab
1177 987 1234 1033 usu
1247 973 1434 1050 scripurarum

379 1073 572 1134 Deuterarum
590 1075 629 1134 ad
646 1073 714 1132 fidei
733 1073 872 1150 dogmata
891 1071 1131 1147 comprobanda?
1151 1070 1209 1132 Sed
1225 1072 1280 1132 hoc
1292 1089 1348 1132 uon
1358 1075 1435 1136 solum

379 1173 491 1233 iactum
511 1189 573 1232 osse
594 1171 712 1249 probari
731 1174 854 1249 neqnit3
875 1173 1040 1248 quinimmo
1057 1178 1087 1230 et
1105 1177 1207 1230 conca
1226 1171 1373 1230 nonnullos
1385 1173 1437 1234 Gal-

379 1271 486 1332 liarum
506 1272 689 1349 Augustinus
701 1269 833 1330 divinam
854 1271 1057 1330 auctoritatem
1076 1270 1144 1331 libri
1158 1269 1319 1347 Sapientiae
1334 1271 1437 1332 vinum

381 1373 436 1429 vit.
462 1370 649 1430 Innocentius
671 1369 751 1446 Papa
774 1385 798 1428 1.
828 1370 912 1428 initio
932 1367 1043 1428 swculi
1067 1385 1098 1427 v.
1126 1368 1272 1428 Cononem
1298 1368 1438 1430 divinorum

377 1466 540 1545 librorum,
564 1475 598 1527 ut
612 1484 691 1527 nunc
716 1467 862 1542 habebar,
892 1468 1043 1526 contexuit
1068 1465 1198 1525 scribens
1224 1466 1262 1526 ad
1288 1466 1438 1542 Exuperiuu

381 1569 548 1643 episcopum
566 1567 742 1626 tolosanum.
770 1565 906 1643 Synodus
929 1565 1163 1642 carthaginensis
1181 1564 1311 1624 firmavit
1330 1563 1438 1626 eummm

375 1663 548 1740 Grumum,
569 1670 599 1722 et
618 1679 656 1722 ex
679 1665 850 1722 auctoritate
871 1665 1002 1739 priorum
1025 1669 1143 1740 panum
1166 1669 1273 1723 testata
1296 1669 1339 1722 est
1357 1662 1438 1722 houm

383 1761 545 1822 Bibliorum
560 1761 758 1821 divinitatem.
778 1761 860 1820 idem
881 1763 1004 1838 statuit,
1023 1766 1054 1821 et
1071 1761 1171 1820 docuit
1187 1759 1357 1820 Antiochiae
1371 1760 1440 1839 Chry·

377 1867 539 1920 sostomus.
559 1859 684 1920 Sanctus
702 1859 888 1919 Chsomatius
906 1859 1079 1937 Hieronymi
1099 1859 1254 1920 familiaris
1267 1859 1341 1920 idern
1352 1860 1439 1918 scribit.

383 1961 508 2020 incunte
541 1958 657 2019 saeculo
678 1974 709 2016 r.
734 1958 859 2035 Prosper
881 1960 1037 2035 aqubanus
1063 1975 1219 2018 numerum
1244 1957 1400 2016 &vinorum
1417 1959 1441 2018 ti·

383 2057 503 2117 brorum
522 2058 678 2134 accipiens,
699 2057 744 2116 uti
760 2073 850 2133 supra
871 2058 996 2118 relabrm
1012 2063 1076 2133 est,
1097 2059 1161 2133 pari
1180 2056 1286 2116 divina
1299 2057 1442 2116 auctoriate

384 2156 563 2216 illosomnes
571 2155 687 2215 ditavit.
711 2155 1108 2216 Idemdocuitsserealisafer
1121 2152 1384 2232 etFulgeutimit).
1403 2155 1441 2214 Hi-

385 2255 466 2314 irrus
488 2255 600 2316 Romae
612 2254 745 2330 pontifex
768 2270 868 2315 omnes
894 2253 1049 2313 divinitate
1071 2269 1106 2314 ac
1129 2269 1253 2314 umnec
1276 2269 1368 2330 pares,
1386 2251 1441 2314 Scri·

385 2360 487 2430 panes
509 2355 616 2413 veterts
630 2353 809 2413 Testamenti
837 2360 970 2413 noverat.
999 2351 1109 2413 Gelesii
1127 2352 1279 2433 domebus
1297 2352 1385 2429 palam
1403 2353 1443 2412 bor

387 2451 479 2528 facit,
501 2453 673 2530 nutumque
694 2450 850 2511 discrimen
872 2454 948 2512 inter
970 2450 1086 2513 Priores
1106 2458 1136 2512 et
1154 2451 1299 2512 Deuteros
1317 2451 1396 2510 libror
1409 2467 1443 2528 ap

387 2554 495 2627 posuit.
520 2552 641 2614 Saeculo
660 2559 786 2630 octavo,
810 2553 887 2613 idem
912 2553 1014 2612 Ganon
1038 2552 1199 2628 librorum,
1220 2553 1274 2628 qui
1293 2554 1324 2610 ia
1343 2550 1444 2610 Ecclesia

388 2651 505 2728 legendi
517 2658 631 2728 essent,
646 2659 780 2712 censetur
794 2653 826 2712 in
840 2654 983 2712 sententia
995 2667 1088 2729 papae
1100 2651 1219 2710 leonis.
1236 2649 1324 2710 Anno
1339 2650 1444 2708 itatis

388 2751 511 2810 eoncilia
530 2751 661 2810 Basiieae
681 2757 781 2811 actum
799 2757 844 2810 est
859 2750 897 2810 de
916 2753 1007 2810 sacris
1029 2749 1187 2826 scripturis
1207 2756 1238 2809 et
1256 2764 1354 2807 aarum
1367 2747 1445 2805 diebu

390 2849 573 2908 auctoritate
599 2848 645 2909 lbi
660 2850 738 2908 enim
754 2852 913 2910 numeratis
926 2848 1008 2908 libris
1022 2851 1054 2908 iu
1067 2847 1184 2910 cunone
1197 2847 1384 2908 hebraeorum
1396 2859 1445 2904 con·

389 2947 477 3006 tentis
498 2945 634 3007 additur:
660 2971 674 3000 κ
686 2947 809 3024 Insuper
826 2947 1013 3008 manifestum
1035 2953 1079 3008 cst
1096 2946 1205 3007 multos
1222 2947 1256 3006 in
1273 2945 1370 3006 eodem
1386 2942 1445 3002 run

389 3046 469 3104 mine
487 3044 577 3105 libros
597 3049 761 3125 contineri,
783 3051 835 3125 qui
856 3047 935 3124 apud
950 3046 1073 3124 judaeos
1095 3049 1127 3106 in
1148 3047 1324 3106 auctoritate
1340 3058 1393 3102 nou
1408 3039 1445 3100 br·

388 3143 514 3222 bantur,
533 3144 585 3204 sed
602 3147 679 3206 inter
699 3147 882 3225 apocrypiros
901 3152 1125 3222 computantur;
1142 3146 1194 3222 qui
1208 3151 1311 3204 tamea
1330 3140 1446 3218 apuduos

390 3245 422 3302 in
442 3244 545 3304 eadem
566 3249 753 3306 reumaticus
773 3252 804 3306 et
827 3248 1000 3307 auctoritate
1020 3245 1184 3320 habentur,
1210 3244 1300 3304 acuti
1320 3247 1351 3302 et
1364 3239 1445 3311 auen,

391 3348 422 3402 et
441 3342 500 3403 boc
523 3345 624 3421 utique
644 3361 705 3405 non
727 3347 845 3406 nisiex
867 3345 1024 3405 mantuane
1049 3350 1079 3404 et
1104 3345 1304 3419 acceptatione
1329 3337 1446 3400 meam

390 3441 566 3502 universalis
588 3441 774 3520 Catholicae,
796 3443 903 3521 quibus
923 3442 1120 3502 conuadmere
1136 3440 1221 3504 utillo
1243 3437 1332 3498 morlo
1349 3435 1446 3514 pertua

393 3540 466 3600 citer
486 3541 593 3600 lieet.»
617 3539 710 3600 Paule
732 3547 799 3618 post
819 3544 851 3602 in
873 3542 997 3601 conubio
1016 3541 1170 3600 florentino
1189 3538 1372 3598 oecumenico
1389 3532 1446 3592 iden

393 3635 493 3697 Canon
520 3636 758 3716 Scripturamm,
785 3646 817 3700 et
836 3639 980 3700 ¹diuinitas
1002 3637 1126 3714 probata
1144 3643 1228 3698 sunt.
1254 3635 1331 3696 Siieo
1351 3632 1384 3692 de
1401 3629 1448 3688 abiis

393 3735 582 3819 scriptoribus
598 3736 812 3815 ecclesiasticis,
832 3739 883 3815 qui
902 3744 968 3814 post
984 3737 1087 3797 ditum
1095 3735 1311 3812 Hieronymum
1323 3725 1448 3792 conmut

436 3919 472 3983 (ι)
491 3921 599 3974 tunitius
619 3923 671 3974 aser
686 3924 784 3976 macuto
798 3937 824 3976 r.
846 3923 944 3978 disserit
963 3925 994 3976 de
1015 3926 1114 3976 canone
1133 3923 1254 3974 librorum
1270 3918 1415 3974 divinorum.
1432 3909 1449 3958 θ*

394 3997 493 4050 uidetur
510 4002 580 4065 sequi
596 4005 741 4056 senteutiam
754 4007 909 4071 Hieronymi3
928 4006 974 4058 etsi
992 4005 1067 4055 libere
1081 4002 1207 4054 fatendum
1225 4005 1264 4054 est
1280 4003 1348 4054 illum
1365 4000 1388 4048 iu
1403 3990 1448 4042 diri·

395 4082 464 4132 sione
482 4080 618 4135 Bibliorum
633 4100 682 4136 non
698 4088 795 4136 tantum
812 4087 924 4137 aberrare
944 4100 960 4136 a
974 4089 1055 4136 mente
1065 4085 1116 4134 diri
1128 4085 1288 4146 Hieronymi,
1306 4076 1449 4131 verumetiam

395 4161 427 4211 ah
441 4163 556 4216 omnbus
572 4167 675 4216 caustis
691 4168 867 4232 scriptoribus;
883 4167 966 4217 nuilus
982 4167 1047 4216 enirn
1060 4165 1151 4227 sensit,
1166 4166 1196 4214 ut
1206 4164 1258 4226 ipse
1275 4159 1369 4222 docuit,
1381 4151 1448 4206 parati

394 4253 525 4308 pemeuon,
545 4245 601 4306 bob,
618 4246 704 4309 Hadra,
721 4249 807 4298 Esther
824 4261 874 4298 uns
894 4261 951 4298 cum
966 4247 1053 4298 tuditi
1066 4245 1091 4296 et
1105 4243 1310 4295 Machabaeorunr
1325 4235 1449 4290 iibrisetitfl

396 4323 520 4376 cunonem
538 4326 659 4392 rejiciens.
676 4325 731 4377 Edi.
752 4328 817 4378 Pari.
839 4335 907 4380 1556.
929 4341 952 4391 p.
966 4331 988 4380 t.
