2964 5174
499 421 539 433 ···-
559 398 615 450 tit
638 419 678 451 -,-

49 512 124 583 mm,
145 507 298 566 circeum
318 507 426 566 arianis
445 505 492 567 vel
515 506 580 566 aliis
601 506 777 580 haereticis,
806 521 858 566 seu
877 523 945 568 cum
974 507 1126 571 catholicis

48 605 156 664 steterit
170 606 227 664 iste
247 601 344 664 audax
359 591 457 682 sutor,
476 604 705 664 consideratione
721 605 849 682 quadam
864 607 937 664 mihi
956 607 1047 684 digna
1065 611 1131 669 visa

47 707 113 760 sunt
133 703 211 761 inter
238 701 316 778 alia,
340 717 414 778 quaa
438 718 456 761 a
476 700 632 778 Scripturis
655 709 743 778 utque
764 719 780 761 c
804 702 940 764 Patribus
966 708 1131 768 testimonis

46 802 213 876 contexuit,
232 802 320 860 etiam
332 801 395 876 illa,
410 817 484 876 quae
497 816 534 858 ex
547 801 839 861 Deuterocanonicis
856 803 981 880 collegit.
1004 804 1052 863 Ad
1071 803 1129 864 lle·

47 915 146 958 ronam
158 898 315 958 diaconum
324 898 495 959 Antiochiae
505 899 700 960 Ecclesiastioi
713 899 804 960 verba
817 901 915 961 retem:
927 901 983 976 (tir
993 901 1045 962 Et:
1057 899 1132 976 -Qui

46 1000 102 1056 cito
131 997 258 1057 eredidit
293 998 366 1058 levis
396 1004 441 1058 est
462 999 559 1059 corde.
574 1024 587 1050 o
604 998 652 1057 Ad
678 998 891 1075 philadelphios
917 999 1048 1060 scribens
1071 1003 1129 1060 ait:

48 1093 137 1154 «Sint
153 1102 252 1156 autem
269 1096 376 1156 viduae
389 1113 449 1155 non
472 1113 581 1173 vagae,
601 1113 662 1155 non
680 1096 814 1172 gulosae,
829 1113 889 1156 non
904 1099 1131 1158 circumcursan-

44 1201 99 1270 tes,
112 1194 166 1254 sed
183 1190 219 1254 ut
235 1194 338 1254 Judith
355 1195 406 1254 ilia
419 1195 640 1271 honestissima,
651 1200 684 1254 ut
697 1194 785 1254 Anna
795 1203 850 1256 etc.
867 1221 879 1258 a
903 1195 950 1255 Ad
967 1195 1132 1274 Magnesia·

44 1309 97 1352 nos
118 1293 155 1352 de
176 1294 337 1352 reverentia
357 1294 390 1350 in
407 1295 586 1370 episcopum,
601 1293 751 1353 Danielem
769 1296 918 1369 juniorem
939 1294 1066 1371 appellat
1085 1295 1130 1354 dl-

44 1408 123 1450 cens:
143 1416 157 1442 s
173 1391 233 1450 Nec
250 1392 328 1450 enim
346 1393 449 1450 annosi
470 1393 614 1469 sapientes
635 1395 774 1452 contnuo
793 1400 885 1469 sunt,
906 1409 961 1452 nec
980 1409 1064 1453 senes
1085 1397 1130 1454 in-

44 1489 235 1566 telligentiam
251 1487 415 1564 possident,
437 1487 488 1550 sed
512 1492 702 1567 spiritus,qui
721 1493 752 1549 in
772 1487 940 1549 hominibus
953 1497 1007 1550 est.
1022 1490 1127 1551 Daniel

44 1588 91 1646 iiie
120 1587 256 1662 sapiens,
277 1601 345 1644 cum
365 1585 518 1646 duodecim
542 1593 618 1647 esset
638 1604 795 1662 annorum,
807 1587 917 1663 Spiritu
938 1588 991 1646 Dei
1012 1587 1130 1647 afflatus

44 1691 122 1760 crat3
144 1691 176 1744 et
194 1701 277 1743 senes
297 1684 407 1744 frustra
426 1701 515 1744 canos
534 1685 677 1762 ferentes,
702 1686 944 1761 calumniatores,
966 1692 996 1744 et
1017 1687 1130 1746 alienae

44 1781 158 1842 formae
174 1789 340 1859 appetentes
360 1799 422 1842 esse
442 1785 611 1862 coarguit.»
635 1784 659 1843 E
680 1783 836 1860 scripturis
856 1790 953 1843 autem
974 1782 1082 1844 Tobiae
1102 1790 1132 1842 et

44 1881 242 1942 Ecclesiastici
264 1887 333 1942 sunt
356 1881 439 1958 haee,
451 1881 557 1960 quibus
576 1883 831 1942 monetlleronem
850 1882 1016 1942 diaconum:
1035 1907 1047 1932 «ι
1058 1881 1132 1942 Pau·

44 1995 129 2055 peres
149 1979 213 2038 noli
227 1980 393 2058 negligere,
415 1981 501 2041 sicuti
521 1981 605 2057 copia
622 1980 675 2040 tibi
693 1979 779 2040 adsit.
797 1980 989 2056 Eleemosyna
1011 1981 1090 2040 enim
1103 1985 1132 2038 ei

43 2077 101 2136 ilde
123 2080 280 2153 expiantur
297 2085 454 2154 peccam.»

84 2175 123 2234 In
142 2175 277 2252 Litargia
296 2177 425 2252 alaudem
449 2179 544 2237 sancti
558 2178 666 2254 Ignatii
685 2193 704 2236 a
721 2175 904 2236 Renoudotio
920 2175 958 2250 (2)
974 2173 1066 2235 relata
1079 2173 1132 2234 Ba·

45 2273 121 2334 ruch
137 2273 230 2332 verba
248 2274 400 2351 leguntur:
421 2275 480 2335 «Et
498 2291 565 2334 cum
583 2274 751 2334 hominibus
769 2277 958 2332 conversatus
973 2279 1027 2332 est.
1043 2297 1056 2323 »ι

82 2371 112 2447 S.
135 2372 191 2432 111.
213 2372 377 2449 Imperantc
395 2373 496 2434 Marco
510 2374 638 2449 Aurelio,
650 2373 828 2449 Theophilus
843 2371 1016 2432 Antiochiae
1029 2386 1129 2446 praec·

46 2477 109 2547 rat,
129 2474 240 2546 eonius
259 2473 374 2548 scriptis
385 2488 464 2532 nunc
483 2473 579 2532 solum
592 2477 748 2550 supersunt
759 2471 827 2530 libri
834 2477 894 2530 tres
903 2469 941 2529 ad
951 2469 1131 2546 butolicum,

46 2575 74 2628 et
86 2573 180 2646 juxto
193 2569 402 2630 Bellarminum
415 2573 624 2630 commentaria
639 2573 670 2628 in
688 2576 813 2648 quatuor
825 2569 1001 2647 Evangelia,
1018 2569 1055 2628 de
1068 2571 1132 2647 qui·

45 2667 100 2726 hus
114 2667 314 2745 hieronymus
326 2668 365 2727 ob
373 2669 433 2728 stili
447 2672 616 2729 varietatem
628 2669 761 2728 dubitare
773 2667 899 2728 videtur.
911 2668 948 2726 In
962 2668 1009 2727 hls
1021 2683 1131 2728 sermo-

46 2765 155 2842 nibus,
172 2767 283 2826 nuliius
298 2783 336 2828 ex
349 2767 432 2827 libris
443 2767 735 2828 Deutero-Canonicis
749 2773 850 2826 auctor
863 2773 1000 2843 apparet,
1015 2766 1134 2827 illorum

45 2882 117 2925 vero
135 2867 296 2926 sentcntiae
313 2865 399 2925 facile
412 2867 607 2943 excipiuntur.
623 2866 678 2926 Ex.
696 2881 741 2942 gr.
757 2865 832 2924 libro
848 2881 887 2924 11.
906 2864 957 2925 illa
974 2865 1074 2925 verba:
1093 2865 1131 2942 (u)

51 2965 235 3024 «Praeterea
253 2963 416 3039 Prophetae
433 2965 534 3025 scdulo
554 2979 656 3024 cavere
672 2969 881 3039 praeceperunt
899 2979 937 3022 ne
959 2967 1025 3040 quis
1045 2963 1135 3023 faciat

45 3063 153 3138 alteri,
174 3077 251 3138 quae
270 3062 327 3121 sibi
350 3064 471 3122 minime
493 3062 556 3122 fieri
575 3063 660 3122 velit:
677 3091 689 3104 ·
706 3062 779 3134 Quis
797 3077 814 3120 e
831 3060 939 3120 Tobiae
958 3062 1034 3120 libro
1053 3079 1132 3122 sum·

44 3167 96 3236 pta
117 3177 182 3220 csse
194 3159 320 3220 inficiari
337 3162 453 3237 potest?
470 3162 528 3234 Qui
541 3161 579 3220 ad
592 3161 687 3220 illium
697 3160 842 3236 loquitur:
858 3159 960 3235 -qaod
974 3165 1007 3218 tu
1025 3157 1132 3236 oderis,

45 3275 82 3318 ne
104 3259 191 3318 alieri
210 3257 349 3318 feceris.»
367 3259 403 3318 In
420 3259 613 3337 Evangelium
634 3258 775 3318 Matthaei
792 3257 829 3316 de
848 3257 969 3316 muliere
990 3255 1136 3332 profluvio

45 3359 201 3434 sangmnu
221 3357 371 3417 laborante
391 3357 507 3417 scribit:
527 3382 540 3409 a
553 3358 609 3417 Per
629 3358 779 3416 mulierem
798 3356 1021 3414 haemorousam
1039 3354 1136 3414 Eccle-

46 3457 90 3513 sia
111 3455 297 3532 significatur
314 3472 352 3515 ex
372 3456 525 3533 gentibus,
547 3459 579 3515 in
598 3461 681 3533 cujus
696 3456 824 3532 imagine
838 3454 968 3530 jugulati
987 3459 1059 3512 sunt
1071 3451 1135 3512 Ma·

46 3553 170 3614 chnhaei
187 3557 332 3632 ceterique
350 3554 546 3631 prophetae.»

86 3651 115 3727 S.
139 3651 194 3712 IV.
218 3652 281 3710 Hoc
297 3657 395 3711 autem
408 3652 473 3711 loco
486 3652 558 3711 haee
572 3667 702 3728 congrua
716 3657 819 3710 notatu
830 3651 981 3710 uidentur.
1004 3649 1137 3710 Primum

48 3750 232 3824 auctoritati,
253 3750 301 3808 vel
321 3749 468 3808 divinitati
489 3749 684 3825 Scriptorum,
706 3751 742 3810 de
762 3748 867 3825 quibus
884 3749 997 3825 agitur,
1020 3763 1080 3805 non
1094 3746 1137 3805 of-

49 3847 110 3906 licii
131 3853 354 3924 argumentum,
373 3864 432 3924 quo
450 3854 547 3924 patres
566 3849 675 3907 scilicet
694 3848 741 3906 his
754 3846 837 3906 libris
849 3863 943 3922 neque
962 3847 1009 3905 usi
1023 3847 1137 3904 suntin

50 3948 276 4022 auctoritatem,
293 3963 387 4022 neque
405 3947 441 4006 de
461 3948 497 4005 iis
518 3948 695 4006 mentionem
715 3944 866 4020 fecerunt3
887 3960 957 4002 nam
977 3945 1086 4018 scripta
1105 3943 1139 4001 il·

50 4041 144 4102 lorum
162 4045 263 4103 omnia
279 4060 339 4104 non
354 4051 467 4122 extant,
477 4061 572 4122 neque
588 4046 719 4119 ipsorum
734 4043 771 4102 de
786 4043 833 4102 his
847 4042 949 4101 Btbliis
964 4041 1036 4100 fides
1054 4038 1140 4098 nobis

49 4141 173 4219 claruit,
196 4141 349 4202 ueletiam
378 4159 424 4203 res
447 4142 484 4202 ab
500 4145 572 4219 ipsis
589 4142 777 4202 illustrationi
791 4141 916 4201 traditae
936 4139 1047 4199 abhoc
1061 4136 1138 4196 libro

77 4353 112 4417 (ι)
128 4355 198 4406 ceci.
212 4368 234 4406 c.
247 4357 311 4408 xix.
323 4360 347 4408 a.
358 4383 389 4395 -
399 4355 434 4421 (a)
445 4357 516 4408 rom.
527 4357 559 4407 u.
572 4355 603 4407 oe
613 4355 727 4420 iringus.
739 4381 770 4394 -
781 4355 816 4420 (a)
826 4353 975 4418 alaram,
988 4351 1048 4403 noo.
1062 4351 1134 4403 arv.
