2964 5174
494 365 675 416 -itlss

73 473 124 535 hiel
137 477 169 552 (t)
188 471 300 551 quidem
324 473 435 534 Sionitu
458 475 561 535 doctus
581 477 751 552 maronita,
776 473 864 534 tidem
883 479 1064 552 praestitisse
1078 479 1124 536 vi-

72 577 142 634 tetur.
161 573 331 634 Difficultate
358 580 458 633 mmen
480 576 573 651 pressi
593 589 711 649 sumus,
733 590 792 650 qua
811 574 850 633 ad
870 575 958 652 hujus
980 579 1125 637 versionis

71 679 167 734 aeuum
179 679 283 732 certam
297 674 449 749 pervenire
468 675 629 749 possimus,
644 679 760 732 tantum
776 674 861 732 nobis
879 680 980 733 sancto
997 674 1124 750 Ephrae-

72 787 107 830 no
119 771 149 830 de
167 771 241 830 illius
256 772 410 831 existentia
430 769 631 848 suffragante,
646 773 698 847 qul
711 772 742 829 in
758 771 890 830 eamdem
908 771 1019 831 scholia
1046 789 1125 831 com·

69 872 142 946 pegtt,
166 876 193 930 et
210 869 364 929 Clementis
382 870 436 929 Xi.
456 871 593 946 auspiciis
612 887 628 929 a
647 869 827 930 Bibliotheca
844 871 988 932 Vaticana
1014 873 1124 948 publici

65 972 121 1044 juris
134 968 204 1028 locta
220 975 299 1029 sunt.
315 969 360 1028 Ex
371 969 428 1028 hac
441 985 473 1028 re
484 969 571 1028 modo
589 968 801 1047 recedentibus,
812 973 906 1047 magis
918 970 1030 1030 confert
1043 971 1123 1033 illius

66 1073 185 1126 occuram
200 1066 371 1145 decernere,
383 1067 463 1144 quod
480 1067 554 1128 bene
576 1067 817 1128 demonstrationi
835 1074 952 1128 nostrae
970 1071 1117 1146 congruit.

66 1165 152 1223 Nullihl
176 1181 321 1226 sacrarum
349 1164 566 1241 Scripturarum
586 1170 674 1243 juxta
697 1169 861 1225 versionem
884 1182 1021 1244 syrorum
1051 1169 1121 1226 sim-

66 1261 148 1338 plicem
176 1266 323 1342 occurrit,
356 1281 392 1324 ex
426 1281 485 1342 quo
517 1271 619 1324 auctor
652 1265 731 1324 illius
756 1266 848 1324 satius
873 1266 989 1324 decerni
1011 1267 1120 1342 possit,

64 1361 105 1418 nisi
125 1360 287 1439 Ephraemi,
319 1363 448 1439 ejusdem
471 1363 592 1423 scholiis
616 1363 844 1440 investigandis,
864 1363 971 1438 quibus
998 1362 1122 1438 simplex

64 1459 137 1517 versio
147 1461 274 1537 exsurgit
293 1461 422 1537 integra,
445 1467 474 1520 et
490 1467 577 1536 prout
594 1463 626 1518 in
640 1463 735 1520 sancti
748 1461 844 1519 Patris
865 1475 969 1518 munus
987 1457 1119 1518 devenit.

64 1555 135 1614 iliter
154 1565 246 1617 autem
259 1561 286 1618 si
300 1574 337 1618 ex
350 1558 499 1618 codicibus
520 1558 568 1617 vel
585 1557 776 1635 editionibus,
791 1575 867 1636 quae
884 1576 920 1618 ex
932 1557 988 1617 hnc
1007 1563 1124 1633 postero

64 1659 164 1730 tompore
180 1663 332 1733 congestae
347 1663 427 1733 sunt,
444 1659 606 1733 arguimus,
622 1659 652 1714 in
667 1673 794 1716 errorem
810 1656 896 1716 facile
906 1656 1074 1732 incidimus,
1088 1671 1124 1714 eo

63 1753 120 1827 quod
138 1756 311 1830 exemplaria
328 1757 384 1814 ista
403 1753 441 1814 ab
462 1755 598 1832 originali
618 1755 809 1832 decesserint,
826 1760 855 1814 et
876 1771 913 1813 ex
930 1753 1122 1831 Septuaginta

62 1853 168 1911 senione
193 1860 221 1914 et
247 1853 314 1913 aliis
335 1855 465 1930 graecis,
495 1854 542 1913 vel
569 1855 659 1913 etiam
681 1853 780 1913 latinis
802 1853 977 1913 editionibus
997 1852 1122 1927 simplex

62 1947 102 2006 hta
116 1949 195 2010 merit
213 1949 379 2011 emendata.
401 1952 488 2010 Nune
508 1957 605 2010 autem
623 1957 734 2011 eertum
755 1957 816 2028 est,
838 1951 917 2010 lacta
930 1953 1006 2009 inter
1025 1949 1121 2009 loede-

62 2047 193 2107 n'sveteris
204 2049 367 2127 hebraicos,
386 2053 516 2128 syriacos
540 2057 569 2109 et
588 2049 712 2126 Aquilae
731 2049 845 2108 codices
866 2049 1039 2124 collatione,
1060 2055 1122 2107 tam

62 2151 150 2204 amum
161 2147 333 2210 allinitatem
345 2149 460 2225 inspici,
480 2154 513 2208 ut
530 2148 588 2206 dici
607 2149 698 2224 possit
707 2162 844 2226 syrorum
861 2149 1004 2206 versionis
1022 2151 1121 2205 aueto-

62 2254 107 2300 rem
126 2245 326 2324 transtulisse,
349 2245 420 2306 adeo
444 2245 655 2322 utaliquando
676 2246 868 2306 hebraeorum
901 2244 1064 2321 vocabula,
1086 2260 1122 2303 ae

60 2337 164 2413 phrasim
178 2345 300 2404 vocibus
320 2347 443 2423 syriacis
465 2343 664 2421 descripserit,
684 2347 803 2404 omnino
822 2344 934 2420 modis,
953 2344 1000 2402 vel
1020 2344 1121 2419 phrasi

61 2435 153 2515 linguae
175 2445 339 2502 aremaicae
356 2443 568 2519 peculiaribus,
588 2445 713 2502 omissis.
737 2443 840 2516 Quivis
859 2457 996 2520 syrorum
1021 2441 1123 2518 lingua

60 2540 144 2610 peritus
160 2541 215 2601 hoc
232 2542 391 2600 discrimen
407 2543 503 2617 primo
520 2543 627 2600 intuitu
645 2544 777 2617 percipit.

87 2635 212 2716 Exempla
235 2641 336 2717 aliqua
356 2656 373 2700 e
391 2644 485 2700 suncti
502 2640 658 2718 Ephraemi
681 2641 897 2699 commentariis
926 2639 958 2696 in
975 2635 1121 2716 {Genesim

59 2743 195 2798 sumantur.
218 2739 322 2816 Capite
341 2741 436 2816 primo
456 2740 600 2800 Geneseos
622 2738 813 2798 hebraeorum
832 2743 931 2797 textus
949 2737 1022 2796 haec
1038 2737 1121 2796 exhi·

58 2828 105 2892 bet:
122 2837 328 2913 «inprincipio
342 2837 537 2899 creavitDeus
559 2843 669 2934 γἾΝΠ
683 2845 755 2904 ttrtt
769 2843 907 2902 bimum
924 2844 979 2902 me
1002 2833 1055 2896 tet
1066 2837 1120 2898 ho·

58 2935 173 3009 enaim,
190 2935 279 2995 vehet
298 2933 587 3037 bohorctm'iextus
598 2939 732 3015 syriacus
746 2936 819 2997 haee
836 2937 942 2997 habet:
963 2937 1024 2995 «In
1039 2938 1120 3012 prin·

57 3058 115 3134 cipio
133 3067 241 3124 creavit
265 3063 364 3124 Deus:
399 3031 459 3128 ssjl
480 3033 536 3116 bfo
562 3033 648 3124 lg*
670 3033 705 3113 λ’·
728 3067 781 3144 jot
804 3067 897 3142 smajo
922 3067 989 3144 ujot
1012 3061 1118 3126 herbo.

56 3157 143 3236 lqnia
161 3173 257 3226 autem
277 3170 366 3227 vertit
389 3171 435 3224 adr
452 3171 495 3223 τόν
519 3168 623 3242 οὐρανόν
640 3207 647 3233 ,
664 3170 710 3223 και·
726 3171 772 3223 σύν
798 3169 843 3228 τήν
859 3172 918 3241 γῆν.
933 3168 1012 3227 llaec
1029 3173 1121 3226 trans·

57 3257 110 3319 latio
126 3280 219 3325 nonne
238 3268 334 3325 cuivis
353 3268 444 3327 menti
462 3268 588 3344 explicat
612 3269 776 3343 interpretis
804 3269 990 3327 severitatem
1012 3265 1059 3324 vel
1071 3268 1120 3341 Ju-

56 3353 151 3420 ducam
167 3366 419 3442 superstitionem,
441 3367 492 3444 qui
509 3367 620 3426 veritus
639 3381 677 3426 ne
697 3382 715 3424 a
736 3371 819 3425 textu
839 3365 976 3442 originali
992 3365 1120 3440 particu-

56 3451 103 3514 lim
120 3474 168 3526 bs
191 3461 242 3522 het
268 3463 430 3540 subriperet
453 3463 531 3523 hanc
551 3467 583 3523 in
603 3467 725 3525 alteram
744 3465 876 3542 linguam
895 3461 1119 3539 uanslerendo,

55 3558 196 3620 versionem
210 3564 358 3640 syriacam
376 3569 406 3622 et
423 3566 624 3642 graecanicam
641 3581 798 3642 eorurnque
813 3564 942 3641 phrasim
967 3562 1121 3638 deturpare

55 3653 154 3734 nuuc,
174 3675 265 3736 quam
284 3662 438 3739 omittere,
453 3663 497 3721 uti
514 3668 577 3722 erat
590 3661 768 3722 laciendum.
783 3662 938 3721 Praeterea
955 3663 986 3720 in
1006 3660 1065 3719 iilis
1079 3676 1122 3718 se·

53 3752 188 3822 utentibus
198 3756 308 3835 verbis3
325 3783 338 3808 o
355 3759 392 3818 Et
411 3759 546 3820 tenebrae
559 3767 643 3821 erant
655 3776 741 3837 super
754 3760 859 3818 faciem
873 3760 983 3838 abyssi.
1000 3783 1012 3810 »
1027 3759 1120 3835 Aqui·

53 3843 76 3902 lt
90 3847 238 3914 dictionem
259 3859 345 3916 eram
365 3858 459 3933 rejicit
471 3861 560 3934 juxta
571 3857 730 3936 hebraeos,
746 3874 834 3935 quem
851 3857 1014 3918 Aramaeus
1028 3859 1117 3916 intar-

53 4003 107 4062 rs
127 4003 276 4077 sumna,
304 4002 469 4078 prumia
491 4003 582 4063 verno
603 3968 655 4062 10⁹0»
674 4003 733 4064 auo
755 4003 832 4080 mt,
860 4003 939 4080 quor
967 4017 1122 4062 emmone

54 4101 142 4182 tilde,
155 4115 183 4167 et
195 4113 364 4185 pracsertim
376 4111 599 4186 pleonasticum,
608 4112 640 4168 in
652 4125 790 4186 syrorum
803 4109 905 4186 lingua
916 4107 1050 4168 hahetur.
1066 4106 1121 4167 Pa·

76 4293 106 4354 li)
119 4297 207 4350 critica
222 4303 296 4354 saera
306 4303 423 4356 Richardi
433 4305 526 4356 Simon.
