3094 5184
559 383 716 434 ...57-

98 489 223 548 morolia
241 487 395 564 exhibent,
416 489 466 550 alii
481 505 549 550 vero
562 495 674 568 pariter
692 492 784 551 divini
798 491 896 552 lutura
910 492 1087 568 praedicant.
1103 493 1183 554 Idem

100 586 207 646 accidit
222 589 252 646 in
267 585 422 662 Scripturis
431 587 736 664 beatem-Canonicis,
747 589 817 648 dum
827 589 1074 666 aliaeprophetica
1082 589 1183 650 dieunt

102 685 212 744 mter-ae
227 687 357 760 priorum
375 692 455 761 gesta
472 693 612 763 narrant,
632 686 706 748 aliae
719 689 882 762 praesentia
895 695 1023 748 censent.
1039 689 1182 764 Ideoque,

101 789 134 842 ut
153 787 244 858 patet,
259 783 477 860 praevidentia,
499 800 591 860 neque
610 787 769 860 primaria,
791 802 884 862 neque
898 788 1060 846 necessaria
1076 787 1183 846 eonsti-

103 882 197 940 tuitur
220 887 290 940 nota
310 881 349 940 ad
372 881 440 940 libri
462 882 585 958 alicujus
612 883 792 959 probandam
812 884 1006 944 divinitatem.
1029 885 1183 944 Nihilomi·

7 997 9 1026 ι
103 994 178 1055 nas,
199 977 286 1038 modo
303 979 440 1054 probetur
459 979 554 1040 biblia
571 981 696 1042 Deutera
714 981 899 1058 prophetias,
920 985 1006 1042 sicuti
1024 983 1182 1043 Proto-Ca·

102 1078 227 1151 nonies,
250 1078 415 1153 continere,
437 1077 542 1153 qulbus
564 1078 666 1138 divina
688 1078 823 1139 truantur
843 1083 1022 1168 auctoritate.

141 1175 178 1232 In
192 1173 396 1234 additamentis
410 1174 514 1236 Esther
530 1174 568 1251 (t)
583 1218 593 1252 ,
611 1175 800 1236 Mardochaei
819 1178 942 1254 legimus
959 1181 1103 1238 somnium
1121 1197 1184 1255 pro-

102 1269 252 1347 pheticum
271 1270 308 1330 de
329 1274 414 1348 gravi
433 1271 531 1348 populi
552 1273 641 1333 Israel
662 1273 807 1349 periculo,
829 1274 920 1350 deque
940 1291 1041 1334 eorum
1066 1275 1180 1353 salute,

7 1369 8 1378 ’
102 1372 147 1430 uti
167 1375 288 1430 eventus
308 1371 444 1446 prodidit.
466 1371 501 1432 In
521 1371 595 1432 libro
616 1371 778 1448 Sapientiae
799 1373 837 1449 (a)
860 1373 968 1434 Christi
980 1375 1182 1452 Redemptoris

7 1485 14 1522 ι
102 1469 201 1544 passio
223 1469 419 1558 praedicitur,
445 1472 531 1531 sicuti
548 1471 648 1547 judaei
676 1473 708 1530 in
734 1471 894 1548 Evangelio
917 1472 1017 1532 lesum
1043 1481 1181 1550 negantes

102 1563 308 1641 impleverunt.
339 1567 430 1627 Casus
457 1567 586 1650 Ninive,
612 1568 802 1628 hebraeorum
831 1569 940 1630 reditus
967 1587 983 1630 e
1015 1574 1182 1647 captivitate

8 1665 11 1674 ⁸
101 1663 258 1724 traduntur
268 1681 288 1724 a
298 1663 390 1724 Tobia
402 1680 471 1726 sene
483 1681 582 1726 coram
596 1665 734 1726 filiosuo.
750 1667 852 1726 Nonne
863 1667 987 1745 Spiritus
996 1669 1181 1745 propheticus

100 1761 200 1820 illamit
218 1760 330 1820 Danieli
351 1762 410 1838 (a),
431 1779 498 1822 curn
518 1763 664 1822 seniorum
684 1764 773 1823 lsrael
794 1767 956 1841 impietates
972 1765 1137 1844 redarguit,
1152 1772 1182 1826 et

7 1869 9 1874 ·
101 1857 252 1918 susannae
271 1862 466 1920 innocentiam
484 1868 657 1938 propugnat.
683 1861 797 1921 baruch
817 1863 853 1922 de
873 1862 981 1923 Christi
998 1863 1068 1924 Jesu
1086 1867 1181 1924 incar·

101 1959 221 2016 natione
240 1957 331 2016 dixit:
359 1981 372 2008 a
386 1958 456 2018 Post
477 1959 549 2018 haec
567 1961 598 2018 in
617 1962 702 2018 terris
717 1962 797 2019 visus
811 1968 875 2036 est,
889 1967 918 2020 et
931 1977 998 2021 cum
1011 1962 1180 2023 hominibus

7 2065 15 2110 t
102 2061 292 2114 conversatus
312 2061 396 2114 est.»
419 2055 456 2114 Et
476 2056 533 2114 alia
549 2054 716 2132 hujusmodi
735 2059 766 2114 in
787 2059 851 2116 aliis
871 2058 972 2118 Bibiiis
985 2057 1128 2118 Deuteris.

7 2217 8 2222 γ
143 2151 247 2226 Quoad
266 2153 423 2228 miracula,
445 2155 476 2212 ln
496 2152 644 2228 Scriptura
663 2152 771 2213 Tobiae
789 2153 919 2214 conferta
932 2156 1068 2232 leguntur
1086 2198 1095 2230 ‚
1118 2158 1179 2216 An-

8 2267 10 2273 ’
103 2248 162 2326 gell
175 2265 279 2325 nempe
295 2249 451 2326 Baphaells
470 2253 630 2328 apparitio,
650 2254 780 2312 incessus
797 2254 926 2328 ejusdem
939 2269 1005 2314 eum
1021 2252 1131 2328 Tobia,
1152 2257 1181 2314 et

103 2345 254 2406 memoris
273 2347 448 2424 profligatio.
484 2349 519 2408 ln
538 2348 657 2410 Daniele
687 2353 795 2410 nurum
825 2349 963 2410 Habacue
986 2339 1180 2428 'Babyloniam

102 2445 178 2519 lter3
197 2447 274 2522 ignis
294 2462 432 2506 accensus
446 2446 501 2506 suh
514 2446 654 2510 Nehemia
675 2449 726 2524 (4),
748 2449 784 2508 In
813 2449 915 2508 Judith
938 2448 1104 2524 prodigiosa
1127 2449 1181 2508 Be·

7 2575 15 2619 ,3
104 2541 215 2602 thaliae
238 2542 338 2619 salus,
360 2543 474 2620 aliaqrre
487 2546 620 2605 miranda
639 2548 670 2604 ln
690 2545 935 2606 Machabaeorum
959 2544 1051 2604 libris.
1074 2544 1181 2604 Divina

103 2642 230 2698 essentia
250 2641 358 2716 ubique
377 2641 537 2700 Bibliorum
561 2642 751 2702 Deuterorum
775 2641 911 2719 objicitur
940 2641 1055 2701 inlinita
1082 2657 1180 2718 quem·

105 2737 262 2798 admodum
276 2741 381 2800 docent
392 2739 651 2802 Proto-Canoniea.
670 2741 762 2806 Deum
777 2742 855 2803 orbis
869 2748 1044 2818 creatorem,
1066 2758 1179 2817 unum,

8 2876 20 2910 t,
99 2838 237 2912 justum,
262 2839 363 2914 pium,
388 2853 547 2915 magnum,
577 2845 725 2900 aeternum
750 2846 779 2898 et
802 2840 938 2899 omnibus
965 2839 1179 2914 praevalentem

8 2901 20 3009 [g
102 2933 273 3008 praedicant
280 2934 398 3012 Tobios,
416 2935 535 3012 iudith,
553 2937 667 3013 Esther,
684 2938 833 3013 Susanna,
848 2936 979 3013 Baruch,
997 2937 1178 3012 Sapientiae,

102 3037 131 3090 et
151 3031 344 3092 Ecclesiastiei
363 3039 494 3094 auctores
517 3049 552 3092 ao
572 3034 802 3110 Machabaeittl.
824 3033 926 3107 Quoad
942 3034 1064 3110 cultum,
1079 3049 1179 3094 omnes

8 3168 19 3208 :
99 3130 184 3188 citati
204 3127 271 3188 iibri
292 3130 441 3190 vindicant
460 3131 539 3190 illius
558 3135 731 3208 puritatem,
753 3133 831 3191 idola
851 3131 1071 3206 abominantur,
1093 3147 1128 3189 ac
1148 3133 1179 3190 in

12 3298 17 3307 1
102 3226 240 3286 omnibus
259 3227 477 3288 tranformantur
490 3231 581 3288 saeris
595 3230 707 3306 Moysis
725 3231 884 3305 institutis,
899 3235 933 3288 ut
945 3231 1049 3304 cuique
1062 3226 1179 3286 obviam

102 3325 138 3384 lit
157 3324 224 3384 illos
238 3325 360 3402 legenti3
380 3329 540 3403 quinimmo
553 3330 585 3386 in
598 3327 700 3386 Bibiiis
713 3327 844 3386 Dantem
858 3327 927 3386 hino
953 3325 1021 3386 inde
1050 3324 1179 3386 aemula·

13 3490 19 3504 Ι
102 3424 146 3481 tio
164 3425 321 3499 percipitur
341 3427 371 3484 in
393 3425 503 3500 legibus
524 3427 658 3484 mosaicis
678 3425 846 3500 servandis,
865 3423 943 3502 qaod
960 3425 1179 3500 congruentiam

10 3559 19 3604 5
101 3520 258 3596 Priorum,
279 3527 308 3580 et
324 3522 513 3583 Deuterarum
534 3522 746 3600 Scripturarum
761 3523 886 3582 ostendit
902 3522 952 3599 (6).
968 3521 1051 3581 Circa
1064 3537 1178 3580 morum

101 3617 351 3695 moderationem,
373 3627 401 3679 et
421 3623 588 3697 caritatem,
609 3623 684 3680 inter
704 3621 777 3680 alios
797 3619 927 3679 conferas
947 3621 1073 3678 maxime
1090 3619 1180 3678 libros

102 3712 311 3793 Ecclesiaste,
333 3715 496 3793 Sapientiae
510 3725 539 3777 et
551 3718 669 3778 Tobiae.
693 3719 824 3778 'landem
844 3719 958 3778 anianae
976 3717 1179 3784 immortalitas

101 3815 192 3874 sicuti
211 3817 321 3874 eruitur
333 3818 365 3874 in
384 3815 466 3874 libris
486 3814 751 3892 Proto-Canonicis,
772 3819 901 3876 sancitur
921 3832 1036 3892 quoque
1054 3817 1085 3874 in
1105 3816 1179 3875 Deu-

9 3961 15 4000 β
101 3913 187 3971 teris.
204 3912 310 3971 Tobiae
327 3911 410 3972 docet
423 3912 504 3972 illam
522 3929 585 3971 esse
601 3913 808 3989 expectandam
826 3913 941 3974 errabis
956 3916 1066 3990 vitam,
1089 3929 1178 3990 quarn

9 4057 14 4094 ²
134 4079 169 4142 (1)
195 4081 281 4130 muner
299 4082 484 4132 amaea
500 4081 530 4129 ιι.
544 4084 567 4130 ι.
580 4104 610 4116 -
632 4079 907 4142 (atsap.e.11.12.-
931 4079 964 4142 (a)
980 4082 1042 4128 um.
1067 4091 1089 4127 c.
1103 4081 1171 4128 ιιιιι.

9 4159 11 4194 ι
105 4158 256 4221 -(a)oan.
279 4173 301 4209 o.
314 4163 378 4210 xrv.
391 4163 415 4210 et
425 4168 447 4210 2.
459 4163 521 4210 rrae.
543 4165 698 4210 c.1.ao.-
719 4157 1020 4220 latrunculorum.
1046 4161 1110 4208 ev.
1124 4161 1174 4208 ast.
1291 4145 1294 4150 '

104 4253 130 4288 e.
144 4241 211 4289 lllll.
234 4242 289 4290 Bar.
302 4253 323 4290 e.
339 4242 383 4289 ill.
404 4243 467 4289 Dan.
488 4254 510 4289 c.
526 4243 591 4289 xlll.
614 4241 639 4288 et
651 4246 674 4288 2.
686 4241 748 4287 blac.
762 4252 784 4288 o.
796 4241 851 4289 Vll.
864 4265 894 4276 -·
917 4239 951 4301 (t)
962 4239 1022 4289 Tob.
1044 4253 1065 4286 o.
1079 4239 1099 4288 I.
1121 4237 1178 4290 lad.

103 4320 161 4368 xil.
183 4320 251 4368 Eeih.
274 4333 296 4368 c.
310 4322 365 4370 lllV
397 4323 452 4370 lice.
466 4333 487 4368 c.
502 4321 610 4370 xxxvl.
624 4320 648 4368 et
659 4320 720 4370 blac.
732 4330 754 4366 o.
767 4320 808 4368 lV.
