3094 5184
844 426 1023 482 ——100—

784 636 1012 700 ruouosmo
1032 635 1083 699 v1.
1158 721 1160 726 Ι

395 835 442 896 De
462 833 609 898 codicibus
635 838 766 914 antiquis
789 837 1012 915 Scripturerum
1037 853 1193 915 eorumque
1219 837 1389 921 sanatio,
1406 847 1429 908 ia

434 949 629 1011 quoecumque
650 933 768 1012 liupana
790 935 952 994 transactae
976 938 1058 1014 aptae
1082 934 1235 1014 humitis,
1260 943 1322 1000 aaa
1338 940 1430 1005 latmi

435 1033 562 1092 aetatem
572 1074 582 1106 ‚
605 1031 658 1091 ubi
676 1031 824 1112 descripto
843 1037 915 1094 sant
932 1031 1036 1094 Bittio
1057 1033 1345 1098 Dentato-Comatae.

434 1231 463 1307 s.
490 1230 516 1290 I.
543 1229 733 1291 Monumeutu
756 1232 885 1291 sincerae
905 1230 1070 1292 traditionis
1095 1229 1299 1293 ecclesiastem
1320 1233 1353 1294 ai
1372 1233 1433 1296 ilion

395 1317 644 1408 comprobandum
666 1327 782 1390 concilii
798 1327 950 1390 tridentini
967 1328 1115 1400 Cononem
1135 1335 1164 1390 et
1183 1329 1352 1391 divinitatem
1367 1332 1432 1393 libro

396 1441 462 1488 rum
480 1425 671 1488 Deuterorum
690 1428 796 1488 veteris
809 1427 1007 1506 testamenti,
1028 1431 1114 1490 sieuti
1134 1429 1225 1490 attera
1238 1429 1318 1491 Pane
1332 1430 1434 1492 dutum

398 1521 632 1606 explicavimus,
652 1525 724 1588 tatia
747 1542 810 1586 sese
833 1525 999 1604 habebunt,
1020 1532 1054 1588 nt
1075 1528 1230 1604 scriptores
1251 1530 1352 1606 antiqui
1365 1529 1390 1588 in
1404 1543 1435 1590 re

396 1623 452 1684 bus
474 1623 621 1684 Ecclesiae
642 1623 873 1701 pertractandis,
894 1632 980 1701 prout
1002 1639 1074 1701 opus
1099 1631 1181 1703 erut,
1208 1631 1237 1685 et
1259 1626 1372 1703 subiecto
1390 1641 1433 1686 ua·

396 1725 483 1784 testes
501 1722 723 1798 exposnrlabet,
744 1721 794 1782 aiii
809 1738 846 1782 ex
862 1721 909 1787 his
922 1721 1077 1799 Seripmris
1091 1724 1263 1784 advesarius
1285 1725 1432 1802 tennerit,

401 1821 453 1881 aiii
471 1827 619 1898 praeterea
645 1821 682 1882 de
696 1821 837 1881 librorum
852 1837 961 1900 censu,
983 1839 1017 1882 ac
1036 1822 1129 1883 titulis
1149 1823 1321 1883 mentionem
1337 1819 1436 1898 feoda,

403 1920 487 1980 atteri
507 1935 577 1980 vero
596 1917 740 1998 siluerint,
764 1936 817 1980 nee
840 1936 914 1998 pro,
940 1937 1033 1998 neque
1059 1927 1161 1980 contra
1182 1919 1297 1981 iliarum
1317 1922 1436 1982 unemun-

396 2023 457 2080 tem
481 2018 665 2080 disserentes.
692 2017 748 2078 Sed
772 2024 979 2094 monumenta,
1008 2035 1082 2097 quae
1106 2020 1155 2080 hic
1178 2021 1330 2080 ordinatim
1351 2021 1436 2078 mudu-

395 2121 524 2194 navero,
547 2115 715 2194 hujusmodi
731 2116 870 2192 praebent
888 2123 1060 2194 argumenta
1077 2119 1228 2195 veritatis,
1245 2124 1278 2178 ut
1292 2115 1386 2178 dauni
1396 2133 1436 2176 nou

398 2215 529 2292 possint,
556 2216 613 2274 uisi
637 2215 700 2291 ipsa
721 2221 910 2274 monumenta
933 2213 1141 2291 destruantur3
1168 2233 1241 2276 num
1264 2215 1356 2276 eudem
1374 2219 1435 2289 snut,

399 2329 474 2394 qnae
495 2330 513 2374 e
531 2313 666 2376 manibus
690 2318 876 2393 antiquorum
897 2323 1087 2394 emanarunt,
1109 2315 1241 2378 calamus
1260 2317 1332 2376 idem
1348 2319 1437 2376 testetur

398 2419 525 2474 veterem
539 2411 737 2491 Scriptnrem,
758 2421 788 2473 et
805 2430 856 2491 per
877 2430 909 2474 se
923 2414 1062 2492 loquitur.
1087 2415 1289 2492 Manuseriptu
1305 2411 1437 2486 Bibliorum,

397 2527 449 2572 seu
467 2513 655 2591 versionum,
676 2528 805 2590 quaeest
822 2529 882 2574 nna
901 2513 938 2574 ad
956 2514 1077 2574 alteram
1091 2513 1226 2594 linguam
1243 2511 1438 2586 conteneant,

396 2617 427 2671 et
443 2612 476 2671 tn
495 2611 600 2690 quibus
622 2611 783 2690 descriptae
804 2611 1105 2674 Dauara-Canentem
1119 2612 1285 2689 scripturae
1301 2607 1438 2672 vsterlsioe
1490 2647 1491 2692 ,

397 2707 496 2788 deris,
517 2709 601 2770 nobis
623 2713 765 2772 testantur
786 2725 896 2788 usum,
917 2710 1129 2788 conditionem,
1151 2727 1187 2772 uc
1207 2711 1323 2770 illerum
1337 2709 1438 2786 prestun,

399 2821 457 2884 quo
476 2807 509 2866 in
529 2805 597 2868 orbe
617 2806 776 2868 christiano
795 2824 814 2869 u
831 2809 934 2884 priscis
953 2808 1133 2884 temporibus
1151 2811 1320 2870 aestimatae
1331 2801 1440 2868 fremit

397 2903 470 2965 haee
489 2911 558 2966 sunt
577 2921 700 2983 revera,
720 2906 757 2966 de
776 2905 883 2983 quibus
901 2903 975 2966 mihi
995 2906 1051 2968 hoe
1070 2909 1101 2967 iu
1120 2904 1185 2967 loeo
1202 2921 1360 2968 sermonen
1372 2902 1439 2963 tuere

397 3003 495 3063 visum
515 3008 570 3063 est.

438 3101 468 3178 s.
491 3099 530 3162 11.
552 3099 672 3162 cnotees
693 3102 824 3162 anddsm
844 3101 947 3182 tingue
968 3103 1094 3164 hebraea
1112 3109 1270 3181 exaratos,
1291 3107 1319 3164 et
1333 3101 1441 3180 praesen

395 3200 464 3262 iisse
482 3197 573 3259 libros
592 3198 749 3260 nonnullos
767 3198 928 3278 Deuteros,
948 3204 1031 3262 testis
1056 3207 1100 3262 est
1118 3201 1333 3280 Hieronymus,
1350 3195 1436 3275 prinii
1488 3229 1489 3260 r

396 3315 430 3360 se
448 3298 557 3360 tibrum
578 3295 700 3375 Siraeh,
721 3305 752 3359 et
769 3299 897 3375 primum
917 3297 1163 3360 Machabaeorrun
1184 3301 1325 3377 reperisse
1342 3293 1442 3356 horna

398 3398 543 3474 scriptos3
564 3399 593 3456 et
613 3395 671 3456 hoe
692 3395 763 3458 dicit
784 3397 816 3456 in
837 3397 964 3475 Prologo
985 3397 1126 3477 eatan,
1147 3403 1178 3460 et
1195 3397 1370 3476 praefatione
1384 3393 1408 3450 iu
1420 3389 1442 3448 i·

397 3492 467 3555 bros
490 3493 665 3556 Salomonis.
686 3494 726 3554 ili
749 3501 848 3556 tumen
871 3494 985 3556 codices
1003 3495 1042 3554 nd
1060 3501 1191 3556 nostram
1209 3512 1272 3556 non
1287 3489 1443 3572 pervenerunt

400 3598 535 3654 nantem
555 3591 717 3672 Supersunt
732 3609 849 3672 qnoqrre
864 3593 924 3654 dno
941 3592 1119 3671 exemplaria
1136 3593 1263 3654 hebraea
1276 3591 1342 3652 libra·
1354 3586 1442 3656 Tobiae·

398 3690 451 3751 sed
472 3692 586 3777 unitum
605 3695 760 3754 vemsteus
782 3693 923 3754 indicium
944 3692 1116 3770 proteruut;
1141 3691 1230 3752 ambo
1251 3692 1329 3751 enim
1345 3689 1443 3747 mersi

398 3787 571 3866 dimouaut,
592 3796 622 3850 et
642 3807 679 3852 ex
700 3791 799 3852 anuis
820 3797 851 3852 et
871 3793 983 3869 graecis
1005 3790 1181 3852 editionibus
1208 3787 1342 3850 adaucta
1367 3783 1402 3844 itt
1415 3777 1444 3837 hii

398 3885 466 3947 vide
487 3886 627 3948 numum
646 3896 677 3950 ot
699 3887 811 3950 Caimci
835 3891 867 3949 in
890 3889 1023 3950 Tobiam.

438 3983 467 4060 s.
489 3983 544 4044 111.
566 3984 651 4046 Circa
671 3990 835 4048 versionem
857 3987 1020 4048 Bibliorum
1039 3988 1152 4066 osyris
1173 3985 1348 4058 comtum,
1366 3980 1441 4038 nenn-

399 4080 471 4143 dum
495 4089 540 4144 est
563 4082 694 4163 linguam
719 4086 901 4148 chaldaicam
923 4131 932 4166 ,
958 4092 988 4147 et
1012 4089 1159 4165 syriacam
1181 4101 1274 4146 uuam
1297 4088 1326 4142 et
1346 4072 1445 4138 eamdtffl

398 4195 473 4241 asse.
502 4179 631 4242 Tantum
654 4199 725 4244 vero
750 4186 889 4246 asseritur
915 4187 1062 4264 syriacam
1082 4201 1101 4245 a
1120 4182 1262 4244 chaldaea
1287 4179 1445 4248 distetis0⁰

396 4277 477 4356 quod
495 4277 664 4342 chdddeus
686 4297 803 4360 sermo,
823 4299 876 4344 seu
897 4282 1107 4361 babylonicus,
1122 4281 1239 4359 lingum
1253 4281 1345 4340 servet
1362 4271 1444 4350 imm·

397 4379 457 4438 tem
477 4381 540 4441 ium
561 4379 629 4442 stilo
649 4424 659 4460 ,
679 4385 743 4448 tum
765 4380 852 4443 modo
874 4381 1019 4461 tegendi,
1045 4381 1194 4461 syriacum
1214 4394 1286 4440 vero
1306 4371 1441 4451 deuvidis
1483 4341 1484 4405 ¹
