3070 5180
415 916 870 1001 AUDITORIBUS.

521 1260 757 1277 -qp-—n--n

161 1835 334 1916 Vanmas
363 1863 470 1934 una,
509 1853 671 1914 aeterna
688 1883 706 1934 ,·
737 1834 1022 1934 immutabilis,
1064 1835 1175 1914 Deus

99 1971 213 2077 ipse,
235 1969 359 2048 rebus
386 1968 575 2048 omnibus
597 1995 619 2047 e
642 1969 770 2047 nihilo
793 1969 959 2067 creatis,
977 1969 1081 2048 inter
1099 1995 1178 2048 eas·

98 2101 193 2181 dem
219 2102 425 2181 hominem
448 2101 523 2180 sibi
552 2101 670 2207 elegit
696 2129 859 2199 carum,
894 2119 934 2180 et
959 2099 1010 2180 ad
1038 2100 1177 2208 imagi-

100 2262 196 2314 nem
219 2263 332 2314 suam
352 2235 500 2314 creavit
519 2263 636 2332 eum;
663 2251 702 2313 et
725 2234 801 2342 ipsi
822 2231 1055 2341 inspirando
1079 2233 1178 2312 flatu

100 2369 183 2448 oris
202 2370 292 2466 sui,
323 2368 495 2446 animam
519 2368 650 2466 illius,
679 2385 725 2445 ut
748 2367 791 2445 in
814 2366 1087 2446 aeternitatem
1107 2393 1178 2473 pa-

103 2502 199 2580 riter
220 2502 399 2601 viveret,
437 2502 637 2581 exaltavit.
672 2501 817 2580 Totius
848 2501 1013 2607 insuper
1034 2497 1177 2579 mundi

104 2631 421 2733 dominatorem,
447 2636 594 2718 ceteris,
614 2634 854 2713 animalibus
884 2651 1175 2742 praestantem,

105 2769 335 2866 constituit,
359 2786 482 2877 atque
505 2769 612 2848 illius
632 2766 744 2848 cordi
768 2766 915 2848 indidit
934 2769 1065 2875 leges,
1092 2767 1179 2875 qui·

105 2900 180 2979 bus
199 2902 370 2982 creatori
393 2929 466 2981 suo
497 2899 684 2981 subditus
708 2901 838 2999 foret,
871 2919 911 2981 et
936 2901 1178 3009 obsequere·

105 3049 183 3112 tur.
213 3034 443 3113 Creaturam
466 3036 579 3114 istam
602 3035 715 3114 alteri
734 3033 911 3142 ejusdem
935 3053 1102 3114 naturae
1121 3059 1179 3112 so

106 3167 272 3264 oiatam,
304 3167 497 3276 aquibus
517 3170 737 3248 humanum
768 3165 920 3276 prodiit
948 3195 1097 3274 genus,
1127 3164 1180 3243 Ο

108 3301 334 3408 mnipotens
347 3301 391 3378 in
402 3301 554 3380 mundo
569 3301 793 3400 collocavit,
805 3328 870 3382 eas
883 3327 1006 3378 manu
1018 3327 1092 3408 per
1105 3315 1178 3378 ten

109 3459 168 3511 ras
194 3430 389 3531 deduxit,
416 3411 570 3514 ut⁸illas
595 3434 840 3532 incolerent3
867 3434 960 3512 istas
979 3433 1178 3512 societatis

110 3565 267 3644 vinculo
284 3567 447 3674 junxit,
480 3585 520 3646 et
543 3568 647 3647 inter
678 3567 774 3646 alias
807 3567 1040 3664 facultates,
1076 3593 1178 3674 quas

110 3697 164 3775 eis
180 3697 355 3805 benigne
375 3700 601 3807 impertitus
621 3718 679 3780 est
702 3699 753 3780 ad
775 3703 853 3784 hoc
876 3700 1083 3778 vinculum
1106 3715 1178 3778 sta·

110 3827 354 3930 biliendum,
380 3832 539 3941 linguae
558 3831 667 3913 dono
685 3832 847 3931 ditavit,
871 3861 956 3941 quo
976 3859 1097 3914 sonos
1113 3831 1179 3911 ali·

112 3991 210 4070 quos
238 3965 347 4073 ipsae
376 3967 629 4066 emitterent,
660 3993 796 4046 secum
823 3985 966 4047 mutuo
994 3964 1178 4076 proprias

111 4097 366 4204 cogitationes
398 4100 707 4206 participarent,
735 4119 775 4181 et
805 4101 887 4180 suis
909 4099 1177 4218 satisfacerent

113 4229 256 4308 usibus.
