3070 5180
548 391 588 406 ...-
608 369 646 422 43
668 393 709 404 .-

103 486 151 538 cm
166 480 196 537 in
216 479 281 538 suis
298 477 412 554 seriptis
429 477 556 538 occurrit
576 481 685 538 mentio
706 477 743 537 de
760 476 857 555 libris,
878 456 928 556 quii
949 495 1068 556 prorsus
1080 490 1164 544 extra

103 577 237 636 canonem
251 577 478 657 ecclesiasticum
495 577 711 652 existimantur,
723 581 752 634 et
764 575 802 634 ab
814 576 949 637 omnibus
962 579 1163 658 reprobantur,

102 673 184 732 llilrlia
198 669 373 752 apocrypha
389 675 531 748 noninat,
545 675 746 732 verumetiam
756 671 853 732 addit:
873 672 930 732 «Et
949 677 1000 750 qui
1012 675 1051 734 ab
1071 679 1164 736 omni-

99 772 144 832 lrus
157 769 339 847 rejiciuntur.
359 796 371 822 υ

129 869 215 930 Nobis
227 872 319 930 etiarn
333 869 543 929 advertendum
556 874 601 928 est
611 884 718 927 nomen
737 865 945 941 ψιυδεπίγραφον
960 866 1043 946 salso
1060 873 1164 930 laseri·

96 970 189 1044 ptum,
207 967 291 1044 quod
303 967 499 1046 Hieronymus
509 967 584 1026 libro
596 965 759 1042 Sapientiae
772 973 802 1026 et
817 967 932 1056 Baruch
948 967 1103 1045 Epistolae,
1116 973 1164 1030 vel

99 1067 249 1127 Hieremiae
261 1067 475 1144 concedit,llbri
485 1067 651 1127 auctoritati
662 1083 723 1126 nou
740 1065 866 1145 officere,
876 1069 1056 1130 solummodo
1067 1077 1165 1132 autem

99 1167 165 1226 illius
184 1163 353 1244 Scripturae
373 1168 504 1244 auctori,
521 1163 557 1226 de
575 1182 652 1242 quo,
672 1167 759 1225 sicuti
780 1167 816 1226 de
838 1167 924 1244 allis,
946 1169 1051 1244 quibus
1071 1170 1165 1230 Biblia

98 1263 232 1324 canomoa
252 1267 394 1342 inscripta
413 1271 502 1341 sunt,
527 1262 663 1342 synodus
686 1264 842 1324 tridentina
868 1265 942 1324 nihil
959 1266 1108 1343 decrevit,
1128 1268 1166 1327 da

99 1359 155 1418 lilrrl
180 1361 335 1422 divinitate
355 1363 452 1446 potius
472 1361 596 1420 sollicita
616 1377 705 1438 quam
728 1363 944 1440 instrumentis,
964 1363 1069 1440 qulbus
1087 1365 1166 1424 Deus

99 1471 157 1516 usus
176 1457 266 1518 luerit
284 1460 322 1519 ad
340 1459 470 1518 homines
491 1458 775 1518 suamvoluntatem
788 1459 959 1520 edocendos.
1178 1521 1182 1530 ,

133 1554 213 1614 Nunc
236 1562 337 1624 autem
353 1561 509 1632 supersunt
521 1553 728 1632 expendurda,
743 1571 818 1631 quae
835 1571 916 1618 sacer
935 1558 1077 1634 interpres
1095 1559 1166 1618 scri·

100 1653 148 1726 psit
163 1654 193 1711 ln
213 1653 384 1714 Danielem:
410 1677 423 1704 o
439 1653 519 1713 Haec
539 1653 647 1712 idcirco
675 1653 787 1730 refero,
810 1660 845 1713 ut
864 1653 1065 1714 diiilcultatem
1082 1655 1166 1714 vohis

100 1747 213 1809 llanlelis
236 1751 439 1828 ostenderem,
462 1753 513 1828 qui
532 1751 610 1826 apud
636 1749 795 1827 hebraeos,
826 1767 880 1810 nec
908 1750 1057 1811 Susannae
1079 1751 1167 1810 habet

100 1843 260 1925 historim,
282 1865 337 1908 nec
361 1849 505 1926 hymnum
517 1850 606 1907 nium
623 1865 790 1924 puerorum,
810 1865 865 1908 nec
894 1849 956 1908 Beli
977 1850 1167 1924 draconisque

101 1941 215 2023 fabulas,
236 1963 313 2022 quas
325 1953 447 2006 nosetc.
467 1969 479 1997 o
503 1945 682 2006 Sententiam
693 1945 771 2004 hanc
781 1947 845 2005 aliis
856 1945 952 2006 verbis
966 1945 1068 2005 doctor
1079 1946 1167 2021 paulo

101 2049 164 2120 pust,
177 2046 329 2122 sigillatim
342 2046 482 2108 dictiones
501 2045 586 2098 σκίνου
606 2051 636 2104 et
654 2045 739 2117 reflare
762 2051 924 2122 scrutatus,
941 2046 1106 2106 moderatur
1125 2049 1168 2104 in·

103 2141 208 2218 quem,
228 2143 266 2202 ob
287 2143 431 2204 voeabula
450 2147 508 2204 ista
524 2144 663 2203 hebraeos
681 2143 758 2204 hanc
776 2145 929 2218 pericopen
946 2158 983 2201 ex
998 2159 1099 2202 eorum
1111 2143 1166 2202 (la-

103 2252 167 2297 mne
182 2257 338 2318 respuere,
359 2259 426 2302 eum
445 2259 462 2302 e
478 2259 581 2320 graeca
592 2243 704 2318 origine
714 2239 863 2300 derivant:
885 2265 898 2291 α
913 2241 951 2300 Et
966 2256 1020 2298 nos
1031 2255 1167 2315 cogemur

105 2335 137 2392 tit
154 2341 301 2415 assentiri,
322 2342 418 2399 sinon
436 2340 523 2400 fuerit
541 2342 661 2399 inventa
676 2355 714 2398 ex
727 2337 859 2398 hebraeis
878 2337 1073 2414 etymologia3
1089 2335 1167 2412 quod

104 2433 191 2508 siquis
208 2437 368 2496 ostenderit
377 2437 502 2497 duarum
515 2439 638 2496 istarum
652 2435 789 2496 arborum
810 2437 975 2511 scissionis,
988 2440 1018 2492 et
1031 2435 1167 2494 sectionis

106 2527 130 2584 in
145 2529 262 2593 hebraeo
284 2540 361 2594 stara
376 2535 600 2612 etymologiam,
622 2539 692 2594 tune
712 2533 871 2610 poterimus
883 2533 973 2591 etiam
987 2530 1166 2606 Scripturam

106 2628 222 2702 tcclpere.
242 2656 255 2683 n
281 2631 420 2708 inspiciat
435 2635 531 2709 quivis
553 2637 695 2708 quantum
720 2631 926 2690 moderationis
944 2644 1014 2705 prae
1035 2629 1100 2687 aliis
1114 2626 1166 2687 ha·

107 2719 178 2783 heom
197 2719 274 2788 inse
293 2731 349 2788 ista
365 2729 465 2806 verba,
478 2729 549 2788 dum
567 2731 658 2789 trium
677 2745 774 2788 rerum
790 2727 960 2803 difficultas,
979 2741 1053 2802 quae
1067 2741 1085 2783 a
1097 2724 1166 2783 Hie·

106 2832 211 2897 rcuymo
222 2827 254 2883 in
268 2826 447 2902 praefatione
460 2830 579 2903 junctae
596 2831 679 2902 sunt,
691 2828 723 2884 in
740 2824 853 2891 duobus
865 2823 962 2883 verbis
979 2821 1028 2882 hic
1051 2828 1166 2880 tantum

108 2919 241 3000 walterae
257 2925 383 3001 denique
403 2927 435 2984 in
449 2925 508 2984 ime
530 2924 616 3002 hujus
633 2923 701 2982 libri
723 2921 817 2982 addit:
837 2947 850 2974 «ι
867 2920 898 2980 Si
917 2922 982 2997 qtris
1000 2925 1097 2979 autem
1114 2935 1166 2995 po·

108 3019 180 3077 tuerit
196 3035 260 3080 eam
282 3021 441 3099 adprobare
449 3037 512 3082 esse
533 3022 569 3082 de
585 3021 713 3097 canone,
729 3027 799 3080 tunc
816 3018 1013 3095 quaerendum
1029 3015 1166 3092 estquod

110 3114 130 3170 tl
140 3120 305 3192 respondere
324 3120 490 3180 dammas.
510 3144 522 3171 r
546 3119 641 3197 Hujus
658 3135 727 3180 vero
744 3119 893 3194 pericopae
908 3117 1034 3190 ratione,
1053 3120 1083 3172 et
1095 3113 1166 3172 alla·

110 3223 176 3289 rum,
189 3233 262 3292 quae
276 3219 308 3276 in
327 3216 402 3278 libro
418 3217 546 3276 Danielis
559 3215 806 3277 Proto-Canonico
819 3229 879 3272 non
890 3212 1042 3288 leguntur,
1057 3210 1167 3286 disqui-

111 3309 226 3372 sitionem
246 3315 406 3375 admodum
424 3321 599 3392 opportune,
617 3331 691 3390 quae
705 3315 780 3372 inter
799 3311 1009 3386 Hieronymum
1029 3314 1058 3366 et
1075 3307 1169 3366 Rulli·

112 3417 169 3466 ttm
194 3411 229 3471 de
256 3413 365 3472 eisdem
386 3415 529 3472 concitata
548 3412 625 3488 fuit,
648 3425 806 3488 proponere
832 3408 983 3482 existim03
1004 3404 1040 3464 de
1059 3421 1118 3480 qua
1138 3409 1168 3464 et

112 3497 237 3568 Ecclesiae
257 3510 376 3569 traditio
389 3509 426 3568 de
445 3515 615 3586 argumento
629 3514 744 3583 nostro,
757 3512 786 3566 et
795 3505 966 3581 Hieronymi
980 3518 1050 3562 vera
1062 3503 1169 3561 suimet

115 3607 238 3666 stutantia
261 3609 346 3668 nohis
366 3607 443 3668 clare
470 3608 576 3686 prodit:
597 3607 658 3666 «Et
676 3606 805 3684 quidem,
827 3607 869 3664 ait
881 3601 1031 3678 Huiiinus,
1048 3600 1087 3677 (1)
1102 3617 1170 3660 cum

113 3695 198 3773 ingens
215 3707 297 3782 copia
318 3705 407 3766 fuisse
424 3723 461 3765 ox
480 3707 563 3764 initio
580 3707 612 3763 in
631 3705 759 3764 Ecclesia
770 3703 839 3778 Dei,
852 3707 881 3760 et
898 3701 1049 3778 praecipue
1066 3698 1168 3758 Hiero·

115 3793 236 3879 solymis,
257 3819 358 3863 eorum
373 3806 424 3880 qui
441 3819 478 3862 ex
496 3805 713 3862 circumcisione
731 3800 930 3874 crediderant,
958 3797 1116 3872 referatur,
1137 3797 1169 3853 in

116 3891 202 3963 ilibus
213 3901 314 3976 utique
328 3901 445 3978 linguae
456 3903 607 3977 utriusque
618 3899 774 3975 perlectam
787 3897 877 3957 fuisse
887 3897 1085 3970 seientiam,et
1097 3893 1169 3968 legis

116 3993 229 4056 lttlllam
251 3997 445 4076 probabilem,
477 3998 669 4060 administrati
686 3995 871 4072 pontificatus
887 3999 1009 4054 testatur
1026 3990 1166 4050 nitidum.

118 4082 175 4156 Qus
190 4107 254 4172 ergo
273 4098 304 4155 in
326 4097 382 4156 istu
400 4096 579 4158 eruditorum
590 4097 672 4174 copia
691 4109 779 4160 ausus
797 4099 841 4153 est
851 4094 1074 4154 instrumentum
1094 4087 1169 4152 divi·

141 4293 170 4359 (1)
185 4303 248 4356 Tum.
260 4308 291 4357 ll.
304 4321 329 4372 p.
342 4313 396 4359 660.
