3094 5176
532 407 571 418 ...
592 384 630 436 gg
652 409 691 420 ...

123 489 162 552 Hx
178 487 231 550 hoc
253 485 350 568 (prod
374 491 501 552 maxime
521 490 559 551 ad
572 489 638 552 librl
652 491 853 553 auctoritatem
870 490 999 568 confert)
1021 495 1145 570 eruitur,

89 593 115 648 et
131 587 193 648 ilud
219 594 397 664 postremum
423 588 584 649 Hieremiae
611 595 725 666 caput,
752 605 820 650 cum
845 591 964 650 minime
988 590 1027 652 ad
1048 592 1147 654 Hiere-

89 687 166 746 miam
182 688 343 764 pertineat,
363 687 422 747 huc
441 688 580 748 collatum
599 705 662 748 esse
676 690 707 748 in
726 688 857 748 ordinem
870 695 899 748 et
913 689 1147 764 explanationem

89 783 165 860 libri,
183 786 234 860 qui
246 800 353 846 nomen
366 784 482 844 Baruoh
496 784 664 862 praesefert.
680 785 788 863 Negari
802 788 920 862 nequit,
938 789 1002 864 jam
1021 802 1058 846 ex
1076 803 1148 848 aevo

89 879 264 958 Septuaginta
287 883 477 958 interpretum
500 881 577 958 (etsi
596 882 674 958 apnd
694 899 745 942 eos
766 885 865 943 varius
892 886 930 944 sit
955 884 1025 945 ordo
1045 886 1148 945 vatici·

87 981 188 1038 ntorum
208 978 369 1040 Hieremiae
389 979 427 1039 ab
446 994 504 1055 eo,
533 981 584 1056 qul
603 979 689 1039 hodie
713 987 821 1056 perstat
840 980 878 1040 ob
903 981 1004 1042 oeulos
1029 988 1145 1042 nostros
1190 1036 1193 1046 .

87 1078 116 1136 in
128 1074 309 1136 hebraeorum
330 1075 495 1154 ranlbus)
516 1077 546 1135 ln
567 1078 698 1153 utrisque
717 1076 773 1154 legi
794 1083 883 1154 caput
901 1094 980 1155 arn,
1001 1078 1081 1154 quod
1100 1078 1150 1140 ha·

86 1171 162 1232 benur
174 1172 262 1231 veluti
275 1172 517 1248 complementum
532 1173 762 1250 praedictionum
776 1174 938 1236 Hieremiae
951 1182 981 1234 et
998 1177 1148 1236 continua·

86 1271 124 1328 tio
140 1269 272 1328 historiae
285 1265 385 1330 eorum
402 1312 411 1347 ,
435 1286 509 1346 quae
526 1270 694 1331 acciderunt
710 1271 866 1337 lechoniae
885 1275 1062 1349 captivitatis
1080 1289 1149 1334 suae

18 1353 19 1362 ’
86 1383 156 1427 anno
175 1369 323 1444 trigesimo
343 1371 488 1445 septimo,
510 1375 631 1445 atquae
650 1369 754 1430 deinde
774 1370 853 1430 iacta
871 1370 995 1430 suntab
1017 1369 1149 1432 hebraeis

17 1466 19 1476 ⁴
84 1466 196 1540 captivis
219 1463 384 1544 Babylone,
405 1481 473 1526 eum
499 1466 671 1544 lechonlas,
695 1467 748 1526 illii
769 1471 852 1545 ejus,
871 1471 1014 1546 ceterique
1035 1468 1148 1530 obsides

18 1637 20 1653 ι
84 1561 177 1636 bruel,
197 1578 256 1622 una
274 1565 477 1622 convenientes
502 1579 602 1624 coram
624 1563 739 1624 Baruoh
752 1565 916 1626 audiverint
936 1567 1054 1643 omniu,
1075 1582 1149 1642 quae

18 1667 19 1674 ’
83 1663 277 1736 praenuntiata
299 1662 415 1722 luerent
435 1661 473 1721 ab
493 1664 557 1738 ipso
580 1662 725 1724 Hieremia
751 1663 788 1724 de
810 1665 1013 1742 Hierusalem,
1035 1672 1065 1726 et
1082 1667 1148 1726 uni·

13 1739 20 1833 ³,
83 1761 184 1818 verslm
202 1760 326 1834 expleta.
1096 1753 1098 1759 ’

13 1836 20 1876 *¹
119 1856 194 1916 Adeo
212 1861 309 1918 autem
330 1857 386 1918 hae
403 1859 585 1918 narrationes
602 1859 678 1918 inter
692 1874 723 1918 se
738 1861 898 1920 arctissime
910 1863 1094 1937 junguntur,
1116 1865 1149 1918 ut

82 1955 272 2014 vetustissima
296 1957 494 2032 manuscripta
516 1957 657 2016 versionis
679 1960 888 2035 aegyptiacae,
917 1963 946 2017 ei
972 1957 1045 2016 illud
1066 1971 1148 2033 prae·

13 2032 20 2092 =¹
79 2055 159 2131 cipue
180 2055 405 2132 apographum,
426 2054 504 2132 quod
525 2071 594 2132 prae
612 2056 747 2116 manibus
766 2056 869 2118 hebuit
888 2056 1072 2134 origenesin
1093 2057 1150 2116 col·

79 2151 183 2212 latione
206 2157 304 2212 matus
332 2153 502 2229 exaplaris,
530 2153 644 2212 nullum
670 2152 821 2214 divisionis
846 2154 986 2214 indicium
1004 2196 1013 2230 ,
1034 2153 1148 2213 nullum

13 2229 19 2274 Ι
77 2249 254 2325 discrimen,
283 2249 396 2311 nullum
425 2249 542 2312 titulum
568 2252 753 2328 apposuerint
779 2253 855 2312 inter
877 2250 1055 2327 Scripturam
1081 2249 1148 2310 Hie·

16 2330 19 2370 ²
78 2347 209 2421 reniae,
236 2353 264 2406 ai
292 2347 422 2408 libellum
446 2346 573 2408 baruch.
603 2347 710 2425 Aperta
737 2348 793 2408 hoe
818 2348 903 2408 docet
924 2347 1067 2425 Didymus
1091 2345 1149 2406 nie

13 2417 19 2472 ³
76 2443 235 2504 rendrinus
262 2443 336 2506 lihro
367 2462 391 2503 r.
419 2445 456 2506 de
479 2445 632 2505 Trinitate·
649 2461 713 2523 cap.
747 2455 820 2506 270:
853 2445 1049 2508 «Hieremias
1079 2459 1150 2506 vero

13 2529 18 2571 ²
75 2544 183 2620 mam,
204 2549 255 2604 ant
274 2543 412 2620 Baruoh,
433 2559 502 2604 nam
523 2560 600 2604 unus
618 2545 770 2606 amborum
788 2544 860 2605 liber
876 2550 959 2604 etc.»
981 2544 1149 2618 Quinimmo

13 2629 18 2670 ³
75 2657 175 2702 omnes
194 2649 304 2702 veteres
323 2649 420 2718 patres
440 2641 547 2703 librum
565 2643 680 2704 Baruoh
695 2643 750 2704 sub
771 2644 933 2706 Hieremiae
950 2643 1068 2704 nomine
1083 2648 1148 2701 tan·

13 2727 17 2770 ¹
74 2746 139 2800 tum
158 2741 303 2817 citarunt,
325 2739 502 2816 usquedum
524 2739 639 2802 obeam
662 2743 854 2818 varietatem,
876 2755 965 2818 quam
981 2738 1085 2800 deinde
1099 2755 1147 2800 er·

13 2827 16 2868 ³
73 2843 212 2912 oeperunt
233 2836 385 2914 doctores,
406 2840 482 2898 inter
504 2853 535 2898 se
553 2838 666 2900 collatis
688 2837 832 2900 hebraicis
850 2845 878 2898 et
898 2839 1009 2915 graecis
1029 2836 1149 2912 Septua·

13 2929 14 2966 ³
72 2935 157 3010 ginta
176 2934 348 3010 codicibus,
372 2936 485 2996 divisus
512 2941 556 2996 est
578 2936 650 2998 liber
675 2935 713 2998 ab
740 2937 903 3000 Hieremiae
927 2935 1099 3012 Scriptura,
1121 2940 1151 2994 et

13 3023 15 3058 l
70 3031 189 3092 Baruoh
213 3034 331 3092 nomine
355 3035 487 3110 signatus
510 3039 580 3107 est,
609 3039 724 3110 sumpto
751 3033 879 3094 themate
905 3049 941 3094 ex
965 3031 1047 3107 illis,
1075 3047 1149 3107 quae

13 3123 14 3158 l
69 3129 211 3206 legnnurr
233 3133 264 3190 in
285 3134 348 3208 eius
369 3133 467 3190 initio:
495 3131 555 3190 uili
573 3130 646 3192 haec
663 3129 753 3188 verba
769 3129 855 3206 libri,
877 3145 952 3206 quae
965 3131 1080 3204 scripsit
1093 3128 1148 3188 Ba·

67 3227 147 3288 rach
169 3233 254 3288 etc.»
278 3229 400 3304 Insuper
422 3231 453 3290 iu
476 3230 685 3305 antiquissimis
707 3226 855 3286 codicibus
879 3228 985 3286 latinae
1007 3228 1149 3288 versionis

65 3325 100 3384 in
122 3325 254 3387 &alesia
267 3326 395 3403 vulgatis
413 3332 481 3386 ante
503 3326 604 3388 divum
624 3325 856 3402 illeronymum,
877 3323 1028 3386 christiani
1044 3324 1099 3382 viri
1114 3339 1149 3382 ea

67 3422 217 3484 historiae
237 3427 349 3484 ualtate
367 3424 589 3500 animadversa,
610 3438 699 3500 quam
717 3438 808 3498 nuper
829 3421 970 3498 expendi,
991 3422 1022 3480 in
1042 3425 1150 3496 postue

62 3523 127 3580 mis
152 3521 252 3582 verbis
274 3525 376 3600 capitis
403 3541 460 3582 arr.
485 3523 647 3582 Hieremiae
674 3538 740 3582 eum
765 3522 841 3584 libro
867 3520 1008 3596 Baruoh,
1034 3521 1149 3578 initium

60 3621 160 3696 hujus
182 3624 371 3682 instituerunt
386 3623 416 3682 in
436 3622 578 3682 versiculo
595 3630 643 3682 lt.
661 3623 763 3696 capitis
782 3637 840 3680 aar.
859 3617 1078 3696 praecedentis,
1098 3617 1149 3676 ubi

58 3721 215 3794 scriptum
235 3726 297 3780 est:
329 3722 388 3780 «In
411 3737 510 3780 mense
533 3727 628 3780 autem
651 3723 776 3798 quinto,
797 3719 910 3780 decima
929 3719 1061 3791 mensis,
1089 3719 1159 3793 ipse*

58 3822 111 3876 est
133 3833 234 3878 annus
248 3833 344 3878 nonus
363 3818 493 3880 decimus
507 3817 775 3878 Nabuchodonosor
788 3818 864 3893 regis
878 3814 1037 3892 Babylonis
1051 3820 1106 3874 etc.
1135 3839 1146 3864 a

56 3914 113 3974 Ita
136 3914 268 3978 adstruit
288 3919 516 3992 manuscriptum
535 3915 659 3976 latinum
681 3913 826 3988 Ecclesiae
845 3915 997 3974 hamensis
1014 3912 1052 3972 N.
1071 3921 1098 3971 1.
1115 3915 1151 3970 si·

51 4019 229 4090 gnatum,
259 4021 421 4091 nongentos
447 4031 539 4074 annos
568 4015 760 4090 praeferens,
789 4012 868 4090 quod
892 4014 923 4070 in
950 4013 1039 4072 citam
1059 4012 1150 4074 versi·

51 4113 133 4172 culo
152 4120 204 4174 12.
221 4114 298 4175 hanc
308 4115 523 4190 insonptionem
537 4115 648 4191 prodit:
664 4140 687 4164 ·«
700 4115 805 4190 Incipit
823 4113 895 4173 liber
909 4112 1024 4172 Baruoh
1044 4111 1149 4168 notarii

49 4210 237 4270 Hieremiae
256 4213 426 4288 Prophetae.
448 4213 485 4272 Et
504 4213 612 4271 iactum
633 4217 677 4271 est
694 4214 725 4270 in
743 4227 842 4272 mense
854 4213 1023 4287 quintoetc.
1039 4234 1051 4258 ι»
1070 4207 1150 4270 Idem

47 4293 225 4382 proferunt
249 4311 298 4368 alii
321 4317 445 4387 quatuor
469 4309 583 4369 codices
600 4309 732 4384 Baruoh,
748 4325 765 4367 a
782 4309 912 4368 Sabatina
935 4307 1081 4366 illustrati.
1104 4302 1151 4362 Sic
