3094 5184
584 417 625 434 ..-
647 395 683 448 η
705 420 745 434 ..-

121 505 192 560 sunt
213 495 356 560 librorum
373 497 564 560 Deuterorum
582 501 782 580 divinitatem,
803 510 834 562 et
846 518 883 564 ex
896 501 1013 564 illorum
1026 503 1123 568 verbis
1135 505 1205 585 dog·

119 603 202 660 mata
220 596 289 656 fidoi
306 595 526 660 confirmarunt
549 599 677 660 Isidorus
697 600 881 678 hispalensis,
902 600 1034 662 Andreas
1048 606 1203 681 cretensis,

118 695 200 756 Beda
225 695 360 774 angius,
397 695 604 774 Paschasius,
632 698 810 774 Rathertus,
832 698 971 759 liehanos
992 741 1001 776 ,
1032 701 1205 778 hodulphus

119 793 295 870 monachus,
315 792 420 854 Petrus
436 794 612 872 Damianus,
636 796 803 872 Repertus,
827 795 992 858 &roardus
1013 798 1138 876 aliique,
1158 799 1205 860 Bi·

5 921 7 946 ε
120 891 184 952 biia
204 892 330 952 Deuoere
351 892 603 953 Proto-canonicis
625 896 738 956 inserta
761 895 928 972 contulere,
951 895 1082 956 divmem
1104 913 1205 958 eorum

5 1007 8 1046 r
119 992 323 1052 securitatem
336 993 445 1068 pariter
457 994 564 1067 metati,
580 992 752 1070 nullumque
760 992 916 1054 discrimen
927 995 1046 1054 taurea
1059 1009 1205 1056 comman-

5 1105 9 1146 ι
118 1091 177 1148 tati
197 1096 278 1149 sunt.

160 1186 216 1246 hiis
238 1187 375 1247 omnibus
396 1191 556 1264 expositis,
579 1188 725 1265 quomodo
750 1192 834 1267 argui
857 1195 952 1265 potem
973 1189 1011 1249 ab
1030 1189 1205 1250 adversariis

5 1291 7 1298 ‘
121 1285 179 1344 has
196 1283 361 1362 Scripturas
376 1293 443 1363 post
455 1286 558 1346 divum
571 1287 784 1365 Hieronymum
797 1287 957 1347 nuiiimoda
970 1294 1101 1363 sumptas
1115 1287 1206 1348 fuisse

120 1385 154 1442 in
173 1383 306 1444 divinam
326 1386 527 1444 anctoritatem
549 1384 588 1443 ad
606 1384 745 1461 dogmata
761 1384 830 1444 iidei
850 1383 1090 1461 comprobanda?
1111 1385 1207 1458 Quare

119 1483 293 1542 incusentur
315 1489 411 1559 patres
431 1483 582 1542 tridentini
603 1483 636 1540 in
656 1484 784 1542 sessione
806 1489 931 1558 quarta,
953 1483 1004 1558 qui
1026 1481 1081 1540 has
1104 1497 1205 1542 omnes

123 1577 310 1655 Scripturas,
335 1579 417 1640 nulio
437 1586 554 1656 sumpto
570 1579 758 1657 discrimine,
779 1581 899 1656 parique
914 1581 1101 1655 auctoritate,
1115 1585 1145 1639 et
1158 1595 1205 1642 ca·

122 1679 283 1738 modicitate
294 1678 484 1738 censuerunt?
504 1678 609 1738 Nonne
622 1684 653 1738 et
663 1677 719 1738 hoc
734 1693 859 1754 aequum
872 1679 952 1738 mat?
965 1677 1069 1737 Nonne
1077 1679 1142 1753 jam
1157 1693 1208 1737 an-

10 1803 12 1815 =
118 1777 245 1852 tiquitus
270 1775 439 1853 designatus
461 1775 557 1870 iuerqt
580 1792 719 1836 numerus
744 1776 912 1836 divinorum
935 1775 1140 1836 voluminum?
1162 1775 1207 1834 Ex

123 1873 187 1933 divi
210 1873 369 1950 Augustini
393 1881 486 1934 aetate
509 1873 570 1935 tatu
592 1881 680 1935 notus
701 1880 731 1936 et
748 1873 887 1951 probatus
908 1879 971 1934 erat
990 1873 1090 1933 Canon
1108 1888 1205 1934 sacro·

118 1987 190 2030 rum
213 1970 373 2032 bibliorum
391 1979 420 2032 et
437 1972 475 2032 ab
489 1973 553 2032 aitis
572 1973 724 2050 quibusvis
751 1972 906 2039 dbdnotus
937 1971 1038 2047 libris,
1060 1975 1093 2030 ut
1114 1971 1151 2032 de
1171 1971 1205 2030 ir-

125 2067 181 2128 bro
203 2069 283 2129 Enoc
305 2069 342 2146 (1)
365 2073 416 2147 qui
438 2071 596 2147 quemdem
623 2073 804 2130 anctorltetis
826 2071 950 2145 speciem
975 2068 1206 2146 praeseferebat,

6 2221 10 2242 ,ι
118 2167 231 2228 dixerit
251 2169 370 2228 doctor:
397 2194 410 2221 a
423 2169 480 2229 Sed
496 2185 532 2228 ee
548 2171 667 2230 cauus
681 2167 808 2228 Canonis
821 2183 881 2228 non
894 2169 1003 2243 recepit
1015 2183 1093 2226 eum.
1106 2192 1119 2218 a
1135 2166 1206 2225 For·

5 2336 13 2346 μ
123 2267 202 2326 sitan
225 2267 355 2344 synodus
372 2267 623 2344 carthaginensis,
643 2266 694 2326 nbi
710 2273 808 2342 patres
821 2281 922 2325 omnes
942 2266 1051 2342 pariter
1071 2263 1209 2324 obtestati

122 2371 214 2444 sunt,
234 2382 266 2426 se
279 2368 311 2424 in
324 2382 359 2426 ea
372 2366 505 2426 incedere
517 2366 646 2426 uoluisse
659 2367 747 2442 juxta
762 2364 908 2426 Ecclesiae
921 2363 1090 2424 Cathdicee
1104 2361 1207 2439 iidem,

121 2479 199 2540 qnae
219 2464 364 2540 explicata
390 2469 454 2524 erat
475 2465 659 2542 potissimum
683 2465 716 2524 in
739 2463 863 2524 concilio
886 2465 1029 2538 mceeno,
1054 2461 1208 2522 constituit

122 2568 153 2621 et
173 2565 283 2638 accepit
302 2562 449 2622 &nonem
469 2563 635 2622 ‹bvinorum
656 2561 819 2638 librorum,
841 2563 893 2638 qui
914 2577 934 2621 a
955 2562 1058 2620 ceteris
1077 2558 1206 2620 masiis

5 2698 12 2748 5
118 2659 191 2722 mus
218 2677 279 2720 non
302 2659 522 2737 accipiebatur?
545 2661 681 2720 Fortasse
708 2660 835 2721 schisma
861 2658 1010 2736 quoddam
1038 2658 1095 2718 hec
1120 2660 1152 2716 in
1175 2673 1207 2716 re

121 2760 338 2836 praesumpsit?
357 2759 434 2833 Quid
451 2759 507 2820 sibi
523 2760 593 2820 velit
606 2761 767 2820 Innocentii
780 2757 925 2836 pontificis
939 2756 1061 2834 epistola
1075 2755 1114 2816 nd
1125 2755 1205 2817 Exu-

122 2861 253 2937 perium,
274 2857 326 2918 ubi
345 2854 446 2918 Cenon
462 2858 540 2918 idem
555 2859 722 2934 stabilitur,
743 2860 794 2935 qui
811 2861 843 2916 in
860 2858 974 2935 synodo
990 2855 1149 2916 tridentine
1162 2870 1207 2916 re·

9 3005 13 3034 ,
123 2959 233 3035 pennu
243 2956 318 3018 fuit?
334 2957 484 3034 Numquid
494 2974 533 3016 ne
546 2964 665 3034 rogetus
676 2957 863 3017 Innocentius
877 2956 916 3015 ab
929 2957 1062 3031 emscopo
1075 2951 1209 3012 tolosano

123 3055 162 3116 de
176 3054 292 3116 Quone
302 3054 470 3116 divinarum
481 3054 714 3132 Scripturarum,
731 3054 814 3114 aliter
828 3053 994 3128 respondit,
1011 3051 1057 3110 vei
1080 3051 1209 3110 decrevit

125 3154 165 3214 ab
187 3170 242 3231 eo,
266 3154 344 3232 quod
362 3152 617 3232 respondendum,
637 3153 685 3212 rel
707 3152 920 3212 decernendum
944 3155 1020 3212 meet
1041 3149 1125 3208 eitam
1148 3149 1209 3230 epi·

124 3268 216 3329 scopo
228 3253 380 3330 cujusdam
393 3253 531 3314 ecdesim
550 3251 756 3328 comdentaiis,
772 3266 823 3310 seu
837 3247 1004 3320 orientalis,
1022 3247 1074 3322 qui
1087 3245 1126 3304 ed
1139 3260 1207 3304 emn

6 3391 7 3398 κ
124 3351 163 3410 de
183 3350 239 3410 boc
259 3350 395 3428 mona,
416 3355 516 3428 utpote
534 3366 682 3410 summum
698 3349 840 3426 jndicem,
861 3346 1065 3423 confugisset?
1078 3343 1145 3404 Suis
1159 3343 1207 3403 iit·

126 3451 199 3510 teris
221 3449 261 3508 ad
276 3448 441 3509 ‘Galliarum
461 3451 627 3526 episcopum
648 3448 835 3508 innocentius
854 3445 955 3521 docet,
976 3445 1079 3521 quales
1097 3442 1165 3502 iibri
1176 3446 1211 3503 ut

5 3621 9 3644 Ι
120 3546 223 3606 divini
253 3546 379 3608 habendi
413 3554 528 3624 meent,
555 3554 584 3608 et
603 3547 660 3607 hoc
679 3548 739 3624 egit
758 3545 890 3622 pontifex
909 3546 979 3620 quia
999 3542 1038 3602 ab
1062 3541 1208 3617 Exuperio

122 3650 266 3722 rogatus:
287 3645 392 3706 «Haec
411 3653 481 3706 sunt
499 3663 589 3724 ergo,
610 3649 725 3724 inquit,
746 3661 822 3723 quae
835 3643 998 3704 desidmata
1011 3641 1123 3702 moneri
1136 3653 1209 3700 voce

126 3743 272 3804 voluisti»
295 3746 366 3820 quie
385 3759 488 3820 nempe
505 3744 644 3804 haeretici
653 3744 871 3821 semipelagiani
882 3745 913 3802 in
931 3742 1053 3802 dubium
1068 3741 1212 3798 vocarunt

125 3844 330 3902 euctodtatem
339 3840 408 3902 iibri
417 3840 591 3918 Sapientiae.
604 3842 636 3902 Si
644 3843 850 3918 forte,praetar
860 3841 1049 3916 Exuperium,
1059 3840 1211 3914 episcopus

125 3940 249 4018 quidam
273 3941 422 4002 orientalis
448 3941 650 4000 Innocentium
678 3957 785 4017 papam
812 3941 1005 4000 consuluisset
1031 3938 1067 3998 de
1093 3936 1211 3995 Conone

125 4053 279 4101 samaram
297 4037 535 4116 scripturarum,
557 4036 640 4098 aliter
657 4038 751 4097 eidem
773 4037 1007 4115 respondendum
1026 4033 1153 4095 fuisset?

170 4135 223 4200 Sin
250 4145 370 4216 autem,
399 4143 465 4214 post
491 4136 640 4198 saeculum
667 4139 826 4214 quintum,
857 4152 915 4212 quo
935 4137 1000 4213 jam
1023 4133 1095 4192 haec
1119 4128 1213 4188 Biblia

173 4331 208 4398 (ι)
227 4332 281 4384 nra.
294 4333 382 4384 xvru.
395 4330 510 4382 necavit.
527 4329 580 4380 ner.
