3086 5182
607 337 765 390 -4a-

150 441 230 502 illias
250 447 364 518 mie,
385 442 478 520 deque
493 447 581 522 jure,
600 459 661 522 quo
681 449 745 523 ipsa
757 448 788 504 ln
808 448 967 507 exereitum
987 449 1165 526 assyriorum
1185 451 1228 508 in·

148 539 217 600 tulit
236 539 434 601 confusionem
449 543 536 603 caede
548 543 726 606 Holoiemis.
742 543 921 606 omittantur
945 545 1023 622 alia,
1042 561 1118 623 quae
1135 549 1228 610 sedas

147 639 311 714 interpretis
331 646 375 700 est
394 639 514 702 diluere.
538 641 638 719 Neque
657 643 705 703 hic
718 646 795 706 insto
815 646 982 705 arideorum
995 647 1145 721 opiniones
1166 647 1226 705 aal-

147 737 333 797 madrertens
353 745 455 800 eontra
469 739 653 818 hypothesim
667 748 797 802 nostram
810 741 847 804 de
864 743 951 819 hujus
961 745 964 752 ’
973 741 1111 803 historiae
1134 749 1227 804 mute

147 837 320 896 institutam.
353 837 452 898 Potest
480 841 557 898 enlm
582 840 697 916 lector,
728 840 841 900 collatis
866 843 942 901 inter
962 857 993 901 se
1012 847 1043 902 et
1060 843 1168 902 amuis
1199 847 1229 904 et

147 934 272 995 aliorum
292 937 460 1014 sententiis,
482 947 517 997 ae
538 940 717 1014 argumentis
740 939 877 1016 numque
903 941 1014 1000 uudna
1037 939 1227 1016 ponderatis,

143 1031 288 1108 judicium
309 1032 396 1093 ieme.

187 1129 253 1191 Huc
273 1133 360 1190 edam
374 1131 481 1192 referre
495 1132 590 1209 placet
610 1133 782 1212 Hieronymi
796 1133 886 1196 verba
901 1136 933 1194 in
947 1133 1128 1212 praefatione
1140 1134 1228 1214 lituus

148 1226 238 1306 libri,
259 1231 438 1307 aequisque
457 1233 579 1292 miretur
598 1231 681 1292 illam
701 1236 892 1309 uarietatem,
913 1249 988 1310 quac
1008 1231 1165 1310 aliquando
1178 1249 1226 1293 oc·

147 1328 239 1386 currit
258 1325 314 1386 hoc
334 1329 366 1386 in
385 1327 480 1405 libro,
502 1331 639 1406 inspeetis
660 1330 752 1391 latina
771 1330 943 1408 Hieronymi
964 1331 1096 1390 versione
1115 1329 1226 1391 aebal-

146 1423 239 1500 daeo,
259 1430 289 1484 ct
308 1425 399 1485 altera
418 1432 534 1488 vetusta
553 1427 761 1488 Alexandrina.
784 1429 844 1488 Nec
863 1431 1009 1505 primam,
1038 1443 1132 1506 neque
1158 1427 1228 1489 alte·

147 1539 211 1582 ram
230 1523 267 1582 dc
286 1539 383 1583 errore
396 1539 575 1602 arguamus,
596 1541 687 1602 quum
701 1527 734 1586 in
747 1525 876 1587 Ecclesia
889 1526 1038 1587 Catbolice
1051 1526 1154 1587 ambae
1167 1527 1227 1586 edl-

146 1621 240 1680 tiones
260 1621 443 1681 authenticae
463 1621 638 1684 habeantur.
661 1622 817 1684 Sciendum
838 1629 999 1685 esttamen
1019 1625 1142 1685 latinam
1163 1621 1228 1684 Hie·
1258 1655 1262 1660 ·

146 1719 263 1796 ronymi
282 1721 446 1779 versionem
466 1719 593 1780 breviori
623 1737 757 1782 sermone
777 1722 868 1782 baisse
887 1730 1063 1800 exaratam3
1084 1723 1229 1801 siquidem

146 1815 234 1876 divus
254 1816 354 1877 doctor
374 1833 492 1877 sensum
526 1819 684 1896 anquando
705 1836 722 1879 e
743 1820 841 1880 codice
862 1819 1013 1882 chaldaico
1033 1822 1130 1900 potius
1150 1827 1229 1880 tran·

145 1915 253 1990 stullt,
280 1930 370 1994 quam
389 1915 536 1992 litteram,
558 1919 602 1976 uti
632 1920 694 1978 ait:
721 1918 787 1978 «Et
806 1919 940 1994 sepositis
967 1917 1226 1994 occupationibus,

145 2013 253 2090 qulbus
289 2013 474 2074 vehementer
510 2013 644 2074 arctabar
667 2057 677 2090 ,
708 2013 778 2076 huic
814 2031 904 2075 unam
939 2014 1228 2075 lucubratiunculam

147 2108 230 2190 dedi,
245 2113 339 2190 magis
362 2127 479 2172 sensum
502 2127 518 2172 e
540 2128 648 2190 sensu,
670 2128 759 2190 quam
779 2129 816 2174 ex
836 2112 926 2174 uerbo
956 2112 1081 2173 verbum
1105 2110 1228 2172 transic-

145 2225 252 2270 rens.»

185 2308 270 2383 Quod
294 2309 491 2388 Hieronymus
514 2309 571 2369 hoc
584 2311 614 2370 in
628 2309 703 2370 libro
722 2308 813 2389 iecit,
837 2311 917 2373 haud
936 2309 1050 2370 uiderer
1068 2310 1225 2386 deceptus,

145 2407 278 2467 eamdem
292 2423 424 2468 asserens
437 2409 650 2468 sententiarum
664 2411 891 2469 contactionem
904 2452 914 2486 ,
934 2425 1010 2488 quae
1029 2409 1185 2485 percipitur
1198 2408 1230 2466 in

21 2477 24 2538 Ῐ
145 2505 254 2566 Tobiae
264 2503 431 2588 mptum,
445 2521 482 2565 ex
495 2504 625 2588 ejusdem
639 2505 813 2584 Hieronymi
827 2507 941 2568 calamo
954 2507 1147 2584 processisse,
1162 2520 1230 2564 cum

144 2602 238 2664 Divus
257 2605 412 2680 interprete
432 2603 557 2664 hebraeo
577 2619 670 2681 usus,
690 2605 843 2681 utriusque
863 2604 980 2682 linguae
1005 2602 1179 2679 hebraicae,
1201 2609 1230 2661 et

11 2693 24 2762 ,²
145 2700 312 2760 ebaldaicac
324 2703 657 2778 parita,insermonem
671 2700 799 2762 latinum
812 2699 996 2762 transtulerit
1009 2699 1094 2760 illum
1108 2699 1227 2759 librum.

143 2785 354 2876 Antiquissimi¹
370 2802 449 2859 enim
461 2801 575 2862 codices
588 2799 748 2860 bibliorum
762 2799 846 2861 latini
859 2816 896 2860 ex
912 2800 1023 2877 graeels
1039 2796 1230 2875 Septuaginta

11 2884 20 2964 ‚'
143 2897 350 2974 interpretibus
377 2900 454 2958 versi
477 2898 555 2974 ipsas
572 2898 715 2959 exhibent
735 2897 918 2974 additiones,
943 2913 1018 2975 quae
1031 2895 1231 2972 hodiclegun·

17 3043 19 3060 .
145 3001 195 3056 tur
214 2997 246 3054 in
272 2993 421 3055 hellenicls
439 2995 574 3056 omnibus
590 2997 797 3071 manuscriptis
808 2993 1045 3071 scripturarum,
1067 2999 1102 3052 ut
1114 2992 1229 3052 notavit

144 3093 218 3152 alar.
240 3090 391 3152 Sabbabm
411 3093 444 3150 ln
463 3091 624 3152 Collatione
643 3091 787 3169 vulgatae
807 3099 862 3151 etc.

186 3189 317 3276 Tandem
340 3192 437 3267 siquis
459 3206 506 3250 me
534 3189 571 3250 de
596 3195 716 3249 ,auctore
739 3187 842 3248 Iudith
870 3187 960 3265 libri,
983 3193 1013 3248 et
1037 3191 1150 3262 aetate,
1171 3199 1231 3262 qua

143 3287 270 3364 scriptus
283 3287 353 3366 fuit,
365 3289 544 3365 postularet,
559 3287 683 3346 arduum
693 3287 747 3346 etsi
756 3285 813 3346 boc
824 3288 884 3362 sit,
898 3302 935 3344 ex
948 3284 1117 3344 nouissimis
1132 3289 1231 3343 tamen

143 3383 233 3460 hujus
253 3383 419 3462 Sariphrrae
437 3384 534 3446 verbh
554 3384 590 3444 de
610 3399 699 3461 paee,
721 3399 779 3460 qua
791 3382 900 3443 fruitus
921 3389 965 3444 est
984 3381 1074 3442 lsrael
1089 3387 1155 3457 post
1169 3379 1231 3441 obi·

143 3488 210 3542 tum
228 3482 331 3543 Judith
354 3487 441 3544 annis
466 3485 590 3560 multis,
615 3490 644 3543 et
660 3499 697 3542 ex
717 3481 820 3542 diebus
838 3481 946 3558 lestis,
976 3479 1082 3558 quibus
1107 3479 1230 3538 violaria

14 3579 17 3591 '
143 3580 248 3640 Judlth
272 3583 402 3658 ejusdem
411 3582 559 3642 celebrata
570 3581 627 3642 brit
640 3595 678 3641 ex
694 3597 729 3640 eo
742 3587 872 3656 tempore
894 3593 985 3656 usque
998 3577 1037 3638 ad
1049 3583 1231 3655 praesentem

143 3677 244 3756 diem,
268 3686 301 3739 ut
317 3681 391 3741 xdicit
413 3681 494 3742 illius
510 3680 649 3740 historiae
661 3684 784 3756 auctor,
800 3681 912 3738 eruitur
925 3676 1080 3752 eumdem,
1097 3674 1177 3734 hanc
1191 3673 1234 3733 hi·

143 3779 266 3837 storiam
284 3781 465 3857 compegisse
482 3795 522 3838 ex
542 3777 689 3838 veteribus
708 3779 782 3837 actis
811 3776 1029 3852 hebraearum,
1051 3789 1126 3852 quac
1155 3769 1233 3848 apud

11 3883 14 3892 “
144 3889 197 3934 eos
210 3874 403 3936 servabantur
418 3919 428 3954 ,
449 3874 696 3954 quemadmodum
710 3873 803 3934 divini
814 3874 970 3934 Librorum
989 3873 1144 3950 Regallum
1162 3871 1233 3930 scri·

144 3976 243 4047 pieres
264 3979 409 4034 testantur
431 3976 462 4032 in
484 3971 617 4032 texendis
641 3974 731 4049 gestis
754 3989 856 4048 regum
878 3973 975 4049 luda,
999 3977 1028 4030 et
1041 3968 1143 4030 lsrael.
1165 3967 1233 4026 Cer·

143 4078 208 4131 tum
229 4073 347 4149 quidem
367 4078 431 4149 est,
456 4077 490 4132 ut
513 4073 584 4130 satis
608 4070 700 4132 altera
713 4077 796 4145 parte
818 4070 975 4147 probatum
995 4069 1073 4144 fuit,
1095 4067 1174 4126 hunc
1200 4063 1233 4124 li·

145 4170 231 4230 brum
254 4173 348 4246 primo
367 4169 502 4230 hebraice
515 4171 578 4229 slve
598 4167 747 4228 chaldaice
768 4167 858 4228 fuisse
879 4173 1036 4227 exaratum
1050 4183 1068 4224 a
1083 4163 1230 4241 quodam,

11 4289 13 4334 ;
145 4273 180 4328 ut
201 4269 338 4346 videtur,
359 4268 508 4330 Bethallae
529 4269 614 4344 ciue,
637 4282 671 4327 ec
691 4265 794 4326 deinde
815 4269 890 4325 inter
903 4281 1002 4324 sacros
1022 4262 1112 4323 libros
1128 4260 1229 4320 Proto·
