2964 5174
821 428 860 440 ...
881 405 919 456 52
941 427 980 440 ..-

358 515 542 590 praefatione
553 514 619 573 libri
634 513 752 572 Tobiae.
768 515 909 586 Quamvis
922 516 1018 588 ipsum
1036 513 1205 589 Hieronymi
1222 513 1325 586 opinio
1342 509 1377 571 dc
1394 509 1436 573 Bi·

359 613 427 671 bliis
447 611 739 672 Beatam-Canonicis
758 627 818 669 nou
835 611 962 688 fingeret,
983 615 1015 668 in
1034 611 1116 670 libris
1133 611 1402 688 Proto-Canonicis,
1422 631 1438 672 a

359 709 498 769 Secundis
517 709 717 784 secemendis,
735 715 868 785 versata,
883 715 982 768 tamen
1000 726 1035 767 ex
1049 711 1119 785 ipsis
1131 711 1303 768 testimonia
1314 725 1437 788 sumens,

359 808 453 866 modis
474 825 508 865 ac
524 807 656 865 formulis
674 823 745 865 usus
763 814 823 882 est,
840 807 945 882 quibus
959 807 1060 866 divina
1079 809 1232 882 inspiratio
1250 809 1284 864 in
1303 806 1350 864 his
1366 806 1435 864 Scri-

357 907 450 981 pturis
468 905 667 963 confirmatur.
687 905 723 962 ln
735 905 808 962 libro
821 907 899 962 enim
918 904 954 963 de
967 911 1032 963 octo
1047 904 1289 980 beatitudinibus,
1305 903 1438 964 Ecclesia·

362 1006 427 1061 stici
441 1002 547 1060 librum
563 1005 635 1077 petit
647 1003 726 1061 hisce
739 1002 853 1061 verbis:
874 1027 885 1051 «
894 1001 1058 1061 Secundum
1071 1003 1149 1078 quod
1161 1005 1223 1078 ipse
1235 1002 1381 1060 Dominus
1393 1019 1440 1077 per

357 1099 542 1158 Salomonem
558 1100 596 1175 (1)
611 1106 752 1158 testatur:
769 1131 781 1143 ·
795 1101 853 1172 Qui
871 1115 919 1159 me
933 1099 1112 1158 manducant
1129 1099 1226 1159 adhuc
1245 1101 1392 1175 esurient,
1412 1105 1437 1160 ct

356 1200 407 1272 qui
426 1197 531 1256 bibunt
545 1215 593 1257 me
612 1198 708 1256 adhuc
725 1199 834 1256 sitient.
853 1221 866 1248 »
890 1196 984 1257 Alibi:
1001 1197 1115 1256 «Unde
1133 1201 1162 1257 et
1182 1213 1234 1273 per
1256 1195 1437 1255 Salomonem

357 1295 481 1370 Spiritus
500 1295 623 1355 Sanctus
643 1301 821 1354 contestatur
836 1294 873 1372 (2)
888 1295 1002 1354 dicens:
1020 1325 1032 1338 ·
1046 1296 1103 1368 Qui
1118 1297 1228 1372 spernit
1239 1293 1360 1353 modica
1376 1311 1437 1369 pau·

358 1393 441 1452 latim
461 1393 583 1452 decidet.
608 1417 620 1445 υ
648 1395 827 1453 'testimonia
847 1393 933 1452 aliae
948 1391 1103 1468 seripturis
1121 1391 1264 1451 Secundis
1287 1394 1378 1467 petita
1390 1409 1436 1467 pro

357 1507 457 1550 earum
484 1491 637 1550 divinitate
660 1493 691 1549 in
722 1490 900 1549 Bibliotheca
921 1490 1057 1566 Petrum,
1080 1489 1196 1549 saeculo
1215 1495 1344 1567 quarto,
1362 1491 1434 1550 inve-

363 1588 471 1646 nienda
491 1594 569 1647 sunt.

397 1686 424 1760 S.
440 1685 520 1745 XIV.
536 1685 651 1744 Idacius
662 1686 765 1746 Clarus
775 1685 915 1761 hispanus
927 1687 1088 1760 episcopus,
1098 1685 1223 1744 obeunte
1232 1685 1435 1760 saeculoquar·

357 1788 400 1858 to,
410 1784 663 1843 scribebatcontra
672 1783 862 1844 Varimadum
876 1786 1009 1842 arianum
1018 1783 1173 1842 librostres
1185 1781 1238 1858 (3),
1248 1783 1301 1858 qui
1310 1781 1364 1840 sub
1380 1781 1434 1840 dia·

357 1881 417 1958 logi
424 1883 519 1957 specie
529 1881 612 1940 nobis
620 1881 805 1957 exhibentur,
815 1881 945 1958 equibus
956 1880 1120 1956 Scripturas
1127 1879 1431 1954 Deummdanomme,

359 1981 433 2037 inter
448 1979 506 2038 alia
516 1981 683 2038 testimonia
697 1980 816 2053 divina,
831 1979 869 2039 ah
879 1981 1005 2038 invicem
1014 1979 1204 2054 explicantur.
1225 1977 1274 2036 Ex
1286 1975 1389 2037 Esther
1400 1973 1432 2051 (4)

351 2059 440 2136 'enim
455 2077 658 2136 additamentis
670 2081 726 2137 ait:
746 2103 759 2128 a
774 2077 912 2153 Domine,
924 2077 1047 2160 Domine
1059 2077 1136 2135 Deus
1146 2078 1333 2152 omnipotens
1345 2075 1432 2133 omnia

362 2176 394 2232 in
409 2179 550 2249 potestate
569 2179 621 2232 tua
637 2180 707 2233 sunt
713 2199 803 2237 .....
824 2172 877 2233 «Si
885 2175 1012 2233 Trinitas
1032 2189 1092 2233 non
1107 2179 1166 2249 est,
1186 2173 1276 2249 paulo
1294 2177 1359 2248 post
1373 2169 1430 2229 sub-

359 2275 476 2349 jungit,
500 2287 552 2331 cur
567 2275 656 2331 etiam
673 2273 776 2332 Judith
792 2271 830 2348 (5)
846 2272 957 2332 orando
975 2275 1030 2330 ait:
1057 2303 1070 2315 ·
1083 2269 1217 2346 Domine,
1228 2271 1353 2330 Domine
1365 2269 1430 2328 Deus

358 2372 501 2428 virtutum
521 2372 666 2447 omnium,
679 2373 788 2446 respice
805 2373 837 2428 in
856 2373 1017 2430 orationem
1034 2387 1140 2430 meam.
1154 2395 1167 2420 o
1182 2369 1264 2429 Alibi
1275 2369 1312 2428 de
1329 2365 1430 2426 Baruch

361 2467 436 2527 libro
452 2473 576 2526 testatur
596 2467 710 2526 dicens:
732 2467 793 2526 «Si
809 2481 886 2527 unus
905 2468 982 2527 Deus
1000 2485 1059 2527 non
1082 2473 1150 2528 suni
1169 2467 1257 2526 Pater
1283 2471 1314 2524 et
1333 2463 1428 2536 Filius,

360 2566 426 2640 quis
444 2570 488 2623 est
506 2564 556 2624 hic
574 2564 668 2640 Deus,
688 2567 720 2624 in
739 2583 798 2642 quo
809 2583 871 2625 esse
890 2565 996 2625 dicitur
1003 2566 1096 2642 Deus,
1115 2571 1229 2640 praeter
1247 2579 1336 2641 quem
1351 2561 1429 2619 alium

360 2662 454 2720 Deum
468 2679 529 2721 uon
542 2679 615 2738 esse,
627 2661 773 2738 Propheta
790 2665 845 2723 suh
857 2679 978 2723 numero
995 2670 1170 2740 protestatur
1189 2663 1313 2721 dicensi
1332 2665 1360 2719 et
1374 2657 1430 2716 Hie

362 2761 482 2818 remias:
499 2759 583 2818 -Hic
601 2761 679 2819 Deus
694 2761 732 2836 (6)
749 2769 864 2838 noster,
888 2765 944 2839 ait,
967 2767 997 2820 et
1013 2779 1072 2820 non
1095 2761 1290 2837 applicabitur
1310 2759 1381 2817 alius
1400 2751 1431 2810 ad

360 2873 444 2932 eum,
459 2863 489 2916 et
502 2874 570 2917 cum
581 2858 747 2917 hominihus
762 2866 950 2919 conversatus
961 2865 1014 2918 est.
1033 2885 1046 2908 u
1060 2859 1106 2918 Ex
1116 2859 1321 2938 Ecclesiastico
1333 2853 1368 2930 (t)
1383 2851 1430 2908 hoc

360 2956 560 3013 testimonium
582 2959 686 3014 sumit:
714 2981 727 3007 «
752 2957 790 3016 Et
807 2960 838 3015 in
863 2957 1034 3016 Salomone:
1061 2989 1073 3000 -
1098 2955 1236 3015 Miserere
1259 2953 1343 3012 nohis
1361 2949 1428 3007 Deus

363 3053 512 3128 omnium,
534 3058 563 3111 et
585 3054 703 3113 ostende
720 3055 804 3114 nobis
824 3056 923 3114 lumen
949 3055 1143 3114 miserationis
1164 3059 1253 3128 tuae,
1275 3056 1304 3110 et
1320 3047 1429 3106 immitte

362 3150 497 3207 timorem
517 3155 601 3209 tuum
619 3168 705 3227 super
723 3159 838 3228 gentes,
858 3170 931 3229 quae
948 3169 1007 3212 non
1020 3153 1213 3228 inquisierunt
1230 3156 1277 3226 te,
1293 3153 1430 3220 utcogno·

363 3253 447 3306 scant
468 3252 607 3323 quoniam
627 3267 688 3309 nou
705 3257 749 3309 est
768 3251 860 3326 Deus,
879 3254 936 3310 nisi
952 3258 995 3310 tu.
1012 3275 1029 3302 »⁴

401 3345 426 3404 Ε
446 3345 595 3421 Scriptura
614 3347 778 3422 Sapientiae
793 3349 831 3425 (8)
847 3349 930 3426 legit:
949 3375 962 3399 «ι
977 3349 1014 3407 Ei
1027 3351 1058 3406 in
1070 3347 1240 3407 Salomone:
1258 3378 1270 3391 -
1285 3344 1350 3403 Non
1361 3339 1427 3398 enirn

362 3444 540 3519 impossihile
555 3451 618 3504 erat
634 3463 738 3505 manus
755 3454 825 3523 tua,
844 3463 917 3524 quae
934 3449 1043 3506 creavit
1056 3446 1155 3505 orbem
1168 3453 1313 3504 terrarum
1327 3455 1362 3498 ex
1373 3451 1426 3494 ma·

365 3543 439 3598 teria
452 3543 564 3617 invisa,
584 3545 738 3602 immittere
765 3545 823 3604 illis
845 3545 1060 3604 multitudinem
1080 3560 1230 3618 ursorum,
1246 3547 1298 3600 aut
1317 3535 1427 3598 audaces

363 3637 471 3696 leones.
490 3639 613 3698 »Sicuti
632 3640 712 3699 Patri
734 3644 823 3700 etiam
842 3643 917 3701 Filio
935 3659 952 3700 a
971 3644 1058 3718 prisci
1079 3641 1217 3716 temporis
1243 3631 1426 3698 sacerdotibus

360 3733 452 3792 fouisse
470 3735 643 3795 sacrificium
657 3737 787 3798 oblatum
804 3745 906 3799 contra
931 3741 1027 3814 ipsum
1050 3739 1241 3798 Varimadum
1264 3753 1301 3795 ex
1328 3733 1426 3808 hymno

360 3833 451 3890 trium
462 3849 618 3906 pueromm
631 3835 751 3909 prohat:
771 3861 783 3887 α
796 3837 915 3896 Daniele
926 3836 963 3913 (9)
980 3837 1120 3913 propheta
1133 3837 1260 3895 dicente:
1282 3867 1294 3878 ·
1315 3830 1376 3889 Non
1388 3829 1425 3882 est

362 3928 458 4004 locus,
473 3931 610 4006 inquiunt
622 3938 681 3990 tres
698 3936 795 4009 pueri,
815 3934 853 3992 ad
870 3933 1092 3994 sacrificandum
1109 3935 1221 3992 nomini
1239 3939 1314 4007 tuo,¹
1324 3933 1356 3987 ut
1367 3937 1423 4000 pot·

390 4159 546 4222 (sibecho
568 4161 655 4210 XXIV.
676 4169 714 4212 29.
727 4189 758 4199 -
770 4161 804 4224 (2)
822 4163 887 4211 Eccl.
906 4176 928 4212 c.
941 4165 1005 4212 xlx.
1029 4168 1050 4212 1.
1063 4189 1093 4199 -
1113 4161 1147 4226 (3)
1166 4161 1228 4218 Bibl.
1249 4161 1314 4210 Patr.
1333 4166 1389 4204 saec·
1401 4153 1418 4196 i.

365 4265 394 4276 -
404 4240 439 4301 (l)
451 4241 501 4290 Est.
513 4241 603 4290 clllll.
616 4240 901 4303 o.-(5)Judit.e.1x.
916 4247 952 4293 17.
965 4269 995 4280 -
1005 4241 1126 4305 (oissaruc.
1139 4257 1161 4294 c.
1172 4244 1215 4294 111.
1228 4249 1265 4294 36.
1284 4267 1314 4278 -
1324 4227 1419 4301 (Dm-

362 4332 384 4367 o.
395 4321 503 4368 xxxvl.
515 4347 546 4357 -
556 4319 591 4385 (8)
602 4322 657 4385 Sap.
670 4325 737 4372 clll.
749 4329 785 4373 ts.
798 4349 828 4361 -
839 4321 874 4386 (9)
884 4325 945 4372 Dan.
957 4335 979 4373 c.
990 4325 1033 4372 ΙΙΙ.
1046 4330 1084 4373 aa.
