3094 5176
534 397 712 449 *itu-

88 515 137 568 est.
153 533 167 558 n
189 507 301 568 bocens
319 508 426 568 idcireo
445 506 620 584 Apostolus,
640 523 675 566 ac
697 504 823 583 probans
844 506 932 583 hujus
950 506 1095 582 dogmatis
1109 523 1157 568 ve·

88 607 218 681 rltetem,
240 608 316 666 inter
333 605 392 664 alia
406 612 598 683 argumenta,
615 607 768 681 praecipue
780 605 836 664 hoc
852 608 941 664 sumit
953 605 1099 665 scribens:
1118 608 1156 682 (ii

90 723 103 754 a
117 703 252 779 Alioquin
271 703 343 779 quid
357 703 485 776 lauant,
508 705 557 778 qul
571 702 756 778 baptizantur
770 717 822 778 pro
835 704 976 779 mortuis,
999 705 1023 761 si
1040 706 1159 762 omnino

87 804 190 860 mortui
212 817 272 860 non
294 803 476 878 resurgenti
498 799 537 860 Ut
553 800 625 878 quid
644 809 672 860 et
690 800 873 878 baptizantur
893 817 946 878 pro
968 801 1075 861 illisi»

124 898 209 957 Prius
229 915 406 976 veroquam
426 899 501 957 hana
521 898 739 974 expendendam
763 901 919 975 suscipiam
941 899 1025 958 Pauli
1044 905 1158 958 senten·

87 999 174 1073 barn,
203 996 352 1056 selendum
373 1004 417 1056 est
440 1011 533 1073 nuper
557 998 679 1056 citatum
698 996 810 1056 Calmet
829 999 859 1054 in
880 997 997 1074 speciali
1016 996 1158 1056 Disserta-

87 1095 180 1170 tioae,
201 1099 332 1154 veterum
357 1099 386 1154 et
405 1097 597 1156 recentiorum
621 1095 772 1172 collegisse
796 1095 883 1172 hujus
905 1096 1042 1156 versiculi
1069 1098 1158 1154 inter-

86 1195 277 1271 pretationes,
296 1210 420 1270 quorum
433 1193 567 1270 plurimi,
587 1211 623 1253 ex
637 1210 670 1254 eo
695 1194 774 1271 quod
798 1194 915 1254 latuerit
928 1195 1040 1254 sincera
1054 1200 1084 1252 et
1097 1193 1158 1254 lata

86 1290 256 1368 significatio
276 1291 413 1352 vocabuli
434 1289 604 1368 baptisma,
631 1291 827 1352 offenderunt.
849 1291 911 1352 llos
935 1307 1005 1352 vero
1032 1296 1158 1352 mentem

86 1389 212 1465 Apostoli
231 1392 402 1466 perscrutati
421 1405 459 1448 ex
479 1392 568 1450 totius
588 1397 746 1466 contextu,
768 1392 942 1466 percipimus
961 1390 1097 1450 mntem
1115 1392 1159 1450 in-

85 1489 231 1563 stituisse,
252 1494 282 1547 et
305 1487 443 1564 probasse
457 1503 555 1547 coram
575 1487 749 1548 adversariis
769 1495 950 1548 morttrorum
973 1489 1158 1548 resurrectio·

85 1601 149 1644 nem
164 1602 201 1645 ex
217 1586 388 1662 baptismate
408 1602 461 1662 pro
478 1590 610 1646 mortuis.
627 1587 704 1660 Quid
726 1602 795 1664 ergo
817 1593 880 1646 eret
893 1586 967 1648 lllutl
987 1587 1154 1706 baptisma?

87 1681 262 1742 Graecanica
282 1685 372 1744 verba
393 1687 434 1743 ltu
456 1701 487 1744 se
504 1685 630 1744 hubent:
658 1684 784 1739 ali'lnn
760 1686 838 1740 eleo
841 1705 958 1744 canneru
978 1685 1003 1740 ol
994 1683 1086 1749 βαπ
1088 1681 1155 1757 τιζὸ·

88 1803 156 1854 μενοι
177 1783 293 1855 ὑπὲτωρ
276 1785 336 1836 cleu
339 1785 431 1859 regua,
453 1785 474 1843 l.
491 1800 516 1842 e.
533 1783 671 1861 Alioquin
690 1784 761 1862 quid
781 1783 909 1864 facient,
930 1788 981 1862 qui
1002 1785 1150 1863 baptizali·

85 1864 133 1942 tur
150 1899 203 1958 pro
227 1885 348 1943 mortuis
361 1885 400 1941 l»
430 1883 467 1941 Et
488 1882 536 1940 bic
558 1885 771 1944 intereamus
794 1883 875 1943 illam
899 1883 1072 1960 particulam
1093 1885 1156 1958 iet?

87 1980 205 2058 appar,
226 1996 300 2057 quae
320 1979 398 2058 apud
419 1996 537 2058 gruecm
556 1983 709 2057 scriptores
728 1983 811 2041 verto
830 1983 955 2041 sumitur
973 1981 1157 2059 significatu,

83 2097 142 2141 non
161 2084 322 2159 exprimere
346 2097 464 2142 causam
484 2081 690 2158 baptismatis,
711 2083 774 2142 sive
793 2080 960 2158 ablutionis,
981 2097 1040 2158 qua
1058 2080 1157 2141 Gortu-

83 2179 137 2237 tbii
152 2195 183 2237 se
202 2195 235 2238 se
254 2179 387 2239 lavarent
405 2179 444 2238 ob
463 2178 547 2239 iilum
566 2195 689 2256 nempe,
710 2182 761 2257 qui
779 2185 911 2240 mortum
927 2186 1004 2256 erat,
1026 2182 1088 2239 sive
1101 2195 1153 2255 per

81 2283 190 2336 tactim
213 2276 394 2354 monueris,
421 2293 473 2340 seu
500 2279 566 2338 eltis
592 2278 629 2337 de
654 2278 815 2338 rationibus
842 2276 1153 2338 mensurantem

82 2381 248 2451 mortuum,
270 2378 356 2436 sicuti
369 2379 521 2436 senserunt
534 2376 688 2451 nonnulli,
705 2392 742 2436 ex
758 2375 815 2435 illis
831 2376 954 2436 fortasse
968 2375 1080 2454 Moysis
1093 2391 1157 2434 ver·

83 2472 127 2532 bis
140 2473 256 2549 allecti,
272 2474 345 2532 dum
359 2476 391 2531 in
404 2473 481 2551 Lege
498 2477 540 2532 eit
555 2473 614 2549 (iit
641 2475 720 2548 «Qui
735 2476 862 2551 tetigerit
876 2472 1000 2534 cadaver
1016 2472 1155 2549 bominis,

83 2575 113 2630 et
132 2578 249 2648 propter
269 2572 325 2631 hoc
349 2579 458 2648 septem
477 2572 579 2633 diebus
601 2573 689 2632 luerit
713 2572 906 2648 immundus;
929 2577 1097 2648 aspergetur
1116 2588 1154 2630 cx

82 2668 138 2728 bac
162 2685 239 2746 aqua
262 2670 309 2728 die
328 2673 414 2730 tertio
437 2677 469 2730 et
489 2673 632 2747 septimo,
660 2678 690 2730 et
713 2673 756 2731 sie
779 2670 1010 2730 mundabitur.»
1035 2669 1077 2728 De
1101 2669 1157 2728 boc

76 2775 231 2844 praecepto
249 2783 309 2827 non
323 2768 442 2828 disserit
457 2769 612 2846 Apostolus
630 2785 729 2828 coram
744 2769 916 2844 corinthiis,
937 2783 1028 2844 qurum
1047 2782 1155 2825 sermo·

76 2881 146 2924 nem
166 2882 251 2925 suum
269 2875 365 2928 vertat
385 2869 423 2928 ud
443 2867 617 2928 christianos
636 2867 697 2942 (uti
716 2867 803 2944 poulo
822 2873 889 2942 post
901 2864 1090 2940 discutietur)
1105 2865 1156 2940 qul

76 2963 222 3020 mosaicas
243 2963 329 3037 burlos
349 2965 462 3038 generis
483 2965 677 3024 institutiones
696 2963 875 3024 nesciebant.

120 3057 216 3116 Aliter
237 3057 302 3117 ideo
319 3061 494 3134 ,accipienda
513 3068 558 3119 est
576 3060 719 3137 particula
739 3060 832 3136 hyper
854 3060 1008 3135 (sequente
1028 3061 1156 3135 genitivo

76 3171 151 3216 cusu
171 3155 327 3232 personae)
349 3155 406 3214 sub
428 3155 595 3232 significatu
617 3157 728 3216 scilicet
749 3158 879 3233 gram,
901 3157 964 3215 siue
990 3156 1100 3214 numu
1121 3155 1153 3212 in

77 3254 230 3329 aliquem,
249 3255 335 3330 quari
355 3252 464 3314 dicaret
483 3253 659 3329 Apostolus:
682 3277 697 3304 a
710 3252 847 3329 Alioquin
867 3252 938 3328 maid
955 3252 1083 3327 namt,
1104 3251 1155 3327 qul

74 3353 262 3428 baptizantur
275 3353 307 3410 in
320 3353 468 3428 gebun,
482 3349 529 3410 uel
543 3352 574 3408 in
587 3349 758 3410 beneficium
772 3355 974 3426 mortuorum,
995 3349 1022 3406 si
1034 3349 1155 3408 omnino

76 3451 189 3508 monui
202 3465 262 3506 non
276 3455 432 3526 resurgunt
445 3449 458 3506 t
473 3473 485 3500 a
508 3447 545 3507 Et
553 3451 620 3524 jure
634 3447 750 3525 quidem
764 3463 799 3506 ea
812 3446 955 3523 particula
968 3445 1062 3524 types
1076 3445 1156 3506 hune

75 3561 199 3607 sensum
219 3545 367 3622 praetem
390 3545 476 3606 diuus
496 3546 605 3606 Paulus
625 3562 751 3623 namque
770 3545 878 3620 pluries
898 3546 958 3604 suis
977 3543 1106 3620 epistolle
1123 3542 1157 3602 il·

74 3645 137 3702 lam
160 3644 198 3720 (³)
219 3646 363 3721 contulit,
384 3645 486 3704 eadem
505 3646 741 3722 interpretatione
760 3643 893 3704 diuturn-
909 3641 1154 3702 innotescentes

72 3744 200 3820 scribit,
221 3751 250 3804 et
268 3744 341 3804 (licit
357 3744 524 3822 Epaphrom
545 3745 690 3804 solicitum
710 3759 773 3804 esse
791 3750 821 3802 et
844 3742 978 3803 laborare
998 3745 1064 3816 ὑπὲρ
1083 3747 1154 3820 ὑμῶν

72 3859 129 3918 pro
153 3842 247 3902 vobis.
271 3843 319 3902 Atl
341 3841 542 3920 Philippenses
559 3842 652 3902 dicit:
679 3842 823 3919 «Semper
842 3841 998 3902 incurretis
1018 3840 1155 3899 areboni-

71 3941 133 4002 bus
154 3944 230 4004 meis
250 3941 317 4012 iaie
338 3957 391 4018 pro
411 3942 547 4001 omnibus
568 3942 652 4002 noble
673 3957 740 4001 cum
754 3940 862 4020 gaudio
873 3939 1102 4018 deprecationem
1114 3935 1156 3994 la·

67 4039 165 4100 ciens.
182 4065 194 4092 u
218 4039 266 4099 Ad
280 4039 449 4100 Corinthios
463 4039 580 4100 scribit:
607 4065 620 4092 ιι
637 4039 674 4098 lit
694 4037 933 4116 superimpendar
946 4039 1008 4114 ipse
1020 4036 1084 4104 irie
1101 4047 1154 4108 ΡΝ

95 4251 134 4314 (ι)
154 4260 176 4302 1.
194 4253 232 4303 Ad
246 4255 339 4305 corint.
352 4267 374 4304 c.
388 4257 440 4304 xv.
453 4261 490 4304 iu.
505 4281 535 4294 -
546 4255 580 4318 (i)
592 4257 665 4306 Num.
676 4255 846 4304 c.illx.1i.12.
859 4249 928 4313 -(³)
940 4247 976 4298 Ad
989 4245 1069 4298 colos.
1082 4245 1149 4295 clv.

66 4340 156 4384 iera.
167 4357 175 4370 ·
187 4333 223 4384 id
237 4335 325 4400 enim.
335 4338 411 4388 oin.
424 4362 432 4376 ·
443 4344 465 4388 e.
481 4335 519 4388 ed
540 4335 632 4388 corbe
645 4347 667 4386 c.
680 4336 734 4386 till.
747 4340 784 4384 rs.
801 4331 951 4387 idioma
961 4329 1013 4378 xv.
1026 4333 1064 4378 eo.
