3022 5178
807 353 988 404 -204—

354 461 391 520 de
408 455 509 520 eodem
522 459 656 519 Daniele:
676 483 689 510 a
707 459 781 518 Nam
798 465 867 518 sunt
880 462 979 517 omnia
992 456 1052 517 lieo
1067 457 1177 536 facilia,
1191 461 1412 535 quemadmodum

356 561 388 616 in
408 557 569 616 Habacuch
589 563 618 616 et
637 556 758 616 Daniele
769 559 915 615 novimus.
931 582 943 606 »
962 555 1100 615 Sermone
1116 557 1244 616 secundo
1258 560 1292 628 ‚in
1308 561 1417 636 ejusdem

355 655 548 731 dormitione,
569 633 678 715 Tobi'ae
694 654 732 732 (1)
747 655 814 715 libri
835 655 1018 714 recordatur:
1039 654 1224 715 «Sanctitate
1241 655 1418 732 plenissimam

355 758 442 812 uocat
462 753 586 810 Mariam
616 755 781 830 virginem,
812 769 901 828 wem
928 752 1056 812 mundus
1084 749 1310 828 haudquaquam
1335 757 1421 818 valens

355 866 475 925 capere,
492 867 585 926 neque
598 865 730 910 sermone
747 851 848 909 valens
869 851 1033 924 explicare,
1054 851 1136 910 uelut
1155 857 1364 910 sacramentum
1384 871 1419 913 re-

356 949 401 1022 gis
431 947 468 1006 ad
493 953 656 1006 extremum
675 947 875 1024 inevulgatam
897 949 1064 1006 servavit.»
1088 947 1123 1005 ln
1151 947 1254 1006 divum
1283 948 1420 1026 Georgium

355 1044 485 1121 ejusdem
506 1045 615 1104 Tobiae
638 1045 728 1104 veiha
746 1046 861 1120 retulit,
888 1047 1000 1104 censita
1024 1045 1249 1104 Proverbiorum
1277 1051 1420 1108 sentemia:

359 1168 372 1194 «
384 1143 478 1202 Probe
491 1147 569 1202 enim
581 1151 704 1202 noverat
722 1146 767 1201 vir
782 1146 897 1218 sapiens
916 1144 1108 1220 eleemosynis
1126 1149 1155 1201 et
1170 1143 1228 1202 fide
1241 1147 1357 1220 purgari
1368 1162 1420 1220 pac.

356 1246 441 1316 eam,
463 1257 538 1316 quae
556 1248 625 1300 sunt
637 1241 844 1316 impedimenta
857 1243 1010 1300 victoriae:
1029 1240 1067 1315 (i)
1086 1239 1249 1311 ἐλεημοσύνη
1270 1243 1295 1293 δὲ
1315 1241 1340 1294 ἐκ
1355 1240 1423 1296 iave-

356 1359 402 1392 roo
418 1339 481 1412 ὑπὲρ
494 1338 579 1394 πάντα
596 1340 697 1415 ῥύεται,
714 1343 734 1397 i.
746 1355 772 1398 e.
789 1339 981 1416 Eleemosyna
994 1345 1092 1397 autem
1102 1353 1173 1413 prae
1183 1337 1318 1397 omnibus
1326 1354 1349 1396 a
1360 1355 1421 1398 mor-

356 1443 386 1494 te
402 1437 517 1496 liberat.
530 1463 542 1487 »
561 1438 596 1496 ln
609 1437 754 1496 Lazarum
771 1437 826 1497 ode
839 1440 963 1512 septima
979 1439 1069 1494 trium
1082 1450 1240 1512 puerorum
1252 1450 1421 1518 carmenlme-

356 1541 452 1592 morat
468 1535 611 1594 scribens:
632 1560 645 1586 «ι
661 1536 771 1594 Pueros
783 1542 849 1594 tuos
867 1537 977 1610 positos
993 1535 1026 1591 in
1044 1533 1174 1609 fornace,
1192 1531 1364 1610 oSalvator,
1374 1550 1421 1593 non

356 1633 452 1708 tetigit
464 1635 558 1708 ignis,
578 1649 631 1692 nec
652 1635 693 1691 eis
714 1633 825 1708 aliquid
839 1632 989 1691 molestiae
1002 1631 1080 1707 tulit.
1096 1630 1180 1688 Tunc
1194 1631 1216 1687 ii
1228 1635 1288 1688 tres
1304 1629 1339 1704 (3)
1354 1635 1423 1706 qoosl

357 1743 417 1786 uno
432 1745 482 1786 ore
502 1728 662 1790 laudabant
678 1737 708 1790 et
725 1730 934 1789 benedicebant
950 1718 1095 1787 dieentes:
1112 1759 1124 1772 -
1139 1726 1293 1800 Edicqaro's
1313 1727 1326 1779 ὁ
1347 1729 1422 1792 Θεὸς(

356 1829 401 1878 τῶν
417 1826 530 1898 πατέρων
546 1827 614 1898 ἡμῶν
627 1871 636 1903 ,
651 1831 672 1885 i.
688 1844 714 1886 e.
731 1828 904 1886 Benedictus
920 1825 999 1885 Deus
1013 1832 1129 1900 patrum
1145 1832 1313 1887 nostrum.»
1330 1823 1384 1882 Ode
1397 1842 1420 1882 u.

358 1939 396 1982 ex
417 1923 521 1983 Esther
544 1924 581 2000 (l)
602 1924 674 1983 haec
696 1925 781 1984 dicit:
803 1929 842 1996 Τῷ
857 1922 986 1996 πνεύματί
1006 1923 1162 1996 oou,Kv'qre,
1175 1921 1332 1980 ἀνθέστηκεν
1344 1919 1423 1988 eodelr,

358 2022 379 2078 i.
395 2037 421 2080 e.
441 2021 548 2080 Nullus
566 2022 690 2081 Domine
707 2022 852 2080 voluntati
870 2029 939 2081 tuae
960 2024 1106 2082 resistit.»
1127 2019 1422 2094 muratorianam

359 2119 395 2178 de
414 2117 561 2179 defunctis
586 2120 781 2180 Ecclesiastici
798 2121 836 2197 (5)
854 2123 1028 2181 sententiam
1053 2123 1186 2181 instruit:
1207 2143 1220 2170 a
1233 2119 1287 2174 Kal
1319 2117 1349 2182 ds
1362 2116 1387 2169 ἄν
1400 2119 1421 2170 τᾶ

358 2219 402 2279 τῆς
418 2221 520 2290 γραφῆς
534 2218 653 2290 εἴποιμι,
669 2221 782 2272 κλαῦσον
801 2219 843 2272 ἐπὶ
859 2223 934 2292 νεκρῷ
950 2219 1014 2272 dro'rr
1030 2217 1133 2285 ἐξέλιπε
1149 2217 1209 2292 φάς’
1232 2217 1305 2277 ἄλλοί
1322 2219 1355 2289 μή
1377 2215 1423 2290 Squ'·

357 2331 392 2361 aa
406 2315 510 2381 πικρῶς.
524 2312 544 2368 i.
555 2327 581 2368 e.
597 2311 634 2369 Et
647 2317 680 2370 ut
693 2311 766 2370 illud
778 2310 944 2388 Scripturae
952 2310 1059 2370 dicam:
1072 2311 1181 2369 -Plora
1194 2326 1282 2386 snper
1295 2315 1420 2367 mortuum

358 2423 393 2466 eo
417 2408 496 2484 quod
513 2407 619 2468 defecit
635 2409 704 2485 lux,
722 2416 750 2468 et
767 2426 804 2468 ne
822 2426 920 2468 amare
942 2411 1118 2468 lamenteris.
1140 2434 1152 2459 »
1183 2409 1321 2468 Sermone
1333 2411 1361 2466 in
1372 2406 1419 2465 Gir·

359 2507 585 2583 cumcisionem,
614 2507 777 2584 Sapientiae
793 2507 831 2584 (6)
847 2510 1045 2568 testimonium
1070 2508 1168 2566 attulit
1191 2507 1306 2565 dicens:
1327 2505 1387 2563 «Ac
1401 2506 1419 2567 sl

359 2602 432 2661 haec
448 2604 521 2665 bene
540 2605 668 2682 hubent,
690 2605 748 2665 diei
774 2607 849 2664 festo
878 2607 1114 2683 adgratulemur,
1141 2609 1283 2681 majorem
1301 2604 1418 2662 laetilinn

359 2702 567 2778 ostendamus,
585 2703 798 2762 solemnitatem
816 2703 993 2762 solemnitati
1010 2709 1213 2779 conserentes,
1234 2718 1269 2761 ae
1282 2701 1333 2760 Dei
1345 2703 1419 2760 mani·

358 2797 497 2857 festantes
515 2799 748 2882 servulil„Efrrrg
770 2802 802 2864 ὦς
829 2803 858 2856 τό
887 2799 977 2872 λόγιον
998 2802 1074 2874 φησί·
1095 2802 1186 2874 ψυχοιιΙ
1202 2799 1302 2854 δικαίων
1321 2799 1344 2852 ἔν
1363 2799 1419 2871 χειρὶ

358 2897 447 2958 Θεοῦ,
467 2899 488 2956 i.
504 2915 530 2956 e.
547 2897 696 2974 Siquidem
707 2906 741 2959 ut
751 2901 903 2960 oraculum
916 2902 1001 2960 dicit:
1019 2933 1031 2945 -
1044 2902 1169 2961 Animae
1174 2906 1322 2978 justorum
1333 2903 1362 2958 in
1372 2914 1418 2956 rna·

357 3009 400 3050 nu
422 2994 476 3052 Dei
502 3003 581 3054 sunt.
598 3023 611 3048 a
628 2997 663 3056 In
685 3014 818 3059 sermone
844 3003 939 3058 saneti
960 3000 1098 3078 Georgii,
1121 2999 1209 3058 fidem
1227 3000 1306 3059 illius
1324 3005 1350 3060 et
1367 3013 1418 3055 ron·

359 3089 497 3152 stantiam
521 3096 653 3154 exaltans
676 3097 808 3159 Andreas
829 3101 860 3156 in
882 3101 1035 3157 tormentis
1052 3097 1230 3174 perferendis
1254 3098 1308 3163 sub
1327 3095 1418 3156 Diocle-

357 3191 457 3266 tiano,
476 3192 584 3251 librum
597 3195 757 3254 secundum
778 3197 1024 3257 Machabaeorum
1039 3196 1076 3272 (7)
1093 3198 1125 3253 in
1144 3197 1309 3272 exemplum
1329 3193 1416 3252 sunit:

362 3313 375 3336 «
387 3288 444 3364 Eo,
462 3291 600 3368 inquam,
621 3295 785 3368 spectaculo
805 3295 906 3380 divino
920 3295 1064 3377 effervens
1081 3296 1185 3370 spiritu
1200 3294 1355 3370 Georgius,
1368 3305 1418 3347 con·

356 3390 590 3448 tremiscentibus
601 3392 730 3468 renibus,
744 3394 990 3468 quemadmodum
1009 3392 1189 3452 Machahaeo
1205 3393 1250 3455 illi
1263 3391 1418 3462 affectusque

357 3483 456 3544 furore
473 3486 633 3546 secundnm
645 3487 801 3564 judicium.
818 3515 830 3539 »
847 3489 921 3565 His,
943 3497 972 3548 et
993 3489 1136 3550 similibus
1163 3490 1334 3548 testimoniis
1353 3482 1417 3542 eBi÷

357 3579 424 3640 hliis
446 3583 578 3642 Deuteris
596 3588 692 3660 petitis
713 3589 880 3662 saepissime
899 3590 1051 3664 episcopus
1078 3589 1215 3646 cretensis
1239 3587 1277 3645 ad
1293 3594 1417 3644 sermono

357 3695 427 3738 suos
449 3681 628 3741 roborandos
649 3687 761 3761 utitur,
781 3685 915 3760 quodque
929 3684 1073 3744 Theodori
1091 3685 1338 3760 hierosolymitani
1352 3691 1416 3756 pite*

359 3781 483 3852 ceptoris
503 3795 555 3838 sen
572 3781 736 3840 doctrinam
747 3780 784 3841 de
803 3799 835 3841 re
855 3789 957 3844 nostra
976 3783 1162 3842 manifestam
1177 3783 1259 3842 facit.

399 3876 427 3951 S.
451 3878 516 3938 VII.
539 3880 626 3938 Initio
649 3881 757 3940 saeculi
774 3883 872 3939 octavi
887 3881 974 3940 divus
992 3881 1156 3946 Althelmus
1173 3875 1414 3948 schireburnensis,

360 3975 438 4052 apud
454 3977 647 4040 occidentales
668 3997 792 4040 saxones
808 3983 960 4056 episcopus
979 3981 1095 4044 claruit.
1115 3980 1145 4039 ls
1163 3980 1321 4044 litterarum
1339 3985 1415 4034 saera

387 4209 421 4272 (i)
431 4211 492 4262 Tob.
504 4224 526 4260 c.
538 4213 626 4260 xll-
636 4211 670 4275 (2)
681 4213 741 4261 Tob.
754 4227 776 4262 c.
788 4215 843 4262 XII.
855 4221 915 4264 9.-
927 4213 962 4277 (3)
972 4213 1067 4262 Daniel.
1079 4214 1148 4262 cili.
1160 4238 1191 4250 -
1203 4211 1237 4275 (4)
1248 4211 1330 4262 Esther
1338 4204 1410 4256 allii.

356 4317 389 4338 2-
399 4291 436 4355 (5)
447 4293 512 4342 teci.
525 4295 668 4344 cilinio.
680 4319 710 4330 -
720 4293 753 4357 (6)
764 4297 819 4356 Sap.
831 4309 852 4342 e.
865 4297 908 4344 lii.
924 4305 945 4344 1.
956 4321 986 4332 -
998 4295 1032 4358 (7)
1044 4297 1106 4344 Mae.
1118 4297 1208 4344 cliiii.
