3086 5182
829 405 1009 460 -iti-

377 527 538 584 servatores
563 518 621 579 iilis
647 517 791 592 luissent,
817 514 911 592 idest,
936 516 988 590 qui
1013 511 1125 589 aliquid
1151 512 1255 571 salutis
1282 519 1311 572 et
1338 511 1455 582 subsidii
1535 551 1536 558 1

377 618 561 694 attulissent,
583 615 661 694 apud
683 632 714 675 se
734 615 844 674 honore
866 611 1004 674 adhunc
1026 609 1146 670 modum
1167 609 1284 671 aiiieere
1303 625 1457 670 oonsueve·
1535 619 1536 702 1

376 722 453 777 rant.
474 714 576 777 Jaoobi
598 717 675 774 euim
697 713 829 791 Apostoli
851 709 1021 771 cathedram
1042 709 1109 786 (qui
1127 710 1239 785 primus
1257 716 1321 770 erat
1339 709 1379 768 ad
1395 709 1457 768 ilie·

378 811 607 892 msolymitauae
628 811 765 872 ecelesiae
786 809 983 886 episeopatum
1007 823 1026 868 a
1047 806 1221 885 servatore,
1237 810 1386 868 etaetatis
1400 811 1458 886 ejus

375 907 522 988 Apostoiis
541 905 687 987 delectus,
702 921 846 987 quemque
859 903 981 968 fratrem
995 901 1103 966 Christi
1117 911 1341 983 nuncupem,
1361 906 1460 966 diviua

378 1007 530 1085 perhibent
548 1006 678 1084 eloquia)
702 1004 740 1066 ad
757 997 837 1065 istud
854 1005 968 1082 tempus
987 1005 1151 1081 servatam,
1166 1001 1314 1082 episcopi,
1332 1004 1386 1082 qui
1404 1003 1461 1064 iiiia

377 1106 479 1166 ordine
492 1109 712 1180 suecesseruut,
727 1114 886 1180 permagno
900 1104 1055 1164 aestimant
1067 1121 1076 1180 3
1090 1099 1168 1163 uude
1184 1099 1337 1164 declarant
1355 1105 1461 1179 perspi-

375 1220 451 1280 cue,
471 1201 715 1282 quemadmodum
739 1208 850 1265 veteres
872 1203 968 1279 patres
991 1201 1031 1262 nd
1053 1207 1184 1262 nostram
1210 1215 1305 1279 usque
1334 1207 1459 1262 aetatem
1535 1271 1536 1274 Ἴ

377 1305 487 1364 tanede
511 1303 606 1378 viris,
627 1299 665 1360 ob
689 1313 790 1362 eorum
813 1316 1006 1378 veramserga
1027 1293 1119 1362 Deum
1146 1300 1306 1376 pietatem,
1333 1293 1460 1360 debitam

375 1401 590 1462 venerationem
613 1397 838 1475 attribuerint,
860 1404 890 1459 et
912 1393 1009 1460 adhue
1031 1395 1159 1460 tribuere
1180 1414 1240 1460 non
1262 1399 1420 1458 cessent.»

415 1497 515 1575 linque
545 1512 615 1558 vero
644 1496 701 1558 hoe
728 1491 834 1573 oultu,
863 1494 1015 1561 idolatriae
1042 1499 1169 1572 suspirio
1198 1495 1298 1574 aliqua
1325 1499 1373 1556 ert
1399 1499 1459 1556 oni·

375 1597 603 1675 tandummodo,
633 1599 678 1658 uti
700 1596 854 1660 autumant
877 1594 1060 1677 adversarii,
1088 1599 1140 1676 qul
1165 1601 1256 1660 saeris
1281 1595 1461 1676 imaginibus

375 1697 544 1772 variopiotls
568 1695 679 1756 auitum
704 1696 894 1774 denegarunt.
933 1694 1092 1759 Christiani
1115 1699 1195 1758 enim
1217 1695 1392 1774 hujusmodi
1419 1698 1460 1772 pi·

376 1796 487 1871 obruis,
508 1808 569 1852 nou
590 1795 721 1854 odiorum
744 1794 921 1872 artissdum,
942 1811 1036 1872 neque
1055 1795 1163 1856 durum
1184 1793 1336 1872 lapidem,
1357 1810 1415 1854 nee
1430 1793 1461 1854 ll·

376 1908 467 1969 gnum
488 1898 684 1970 venerantur,
706 1892 758 1954 sed
775 1893 891 1970 solum,
906 1896 1002 1970 quiin
1016 1894 1104 1955 ooeils
1118 1897 1179 1971 est,
1193 1891 1461 1969 Deumoruuesque

376 1997 493 2052 sanatos
513 1995 575 2069 eius
594 1994 815 2070 intercessores,
841 1994 873 2051 in
894 2009 929 2052 eo
952 1992 1068 2070 lapide,
1097 1991 1144 2052 rel
1166 1992 1266 2070 ligno,
1292 1989 1345 2052 vei
1367 1991 1461 2051 ooiore

376 2107 528 2168 expressos
542 2090 685 2152 recolunt.
703 2091 738 2152 Iu
753 2091 819 2152 ilios
832 2092 911 2151 euim
924 2085 1077 2152 naulorum
1090 2091 1213 2150 intuitus
1227 2087 1315 2150 iaeile
1329 2089 1370 2150 ad
1385 2103 1462 2148 men·

375 2196 434 2250 tem
455 2189 635 2268 vehebatur,
657 2189 815 2270 eademque
832 2189 1034 2268 impellebatur
1050 2205 1115 2250 sese
1129 2189 1170 2248 ad
1185 2188 1280 2250 Deum
1298 2204 1407 2248 verum
1421 2201 1462 2246 re

375 2287 512 2366 volvere,
524 2287 671 2366 meditari,
689 2305 766 2367 quae
785 2296 934 2351 menturae
954 2289 992 2349 ab
1004 2305 1039 2350 eo
1053 2289 1189 2350 ordinata
1201 2294 1289 2364 sunt,
1306 2287 1360 2348 ilia
1375 2286 1461 2364 perii·

375 2403 451 2466 eene,
466 2403 501 2448 ea
513 2393 628 2466 petere,
643 2403 719 2466 quae
732 2390 774 2449 eis
787 2389 950 2450 necessaria
962 2389 1068 2448 forent.
1084 2389 1130 2449 ita
1144 2387 1287 2447 dooents.
1300 2385 1461 2464 Gregorius

375 2485 504 2564 Magnus
516 2487 548 2545 iu
559 2481 665 2546 litteris
678 2484 715 2550 ad
728 2483 867 2548 Serenum
882 2485 1049 2564 episcopum
1068 2485 1295 2562 massiliensem,
1311 2491 1343 2546 et
1354 2483 1462 2546 Adria·

292 2605 293 2610 ¹
375 2600 432 2648 nus
453 2601 477 2646 1.
499 2581 621 2662 epistola
640 2583 672 2644 in
694 2599 732 2646 rr.
760 2581 874 2664 syuodo
902 2583 1041 2648 nioeaena
1062 2586 1199 2662 perlaeta.
1226 2582 1395 2644 Germanus
1415 2599 1462 2660 pa·

375 2681 504 2746 triaroba
522 2682 814 2762 Gomtantiuopoleos
834 2687 895 2744 suis
919 2683 1024 2744 litteris
1045 2684 1076 2746 in
1096 2682 1291 2746 ieonoclasus
1318 2683 1356 2743 de
1382 2683 1462 2742 euim

375 2788 513 2846 externo:
541 2783 609 2842 «liu
629 2783 860 2843 animadvertere
879 2797 939 2844 non
959 2787 1103 2860 oportere,
1123 2785 1176 2859 ait,
1194 2797 1270 2860 quae
1285 2781 1360 2842 ioris
1376 2781 1462 2856 fiunt,

376 2881 427 2942 sed
449 2897 562 2958 semper
584 2881 819 2960 investigandum
843 2897 905 2942 esse
929 2882 1087 2958 spiritum,
1116 2887 1145 2940 et
1170 2885 1296 2942 mentem
1323 2878 1462 2952 illorum,

376 2982 426 3056 qui
446 2977 530 3040 ilium
553 2979 730 3056 praebent.»

416 3077 445 3154 s.
468 3079 509 3138 II.
531 3078 634 3156 Itaque
651 3094 717 3140 oum
738 3079 774 3138 de
791 3079 838 3139 bis
857 3081 949 3156 satis,
968 3085 998 3138 et
1015 3093 1143 3157 mugrue
1164 3093 1325 3155 expensum
1346 3079 1410 3153 sit,
1428 3075 1462 3136 ad

374 3179 554 3254 propositum
576 3183 774 3253 revertamur,
795 3177 938 3254 quasdam
963 3193 1000 3238 en
1023 3175 1081 3240 iliis
1101 3176 1310 3253 proauiasive
1326 3173 1461 3249 sculptu-

377 3275 418 3336 ris
441 3275 488 3336 vel
510 3277 639 3336 nummis
663 3273 850 3338 solummodo
879 3279 1028 3354 scrutati,
1068 3279 1248 3352 quaegesta
1273 3272 1398 3332 illorum
1421 3274 1461 3330 in·

285 3451 289 3460 ,
375 3379 513 3452 tuentur,
535 3391 660 3452 quorum
683 3379 792 3436 mentio
812 3375 847 3437 irt
866 3379 898 3435 in
917 3374 1075 3452 Scripturis
1094 3371 1394 3436 Deutero-(lanoniois
1415 3387 1459 3429 re

378 3475 448 3534 teris
460 3471 660 3551 Testamenti,
680 3490 810 3552 quaeque
824 3481 997 3552 argumento
1010 3479 1111 3534 nostro
1125 3469 1234 3532 addent
1245 3471 1459 3532 auctoritatem.

376 3570 440 3632 lloo
460 3588 530 3633 vero
552 3575 583 3632 in
604 3588 690 3650 opere
709 3573 862 3634 recensens
882 3570 1025 3652 quidquid
1045 3573 1200 3648 scriptores
1217 3572 1334 3628 ueteres
1352 3566 1395 3628 de
1414 3568 1462 3626 bu-

374 3668 504 3743 jusmodi
524 3672 710 3731 monimentis
732 3673 832 3732 testati
852 3676 940 3748 sunt,
961 3687 997 3732 ao
1022 3675 1149 3734 recantes
1171 3663 1338 3742 aroheologi
1356 3665 1463 3724 solliei-

374 3771 439 3826 tum
463 3767 594 3830 studium
620 3771 651 3829 in
679 3770 715 3828 iis
736 3767 936 3846 impendentes
961 3769 1020 3828 huo
1043 3767 1114 3829 illue
1141 3769 1330 3844 persomtati,
1344 3765 1462 3842 seriptis

375 3860 546 3940 ediderunt,
566 3878 768 3944 nequaquam,
786 3872 820 3930 ut
833 3868 943 3944 judex,
962 3869 1038 3928 inter
1053 3866 1108 3928 hos
1122 3863 1372 3944 praeolarissimos
1386 3866 1463 3922 viros

376 3959 518 4038 adstabo;
540 3963 591 4024 sed
615 3964 843 4026 tautumreluti
863 3967 1038 4044 magistrum
1068 3963 1247 4041 discipulus,
1269 3962 1337 4022 iilos
1358 3977 1463 4038 sequar

376 4073 560 4137 quocumque
585 4063 692 4139 ierint,
713 4079 748 4124 ea
770 4064 925 4142 revelabo,
952 4081 1027 4143 quae
1048 4080 1066 4126 e
1086 4061 1213 4124 tenebris
1235 4065 1292 4138 ipsi
1315 4062 1463 4132 eruerint,

375 4172 411 4216 ea
429 4153 590 4236 disseram,
609 4178 684 4238 quae
700 4164 755 4238 ipsi
773 4165 884 4240 opinati
902 4171 980 4224 suut.
999 4165 1100 4224 Primo
1116 4163 1180 4224 loeo
1198 4162 1315 4222 badam
1333 4160 1387 4218 iiia
1404 4175 1462 4216 mo

374 4265 534 4335 numenta,
563 4258 719 4336 inquibus
745 4263 808 4336 pios
833 4263 912 4322 virus
935 4261 1114 4338 insculptos,
1136 4261 1183 4320 vei
1210 4260 1341 4334 depictos
1363 4261 1460 4312 oonte-

376 4357 445 4416 statl
467 4365 536 4419 sunt
555 4365 667 4420 veteres
689 4362 862 4437 scriptores,
884 4377 959 4437 quae
978 4377 1048 4422 vero
1063 4359 1191 4420 adhunc
1205 4373 1298 4433 usque
1312 4353 1390 4412 diam
1404 4367 1464 4410 non
