3094 5176
564 381 743 432 -106-

155 489 183 565 s.
200 489 281 554 viii.
298 487 336 550 iii
349 487 404 549 hoo
418 503 534 566 quoque
541 487 774 550 additamentum
781 487 949 565 Soripturoe
960 487 1106 568 Danielis,
1117 505 1189 552 eura

116 587 300 648 solummodo
326 585 515 665 Septuaginta
542 588 732 664 interpretum
758 585 843 648 nohis
867 586 1008 648 mollitum
1037 592 1092 648 est.
1118 587 1189 649 lier-

117 691 219 760 sauir,
240 686 362 762 mquam
381 685 413 744 in
432 684 556 744 hlotorln
575 684 657 762 Deli,
678 692 708 746 et
731 685 892 762 Draconis,
920 701 994 763 qnos
1018 685 1189 764 babylonii,

117 797 186 842 eum
206 784 238 842 io
257 784 330 860 ipsis
349 782 466 860 degeret
482 782 652 860 Propheta,
682 783 817 844 eoiehant
835 784 926 846 veluti
945 784 1031 844 Deos.
1060 786 1192 859 Quorum

116 882 229 956 primus
237 879 287 940 Bel
301 896 368 940 eum
381 881 505 958 templo,
521 881 689 958 oDamele,
710 884 772 959 rogi
785 881 967 942 saoerdotum
982 883 1095 942 malitia
1109 899 1190 943 reve·

117 978 195 1054 lata,
210 978 379 1040 destruitur.
395 978 489 1040 Draoo
503 996 590 1056 vero,
608 979 687 1040 iaota
696 979 734 1040 ab
747 982 811 1056 ipso
824 996 892 1058 rege
902 980 1016 1042 Danieli
1028 986 1188 1058 potestate,

116 1078 181 1152 piae
200 1083 230 1137 et
249 1076 562 1154 adipeeopilissimul
576 1080 666 1140 euciis
685 1079 843 1138 inmmooo
862 1083 950 1155 atque
969 1077 1190 1155 innodasdem

118 1175 231 1251 reptilis
250 1175 348 1253 datis,
370 1177 469 1236 rtatim
489 1175 639 1252 disruptus
658 1181 712 1236 est.
740 1177 822 1250 Quae
840 1191 908 1236 oum
927 1179 1003 1253 regis
1023 1176 1191 1238 admiratio·

117 1287 187 1334 nem
207 1275 402 1338 musitassent
416 1316 426 1351 ‚
447 1274 587 1352 populum
601 1275 746 1351 insolam,
767 1289 803 1334 ao
816 1277 1048 1351 superstitiosum
1062 1290 1190 1335 eommo-

119 1373 271 1436 vemnttn
291 1372 441 1432 Danielem
460 1371 553 1448 adeo,
575 1379 608 1432 ut
627 1386 727 1432 omnes
741 1373 845 1432 minati
863 1373 924 1432 siut
942 1387 1058 1450 regam,
1079 1373 1191 1433 nisids

118 1467 245 1530 traderet
258 1468 455 1546 Propheiam3
475 1484 534 1546 quo
550 1468 668 1530 obtento
681 1471 712 1528 in
726 1470 823 1530 haum
839 1468 956 1530 ieonum
968 1473 1126 1548 miserunt,
1139 1469 1191 1532 uhi

120 1564 160 1626 ah
178 1565 298 1628 Ahuoue
317 1566 445 1626 miruhiii
465 1565 552 1626 modo
571 1570 723 1644 nummo,
742 1574 809 1645 post
828 1572 938 1644 septem
957 1564 1192 1636 dimiuooloous

119 1679 140 1724 a
159 1680 227 1742 rego
245 1664 399 1741 educitur3
420 1670 449 1724 et
475 1667 553 1742 viri,
583 1668 635 1742 qui
654 1681 743 1726 eausa
762 1665 879 1726 loomt
897 1665 1067 1742 perditionis
1091 1665 1190 1744 dum,

111 1763 210 1826 laeum
229 1765 348 1842 injecti,
370 1765 508 1824 eontinuo
527 1763 660 1824 devorati
679 1770 750 1824 suoi
768 1781 788 1824 a
806 1763 886 1824 loris.
1108 1809 1111 1816 .

158 1860 201 1922 Do
224 1861 293 1922 Belo
313 1868 342 1922 et
361 1861 493 1922 Dreoone
506 1877 541 1922 aa
553 1864 585 1922 in
603 1877 653 1922 eos
672 1863 753 1922 mitu
773 1861 811 1922 ah
831 1863 972 1940 myrtis,
993 1864 1192 1924 testimonium
1303 1881 1305 1887 ·

7 1999 8 2034 ,
116 1958 273 2036 perhibent
283 1965 312 2020 et
324 1975 425 2022 seorae
437 1965 467 2019 et
483 1959 623 2036 prolauae
637 1960 775 2020 historiae
795 1959 867 2020 adeo
875 1966 910 2022 ut
918 1960 1031 2020 trustra
1041 1962 1082 2020 sit
1094 1959 1131 2020 de
1144 1960 1191 2020 his

7 2099 8 2118 r
115 2057 209 2136 ioqui.
231 2057 319 2118 Nouo
337 2056 509 2118 diluendum
539 2064 671 2134 superest
689 2056 832 2135 rpridrprrid
858 2059 1017 2119 aduersarii
1037 2063 1189 2135 morunt,

7 2199 9 2238 ,
120 2154 199 2216 hano
219 2157 331 2216 soilioet
343 2155 472 2218 Danielis
486 2156 663 2218 additionem
676 2157 873 2218 contradicere
886 2157 1051 2234 sompnum
1064 2156 1192 2234 eimdom

104 2253 396 2316 Proto-Canentem.

7 2429 10 2438 .
160 2353 291 2415 Primum
319 2371 389 2416 vero
409 2371 526 2418 neeesse
546 2365 611 2435 est,
637 2364 671 2418 ut
690 2356 763 2418 haee
792 2359 922 2418 narratio
950 2357 1119 2416 insumatur
1138 2353 1193 2418 eth

117 2453 241 2528 imperio
261 2468 363 2530 regom
383 2453 590 2516 ohddoeorum
607 2462 639 2516 et
650 2460 719 2516 aute
738 2455 808 2532 Gyri
827 2454 1058 2532 expeditionem,
1079 2469 1115 2512 eo
1127 2451 1193 2512 ideo

118 2549 223 2610 Daniel
243 2552 275 2610 in
295 2551 392 2612 laeum
418 2553 536 2614 leonum
556 2554 711 2614 damnatus
738 2554 854 2614 viduor
872 2559 941 2612 anie
965 2551 1039 2612 iilud
1058 2557 1193 2627 tempos,

117 2663 179 2724 quo
187 2649 305 2726 legitur,-
319 2652 350 2709 iu
362 2651 497 2712 eumdem
510 2651 608 2712 laeum
620 2655 728 2714 rnissm
738 2650 831 2712 ,inisse
844 2651 899 2712 suh
910 2651 1001 2710 Dario
1013 2665 1082 2727 rego
1093 2663 1193 2725 pmie,

118 2749 157 2806 ut
173 2749 255 2808 ioeiis
270 2755 315 2808 est
334 2755 422 2826 caput
440 2766 487 2810 vr.
508 2749 803 2812 Pmto-Canooioum
820 2749 950 2826 eiusdem
964 2747 1136 2825 Prophetae.
1157 2746 1196 2806 iit

116 2843 288 2920 huiusmodi
307 2853 377 2907 suut
396 2853 579 2925 argumenta.
601 2848 637 2908 iu
651 2863 687 2908 ea
703 2849 782 2908 euim
801 2847 923 2906 historio
942 2847 1054 2906 eruihm
1072 2842 1195 2921 hehplo-

7 2999 10 3034 r
118 2943 187 3002 nios
206 2942 343 3004 adorasse
362 2945 473 3006 idolam
492 2945 568 3022 Bel,
590 2961 626 3008 ae
640 2946 784 3022 templum
797 2947 824 3004 ei
838 2944 928 3006 luisse
946 2946 1123 3004 iushuomm
1135 2957 1196 3002 ma·

117 3040 289 3120 guldeeutiu
307 3057 422 3102 summa
441 3043 585 3120 ditatum,
607 3060 642 3102 ao
655 3051 804 3120 praeterea
817 3043 945 3118 eosdem,
960 3044 1044 3118 quusi
1057 3040 1135 3100 Deos
1146 3055 1195 3099 ea·

117 3139 188 3200 dem
208 3138 295 3199 bruta
315 3153 352 3198 ao
377 3139 491 3214 reptilia
508 3147 671 3200 veneratos*
682 3156 744 3200 esse
762 3153 822 3199 uua
837 3147 907 3200 oum·
918 3141 982 3214 ipso
995 3154 1073 3215 rege.
1088 3135 1197 3196 Contria

119 3253 193 3298 vero
212 3242 316 3298 nohum
335 3243 380 3297 est
399 3251 481 3314 reges
502 3253 602 3314 perses
621 3237 733 3298 eutium
752 3236 842 3313 hujus
862 3237 974 3312 generis
999 3236 1127 3294 mexirue
1146 3233 1197 3292 oh·

7 3405 8 3408 ,
119 3336 263 3413 horrere3
284 3351 322 3396 ex
341 3351 400 3412 quo
418 3335 483 3396 ilari
502 3352 562 3396 noo
581 3337 742 3412 potuisset,
764 3340 798 3394 ut
817 3349 870 3394 rex
890 3331 1135 3410 perseaDaniele
1147 3347 1196 3390 ex-

120 3435 251 3510 quireret
274 3449 327 3494 our
346 3448 406 3493 non
420 3432 554 3494 adoraret
567 3431 669 3492 Belum
681 3437 711 3492 et
724 3430 899 3492 Draoonun.
918 3428 1051 3490 Pereudos
1063 3429 1103 3489 ‚iu
1118 3426 1198 3487 huno

120 3533 221 3592 loaum
241 3533 300 3592 ait:
327 3531 460 3594 «Persae
478 3547 539 3592 nou
559 3531 653 3592 solum
673 3545 734 3590 non
753 3528 888 3590 ooiehaut
900 3527 1023 3603 Mum,
1045 3524 1096 3588 sed
1113 3524 1198 3586 nulia

121 3627 272 3690 hoheoom
290 3630 417 3708 templo,
438 3629 520 3690 nuile
532 3629 652 3691 deorum
672 3627 771 3704 idola,
793 3633 823 3687 ot
835 3625 939 3686 Strabo
953 3625 1024 3686 dieii
1043 3625 1106 3686 Beli
1124 3631 1198 3686 tem-

121 3725 207 3804 pium
226 3743 244 3786 a
263 3726 360 3788 Xerxe
379 3726 512 3790 irmditus
531 3725 622 3788 luisse
634 3725 844 3792 demolitum.»
867 3725 905 3788 iit
917 3723 974 3790 hoe
985 3737 1103 3800 quoque
1115 3737 1199 3799 aper·

119 3827 183 3886 titis
193 3825 329 3886 hauritur
342 3841 359 3884 e
372 3841 437 3902 oep.
453 3842 500 3887 vr.
516 3825 644 3901 ejusdem
658 3824 803 3901 Doridis,
816 3821 1196 3897 uudoumamhomium,

121 3930 309 4001 sairapmom
328 3924 470 4001 oonsilio,
490 3923 640 3986 limatum
660 3939 723 3986 oese
743 3939 761 3982 a
780 3922 890 3984 Dario:
917 3921 983 3982 «th
1005 3923 1101 3984 omoit
1116 3961 1127 3995 ,
1144 3919 1199 3994 oei

122 4024 239 4100 potierit
258 4022 387 4100 aliquam
406 4024 576 4100 petitionem
589 4037 804 4099 amoenumque
816 4020 893 4095 Deo,
915 4020 1093 4094 ethomine,
1107 4032 1200 4092 usque

122 4119 163 4180 ad
181 4122 303 4200 triginta
327 4119 409 4198 dies,
430 4123 488 4181 nisi
509 4137 528 4181 a
546 4127 576 4181 te
595 4137 614 4182 o
633 4136 702 4195 uera,
724 4121 857 4182 mutuum
876 4121 909 4180 ht
928 4115 1169 4180 iooomioooom.
1182 4138 1196 4166 a>

122 4219 188 4278 Hoo
200 4219 318 4296 quidem
332 4217 503 4296 decretum,
521 4222 546 4279 si
563 4219 618 4280 suh
632 4218 779 4279 chaldaeis
793 4218 910 4296 regibus
924 4223 1023 4276 aetum
1035 4221 1126 4290 esset,
1139 4229 1199 4271 non

122 4322 239 4378 mutum
259 4317 373 4378 Danieli
391 4317 599 4380 difficillimum
620 4319 778 4394 evasisset,
800 4333 902 4386 ueram
916 4312 1132 4384 etiampeisdem
1154 4326 1199 4370 sa-
