3086 5182
815 355 995 406 -118-

364 470 466 528 silonis
487 467 651 541 acecpimus
664 483 673 541 3
686 481 721 524 eu
734 479 815 541 vero,
826 479 900 542 quae
920 466 1052 526 dictmos
1066 479 1131 523 sum
1147 465 1184 524 ab
1192 464 1325 525 hebraeis
1340 473 1368 526 ct
1388 469 1444 543 ple-

365 569 462 643 risque
480 565 631 642 gentillum
651 567 870 642 acquisivimus.
891 567 926 625 ln
942 563 1188 624 Maehahaeorum
1205 563 1289 623 libris
1309 562 1349 640 (l)
1367 581 1446 624 enar-

367 673 449 725 ratur
472 665 740 742 Hierosolymorum
764 665 897 725 liberatio
919 681 971 739 per
995 665 1168 739 Simonem,
1195 666 1245 740 qui
1266 663 1327 722 illis
1350 663 1449 726 diebus

366 765 428 824 dux
448 771 512 823 erat
534 763 737 842 hebraeorum3
757 763 829 824 dicit
847 765 943 823 enirn:
970 765 1034 823 «Et
1053 765 1137 840 ejecit
1153 779 1202 824 eos
1222 763 1313 839 (idast
1334 767 1448 844 gentes)

367 863 457 938 inde,
486 867 515 922 et
537 863 690 921 mundavit
713 878 810 921 arcem
832 879 851 921 a
872 864 1190 942 contaminationibus3
1216 870 1246 924 et
1266 867 1452 928 intrauerunt

367 965 399 1022 in
421 979 486 1022 eam
516 965 602 1022 tertia
622 969 651 1022 et
670 964 814 1039 vigesima
832 963 880 1021 die
897 962 1017 1022 secundi
1036 963 1165 1039 mensis,
1187 979 1266 1023 anno
1293 965 1452 1024 centesimo

368 1063 580 1138 septuagesimo
600 1063 714 1138 primo,
736 1077 802 1121 eum
825 1060 910 1121 laude
930 1067 959 1120 et
982 1062 1253 1138 ramispalmarum
1282 1068 1313 1122 et
1340 1065 1450 1141 cinyris

368 1167 397 1219 et
414 1159 578 1238 cymbalis,
599 1159 695 1220 nablis
715 1167 744 1220 et
758 1161 877 1237 hymnis
888 1167 918 1220 et
932 1163 1073 1238 canticis,
1096 1164 1165 1237 quia
1180 1163 1324 1221 contritus
1338 1170 1384 1222 est
1400 1165 1451 1222 ini-

368 1260 462 1319 mleus
485 1275 609 1336 magnus
622 1275 658 1317 ex
671 1259 770 1318 lsrael.
793 1259 830 1317 Et
849 1261 1053 1337 eonstituit‚ut
1070 1259 1206 1320 omnibus
1226 1264 1314 1321 unnls
1336 1278 1453 1339 ageren-

368 1366 417 1418 tur
436 1355 498 1418 dies
516 1360 548 1417 hi
566 1375 633 1418 eum
655 1361 800 1418 laetitia.»
822 1358 990 1418 llarduinus
1010 1361 1041 1418 in
1059 1374 1114 1418 sua
1133 1358 1331 1437 Chronologia
1348 1363 1454 1421 veteris

369 1459 563 1535 Testamenti,
585 1459 752 1534 hujusmodi
772 1467 853 1536 gesta
870 1461 1042 1538 consignata
1059 1461 1172 1518 invenit
1187 1461 1219 1518 in
1236 1461 1387 1535 nummis,
1407 1461 1453 1535 qni

356 1558 456 1616 'multi
478 1559 667 1617 inveniuntur
688 1560 718 1615 in
739 1557 859 1616 cimeliis
877 1557 964 1635 hujus
982 1558 1109 1616 civitatis
1128 1573 1194 1615 com
1214 1557 1271 1615 hac
1291 1559 1455 1633 tergemina

370 1655 526 1732 epigraphe
548 1663 577 1715 et
600 1656 767 1716 charactere
788 1657 986 1731 samaritano,
1008 1671 1094 1732 quem
1116 1659 1159 1715 sie
1181 1654 1328 1716 hebraicis
1351 1655 1454 1715 litteris

370 1759 566 1830 repraesentat
578 1735 729 1819 ’aharith’
745 1735 861 1820 iiiiii&
877 1756 898 1813 i.
912 1770 938 1814 e.
960 1753 1101 1815 libertatis
1112 1755 1315 1829 Hierusalem3
1335 1733 1453 1819 :27⁸1ss

378 1833 497 1920 &aaut
514 1855 535 1915 l.
546 1871 573 1915 e.
602 1853 805 1930 redemptionis
820 1852 928 1926 lsrael;
945 1859 1019 1946 iiiii
1036 1830 1155 1919 itit-tt&
1170 1853 1191 1910 i.
1207 1867 1234 1910 e.
1249 1850 1458 1910 vindicationis

371 1953 452 2014 Sion.
466 1979 479 2004 s

410 2055 571 2114 Nummum
582 2055 706 2114 alterum
716 2054 837 2130 protulit
846 2053 994 2112 Arduinus
1005 2069 1042 2111 ex
1051 2067 1152 2110 musea
1163 2057 1192 2110 ct
1204 2051 1324 2126 scriptis
1341 2049 1454 2109 kisehe·

372 2157 475 2230 manis,
494 2153 574 2214 unde
592 2154 665 2214 allos
687 2153 806 2228 eduxit,
825 2155 857 2213 ln
881 2167 939 2230 quo
956 2151 1062 2211 diserte
1085 2151 1193 2228 tegitur
1210 2149 1284 2209 haec
1303 2151 1457 2226 inscriptio

370 2255 479 2328 pariter
505 2255 671 2313 samaritica
700 2252 866 2313 charactere
890 2253 1030 2327 signata,
1059 2265 1146 2326 qoem
1175 2248 1254 2308 idem
1282 2247 1457 2308 Hardninus

371 2351 521 2411 transtulit
541 2353 574 2411 in
588 2351 779 2412 hebraeorum
801 2351 942 2410 elementa
962 2349 1018 2409 hoe
1036 2348 1140 2408 modo:
1166 2373 1179 2398 a
1197 2353 1291 2413 aruit
1312 2353 1456 2430 illiniti*

374 2433 494 2514 &aaut
508 2453 529 2510 l.
546 2468 572 2510 e.
596 2449 710 2511 Simeon
730 2453 863 2527 princeps
885 2449 986 2509 Israel.
999 2473 1012 2500 υ
1033 2449 1114 2522 Quae
1127 2445 1217 2507 verba
1235 2462 1254 2504 a
1271 2461 1363 2505 sacro
1377 2451 1457 2504 textu

372 2548 617 2609 Machabaeorum
641 2549 678 2625 (t)
701 2551 864 2626 prodeunt,
890 2547 1089 2609 ubidicitur:
1120 2573 1133 2598 a
1152 2545 1190 2607 Et
1213 2547 1313 2621 eoepit
1335 2544 1460 2620 populos

371 2647 461 2706 Israel
485 2648 611 2708 scrihere
633 2650 664 2708 in
686 2647 818 2725 tabulis,
846 2654 875 2708 et
896 2649 984 2726 geshs
1007 2647 1154 2724 puhlicis,
1181 2659 1260 2704 anno
1282 2646 1386 2719 primo
1409 2641 1459 2702 snb

372 2744 488 2804 Simone
505 2762 621 2807 summo
638 2748 801 2825 sacerdote,
819 2763 927 2826 magno
942 2749 1033 2824 duce,
1054 2752 1083 2806 et
1099 2747 1229 2822 principe
1238 2743 1454 2821 judaeorum.»

372 2843 436 2903 llee
443 2847 513 2904 item
527 2847 638 2906 eruihrr
650 2863 666 2904 e
680 2845 776 2905 verbis
791 2847 856 2906 aliis
872 2845 999 2922 ejusdem
1016 2843 1068 2922 (3),
1084 2846 1115 2902 in
1129 2859 1187 2920 quo
1200 2840 1375 2901 Antiochus
1386 2839 1459 2898 lilius

374 2943 534 3020 Demetrii,
550 2948 681 3020 permisit
694 2945 805 3004 Simoni
825 2945 919 3006 faeere
933 2959 1136 3021 percussuram
1156 2943 1268 3018 proprii
1294 2943 1457 3000 numisma-

332 3095 334 3100 ,
359 3043 411 3101 'tis
439 3045 471 3101 in
494 3047 611 3121 regione
635 3061 699 3104 sua.
724 3044 904 3103 Froeliehius
925 3045 956 3102 in
979 3041 1142 3101 Annalibus
1159 3037 1401 3116 Compendiariis
1420 3053 1458 3095 re
1534 3087 1535 3094 ,

375 3155 445 3218 gum
466 3141 586 3221 Syriae,
608 3145 734 3219 plurima
748 3145 925 3203 numismata
943 3140 1059 3218 collegit
1081 3140 1183 3200 litteris
1204 3140 1402 3198 samaritanis
1416 3137 1458 3194 de

372 3246 503 3320 scripta,
525 3259 599 3321 quae
622 3245 660 3304 ud
681 3245 781 3304 eadem
802 3251 901 3322 gestu,
923 3250 953 3303 et
971 3231 1050 3302 viros
1070 3246 1224 3330 spectant2
1244 3242 1277 3298 ln
1300 3239 1391 3299 libris
1405 3237 1459 3297 lla-

372 3339 566 3401 chabaeorum
589 3345 723 3403 censitos.
749 3342 786 3419 (4)

411 3437 577 3500 Alexander
597 3441 736 3518 Magnus,
751 3443 802 3518 qui
824 3439 1070 3500 Machaheecrum
1091 3439 1142 3498 lib.
1156 3455 1179 3496 r.
1203 3439 1335 3513 citatur,
1358 3439 1391 3494 in
1410 3449 1459 3492 nu·

371 3537 506 3598 mismate
523 3546 659 3616 argenteo
672 3542 802 3617 pingitur
815 3540 909 3614 eapite
931 3537 1112 3612 diademato,
1133 3541 1273 3610 cornuto,
1292 3533 1456 3610 elephantis

372 3638 486 3694 exuviis
506 3643 602 3715 tecto,
625 3654 691 3698 eum
710 3637 766 3698 hue
779 3639 967 3713 inscriptione
981 3637 1145 3701 Αλεξανδρου
1160 3635 1181 3693 i.
1197 3650 1224 3692 e.
1241 3631 1411 3691 Alexandri
1425 3627 1460 3703 (5)

372 3733 407 3791 ln
426 3732 518 3792 ultera
539 3751 609 3795 vere
631 3738 814 3795 numismatis
835 3742 917 3812 porte
937 3735 1090 3812 inspicitur
1107 3732 1205 3792 Pallas
1226 3730 1348 3808 galeata
1369 3727 1459 3787 telum
1533 3765 1534 3786 t

371 3831 491 3891 vibrans
514 3849 548 3892 ac
570 3834 672 3912 clypco
697 3837 830 3912 munita,
853 3835 890 3895 ad
904 3835 991 3912 pedes
1012 3831 1110 3909 aquila
1125 3837 1154 3890 et
1174 3829 1288 3889 fulmen
1310 3827 1460 3905 unguibus

372 3931 528 4006 stringens.
550 3932 585 3989 ln
609 3947 677 3992 area
696 3934 753 3991 sita
772 3940 816 3992 est
834 3931 916 4008 galea
929 3939 1060 4007 extensa,
1079 3937 1107 3991 et
1123 3943 1350 4006 monogramma
1373 3931 1405 3982 ll.
1434 3927 1462 3980 P.

412 4027 447 4086 In
469 4031 563 4105 capite
585 4033 680 4105 primo
699 4029 829 4107 ejusdem
853 4031 921 4091 libri
941 4033 1078 4091 narratur
1096 4029 1219 4089 historia
1236 4025 1382 4086 Antiochi
1399 4025 1465 4098 lapi·

431 4242 467 4306 (1)
484 4251 505 4294 1.
516 4247 578 4295 llac.
589 4259 610 4296 c.
625 4247 691 4295 lllll.
707 4253 745 4296 51.
758 4273 788 4284 -
800 4245 837 4310 (2)
852 4255 873 4297 1.
892 4247 954 4296 illoc.
976 4259 998 4295 e.
1010 4247 1078 4295 lllll.
1091 4247 1130 4294 lt.
1155 4267 1185 4281 ·-
1200 4239 1235 4304 (3)
1252 4249 1274 4311 ig.
1289 4243 1353 4290 liae.
1370 4241 1425 4288 llv.
1440 4244 1461 4285 a.

375 4347 405 4360 -
420 4323 453 4386 (4)
470 4325 587 4375 Froellch.
600 4325 659 4375 Tali.
674 4327 761 4374 llvlll.
778 4326 812 4388 (5)
827 4325 905 4374 Fruel.
920 4324 979 4375 Tob.
1000 4333 1020 4374 l.
1031 4337 1099 4374 num.
1117 4331 1137 4373 t.
