2964 5174
823 393 982 445 ...93-

354 501 441 581 bros,
464 511 498 564 ut
515 500 632 563 hebraei
648 503 784 580 tradunt,
794 505 900 581 viginti
917 505 1008 580 duos,
1021 505 1128 582 quibus
1140 507 1269 582 aequalis
1280 514 1426 580 estnume·

357 620 408 662 ms
425 603 634 662 elementorum
657 601 865 678 hebraeorum,
884 618 945 661 nou
964 602 1017 662 abs
1035 619 1067 661 re
1081 619 1162 679 esse;
1178 610 1212 662 ut
1226 606 1306 662 enim
1321 605 1393 665 duae
1407 616 1432 666 et

356 703 462 780 viginti
476 703 589 761 litterae
609 701 786 760 introductio
804 699 843 759 ad
864 699 1061 778 Sapientiam,
1080 707 1110 760 ct
1126 701 1260 760 divinam
1272 701 1430 763 Doctrinam

355 799 402 860 his
430 797 647 859 characteribus
673 797 846 873 impressam
871 797 1057 874 hominibus,
1087 815 1150 858 esse
1170 797 1328 876 videntrrr,
1346 803 1385 859 sic
1401 803 1434 861 ad

353 899 533 974 Sapientiam
545 895 616 973 Dei,
631 903 660 956 et
673 913 771 955 rerum
784 899 936 972 notitiam,
952 895 1176 956 fundamentum
1193 904 1280 973 sunt,
1295 903 1380 974 atque
1392 901 1431 957 in-

353 997 499 1055 troductio
515 995 583 1054 iibri
607 992 773 1071 scripturae
790 995 850 1053 duo
866 1000 896 1053 ct
912 997 1029 1071 viginti.
1050 994 1125 1054 Sunt
1144 1001 1243 1054 autem
1259 997 1366 1072 viginti
1382 995 1434 1055 duo

350 1097 438 1170 juxta
452 1093 593 1154 hebraeos
606 1093 648 1152 hi.
669 1093 798 1169 Primus,
812 1094 864 1169 qui
878 1109 897 1151 a
909 1092 994 1151 nobis
1007 1089 1127 1152 Genesis
1138 1091 1264 1152 habetur
1275 1136 1283 1150 .
1293 1136 1301 1150 .
1311 1135 1336 1150 ..
1352 1108 1433 1169 risque

355 1193 394 1251 ad
413 1190 535 1267 Esther,
564 1206 638 1268 quos
662 1189 711 1250 hic
731 1205 843 1249 vanum
866 1205 1015 1250 recensere
1037 1191 1182 1250 exbdmo.
1207 1187 1322 1248 Deinde
1348 1190 1431 1250 addit:

359 1316 372 1340 ι
385 1289 478 1349 Extm
499 1289 606 1348 horum
621 1305 742 1348 censum
761 1295 830 1348 sunt
846 1287 914 1348 libri
931 1287 1195 1365 Machabaeomm‚
1214 1289 1267 1365 qui
1282 1288 1433 1348 inscribun-

355 1395 405 1447 tur
417 1387 526 1448 Sorbet
538 1386 709 1448 Sordcoeel.
725 1412 737 1436 υ
755 1387 842 1446 Hisce
855 1388 953 1446 verbis
966 1385 1118 1464 Origenes,
1131 1393 1161 1446 et
1172 1388 1357 1464 potissimum
1369 1389 1432 1446 islis:

362 1513 374 1538 a
389 1487 480 1546 Juxta
495 1485 656 1563 hebraeos,
668 1492 703 1545 ut
715 1486 833 1544 hebraei
852 1486 988 1563 uadunt,
1007 1501 1190 1563 »eorumque
1208 1490 1340 1543 mentem
1356 1486 1433 1561 expli-

357 1601 447 1661 cam,
470 1584 541 1661 quid
567 1584 680 1644 Canoni
713 1584 915 1642 Ecclesiastico
944 1583 1037 1642 officit
1061 1583 1230 1643 divinorum
1265 1583 1432 1658 Bibliomm,

358 1701 446 1760 quem
465 1683 515 1743 ille
536 1681 687 1759 hucusque
700 1682 785 1741 firme
805 1685 942 1760 agnovit,
961 1684 1096 1759 retinuit,
1114 1681 1299 1741 vindicavit?
1319 1681 1373 1739 Hic
1384 1683 1433 1758 agit

360 1789 393 1844 ut
407 1785 563 1844 historicus
575 1783 732 1861 Origenes,
747 1800 807 1842 uon
823 1789 922 1842 autem
934 1790 969 1843 ut
981 1781 1181 1860 dogmaticum
1192 1777 1367 1859 judaeorum
1383 1783 1432 1856 opl-

357 1885 459 1942 nlones
479 1889 598 1959 narrat,
620 1895 779 1958 eorumque
798 1879 962 1940 doctrinam
981 1883 1139 1959 mysticam
1158 1882 1190 1967 in
1209 1879 1333 1956 litteris,
1347 1894 1380 1937 ac
1394 1893 1431 1936 ea·

356 1999 424 2041 rum
445 1997 567 2042 numero
585 1979 720 2056 deponit,
742 1981 828 2038 sicuti
847 1979 927 2039 illius
946 1977 1025 2038 dicta
1044 1985 1190 2038 scrutatus
1208 1979 1364 2055 quisquam
1380 1991 1431 2050 per-

357 2081 437 2155 cipit.
461 2079 524 2138 Hac
541 2081 654 2137 ratione
676 2093 748 2137 usus
768 2077 898 2136 ililarius
915 2078 1007 2152 ipsius
1025 2082 1165 2153 sectator,
1184 2077 1295 2152 pariter
1312 2074 1430 2148 scripsit,

356 2182 496 2251 utsupra
515 2176 628 2235 dictum
650 2181 704 2234 est.
731 2175 792 2234 Nos
809 2191 925 2251 quoque
942 2175 979 2233 de
999 2173 1116 2234 Canone
1136 2173 1331 2234 hebraeorum
1351 2170 1431 2229 dicere

356 2274 494 2350 solemus,
515 2282 549 2335 ut
562 2277 693 2350 ipsorum
707 2274 807 2334 Canon
820 2292 838 2334 a
851 2281 951 2334 nostro
964 2274 1169 2334 Ecclesiastico
1186 2273 1302 2333 secerni
1313 2273 1406 2348 possit.

396 2373 425 2447 S.
447 2373 485 2433 V.
505 2373 627 2432 Ineunte
650 2372 766 2431 saeculo
787 2375 891 2448 temo,
911 2371 1056 2432 scribebat
1072 2371 1232 2449 Dionysius
1253 2369 1430 2430 Alexandriae

358 2473 510 2546 episcopus
525 2477 627 2530 contra
640 2471 726 2531 Pauli
743 2473 920 2530 samosateni
932 2473 1132 2547 quaestionem
1150 2470 1187 2547 (t)
1204 2473 1236 2529 in
1252 2469 1356 2546 quibus
1372 2467 1430 2525 haec

358 2585 376 2628 e
396 2567 559 2645 Sapientiae
578 2569 654 2627 libro
676 2568 759 2645 legit:
780 2567 951 2644 «Scriptum
975 2575 1019 2628 est
1041 2571 1134 2628 enim:
1151 2567 1305 2645 -Spiritus
1324 2565 1429 2626 Sanctus

358 2667 523 2743 Sapientiae
541 2666 634 2743 fugiet
654 2667 773 2743 dolum,
800 2673 829 2727 et
854 2667 962 2726 recedit
982 2684 1001 2726 a
1019 2667 1265 2744 cogitationibus,
1284 2681 1356 2742 quae
1375 2667 1429 2722 sunt

358 2767 422 2823 sine
435 2765 600 2841 intellectu,
612 2771 641 2824 et
655 2767 827 2840 corripietur
841 2781 859 2824 a
872 2767 1094 2841 superveniente
1106 2767 1296 2841 iniquitate.»
1311 2763 1348 2823 Et
1358 2761 1429 2839 paulo

358 2869 425 2938 post
444 2865 602 2946 repetitor
620 2864 721 2922 eodem
737 2865 848 2938 capite:
868 2888 881 2913 «
894 2863 957 2923 Hoc
973 2869 1017 2922 est
1031 2865 1122 2940 igitur
1135 2863 1214 2940 quod
1232 2865 1370 2939 scriptum
1381 2865 1426 2934 est,

358 2963 438 3038 quod
456 2963 678 3040 blasphemum,
693 2970 721 3023 et
734 2963 910 3022 maledicum
927 2979 988 3022 non
1008 2964 1144 3024 liberabit
1157 2981 1176 3023 a
1188 2963 1276 3024 labiis
1291 2965 1360 3038 suis,
1374 2961 1428 3037 quia

347 3053 462 3121 'renum
481 3065 543 3138 ejus
561 3067 605 3120 est
621 3065 703 3122 tostis
722 3063 811 3122 Deus.
827 3088 840 3113 ν
857 3063 999 3122 Eusebius
1013 3065 1045 3121 in
1062 3063 1185 3122 historia
1205 3059 1427 3124 ecclesiasticali·

357 3159 410 3229 bro
428 3177 488 3218 vu.
512 3175 576 3235 cap.
600 3167 646 3218 11.
670 3161 782 3219 litteras
801 3161 933 3237 ejusdem
947 3160 1082 3238 Dionysii
1095 3161 1222 3237 profert,
1243 3161 1350 3238 quibus
1369 3159 1426 3218 Ger·

253 3257 255 3264 '
359 3275 448 3317 mano
465 3259 583 3318 cuidam
609 3261 743 3335 episcopo
762 3259 935 3336 respondet,
950 3262 1001 3336 qui
1015 3261 1112 3335 ipsum
1130 3260 1306 3319 colmnniari
1323 3255 1427 3317 coneha*

358 3360 416 3414 tur.
442 3356 496 3416 ilis
513 3360 545 3415 in
565 3357 670 3417 litteris
691 3355 800 3416 Tobiae
825 3356 991 3433 Scripturae
1021 3359 1194 3417 auctoritate
1217 3359 1311 3417 utitur
1326 3355 1426 3414 dlcens:

365 3454 533 3530 «Equidem
552 3469 654 3514 vereor
675 3472 712 3514 ne
727 3459 760 3513 in
780 3456 957 3514 dementiam
975 3471 1010 3514 ae
1029 3461 1177 3531 stuporem
1208 3454 1307 3530 lapsus
1324 3467 1380 3512 esse
1396 3449 1427 3507 vi

359 3553 449 3630 dear,
468 3553 539 3614 dum
555 3556 662 3614 referre
677 3571 766 3632 cogor
783 3556 985 3616 admirabilem
999 3573 1070 3633 erga
1081 3572 1136 3615 nos
1149 3555 1204 3615 Dei
1216 3553 1425 3632 providentiam,

362 3667 396 3709 ac
414 3651 676 3728 dispensationem:
692 3653 749 3707 ἀλλ’
764 3654 852 3713 ἐπειδή
868 3655 1033 3726 μυστήριον,
1053 3655 1131 3727 φησί,
1144 3653 1272 3719 βασιλέως
1287 3649 1377 3723 κρύψαι
1390 3667 1425 3699 rc·

361 3751 419 3812 λόν,
434 3751 467 3802 τοὶ
481 3752 507 3804 δέ
523 3751 589 3824 ἔργα
603 3754 649 3806 τοῦ
663 3757 728 3814 Θεοῦ
739 3752 928 3809 ἀνακαλύπτειν
944 3753 1055 3831 ἔνδοξον,
1069 3753 1180 3814 ἱ.θ.3θ(1
1195 3753 1336 3831 siquidem
1352 3761 1425 3808 Sdtl'd·
1453 3739 1457 3750 ¹

359 3853 443 3924 tum,
458 3849 529 3909 dicit
545 3851 743 3930 (Scriptura),
757 3855 834 3930 regis
853 3854 1030 3913 abscondere
1046 3853 1168 3929 bonum,
1179 3869 1267 3928 opera
1284 3854 1373 3912 autem
1384 3841 1425 3902 Dei

361 3947 490 4006 revelare
508 3949 677 4026 gloriosum,
702 3951 859 4011 adversum
871 3951 1050 4012 Germanum
1073 3951 1236 4011 decertabo.
1254 3975 1266 4002 »
1282 3949 1326 4008 Ex
1342 3942 1424 4022 paucis

360 4042 458 4121 illius,
482 4061 558 4121 quae
588 4061 668 4105 nunc
690 4055 846 4124 supersunt
859 4051 967 4126 scripta
980 4092 989 4126 ,
1004 4065 1098 4125 pauca
1119 4065 1173 4124 pro
1194 4047 1278 4106 nobis
1304 4036 1423 4105 sumendi

360 4149 439 4200 sunt.

387 4333 421 4396 (l)
432 4334 531 4385 Bibliot.
541 4338 607 4385 Patr.
620 4339 675 4400 Sap.
691 4353 712 4386 c.
726 4339 775 4388 lt.
