3070 5180
812 393 853 404 ...
874 369 911 424 12
930 391 973 406 -.

351 479 582 556 interdicuntur,
602 478 688 555 quam
712 475 766 538 Dei
780 476 886 554 Augeli
906 477 1020 538 monitu
1036 477 1069 536 in
1090 475 1177 540 Tohit
1197 495 1246 539 rr.
1272 485 1378 538 16-17
1403 477 1457 540 ad·

353 578 524 654 probantur.
688 597 698 638 ,’
1343 615 1352 630 ·

391 676 523 734 Tandem
545 673 632 733 rebus
658 673 727 732 libri
748 672 908 751 apocryphi
929 679 1081 750 constant,
1101 690 1177 750 quae
1194 674 1266 734 aliis
1295 674 1457 734 historicis

353 771 477 831 ethnicis
492 771 572 830 haud
584 770 749 830 cohaerent.

380 865 440 927 'Sic
457 876 485 928 1.
504 865 602 926 Mach.
627 883 703 926 vrri.
731 875 780 926 16.
815 867 964 926 Romanos
990 873 1126 926 narratur
1153 885 1258 928 eorum
1285 870 1458 944 imperium

350 967 474 1042 singulis
489 967 574 1023 aunis
588 967 641 1023 uni
654 966 843 1042 commisisse,
857 967 1033 1041 quiomnem
1044 966 1127 1024 illam
1140 969 1298 1044 regionem
1312 967 1456 1042 regebat,

352 1069 382 1124 et
397 1081 497 1124 omnes
513 1066 622 1140 pariter
636 1065 689 1122 uni
705 1063 839 1140 obedire,
866 1069 895 1122 et
909 1064 984 1122 nihil
1002 1065 1203 1123 aemulationis
1218 1051 1306 1124 inter
1326 1081 1383 1124 eos
1407 1083 1457 1126 ex-

349 1169 435 1221 stare.
450 1161 536 1221 Nunc
549 1161 623 1220 haee
634 1161 725 1220 verha
744 1161 783 1221 ab
801 1161 949 1238 omnibus,
965 1161 1055 1221 nullis
1070 1165 1217 1238 exeeptis,
1236 1163 1390 1222 romanis
1412 1163 1457 1221 hi-

349 1262 462 1318 storicis
482 1259 668 1335 abjiciuntur.
689 1258 784 1318 Unius
804 1261 958 1335 imperium
974 1275 1035 1318 non
1046 1265 1118 1318 tuuc
1131 1263 1283 1319 sanatum
1301 1259 1381 1337 fuit,
1394 1263 1454 1320 nisi

348 1357 464 1416 saeculo
480 1363 635 1432 postquam
651 1355 700 1415 hic
714 1357 964 1432 lihcrdascriptus
978 1357 1045 1416 fuit.

388 1455 501 1514 Pariter
516 1454 677 1513 Alexandri
693 1456 796 1513 mortis
816 1454 855 1529 (1.
865 1454 964 1514 Mach.
977 1471 1001 1513 r.
1017 1454 1080 1531 6-7)
1094 1453 1236 1532 historia,
1253 1458 1316 1532 qul
1334 1455 1453 1532 absquo

344 1556 412 1629 jure
431 1569 552 1629 graecus
571 1557 712 1629 vocatur,
738 1553 883 1612 historicis
904 1553 991 1629 aliis,
1013 1554 1065 1629 qui
1084 1552 1121 1612 dc
1139 1569 1175 1612 eo
1193 1557 1373 1630 scripsere,
1388 1571 1450 1613 non

349 1649 515 1725 respondet.
876 1683 879 1688 -

389 1747 530 1820 Quamvis
543 1746 611 1805 libri
631 1747 791 1824 apocryphi
804 1763 865 1806 uon
878 1749 937 1807 sint
951 1763 1035 1822 pares
1050 1748 1139 1806 alicui
1152 1747 1310 1807 docuiuae
1323 1748 1451 1807 firman·

351 1845 423 1921 (lac,
438 1851 538 1904 tamen
549 1852 583 1904 ut
596 1848 716 1921 antiqua
731 1848 839 1920 scripta
852 1845 939 1904 valde
953 1847 1160 1922 aestimantur,
1176 1861 1252 1921 qnae
1264 1845 1446 1921 Scripturas

350 1942 468 2019 phrasi,
489 1942 626 2000 historiae
645 1949 675 2000 et
691 1943 820 2001 moribus
835 1942 1022 2002 orientalibus
1037 1941 1137 2000 lumen
1151 1943 1325 2001 conterunt.
1350 1942 1446 2002 Sicuti

351 2046 449 2100 autem
462 2041 625 2116 praeclaros
641 2057 743 2099 sensus
759 2057 794 2099 ac
812 2047 964 2117 praerepta
975 2041 1060 2100 utilia
1074 2040 1242 2117 ostendunt,
1260 2043 1385 2116 primae
1398 2056 1444 2100 aa·

351 2140 420 2196 tatis
438 2137 612 2197 christianae
625 2141 806 2214 imitatione,
821 2139 974 2216 anglicana
984 2139 1114 2198 Ecclesia
1125 2141 1158 2196 in
1169 2142 1248 2200 ritae
1264 2138 1443 2214 exemplum

353 2242 387 2294 et
400 2251 516 2294 morum
531 2236 765 2296 informationem
780 2253 817 2296 eu
832 2239 869 2295 iis
884 2237 1026 2314 quosdam
1039 2238 1109 2314 legit
1121 2236 1159 2314 (1)
1174 2280 1183 2296 .

752 2529 862 2590 Contra
881 2529 953 2589 haer
980 2533 1030 2589 ait.

376 2829 411 2894 (1)
427 2832 495 2887 Quae
512 2827 594 2878 omnia
613 2830 699 2879 auctor
713 2839 728 2878 a
741 2827 817 2880 variis
836 2829 960 2880 Ecclesiae
966 2827 1122 2892 protestantis
1136 2830 1253 2892 patronis,
1265 2837 1359 2891 aarnpe
1374 2829 1431 2878 Bur·

351 2911 410 2973 aet,
427 2910 556 2972 Gorham,
572 2907 655 2972 Dici,
670 2907 860 2974 lloldcrrharer,
876 2909 951 2961 cosin
963 2945 976 2972 ,
988 2909 1097 2960 harduer
1112 2912 1139 2960 et
1158 2909 1214 2960 aliis
1234 2909 1345 2972 (ΔΜ.

816 3423 969 3548 ,Q
