2964 5174
826 381 1007 432 *144-

381 505 458 550 rum.
480 491 510 550 Is
540 493 685 566 postremo
708 483 845 565 dogmate
872 488 1026 549 confirmat
1049 501 1099 565 ca,
1120 505 1196 566 quae
1220 498 1332 552 antean
1348 511 1374 554 se
1388 496 1422 556 di·

381 589 540 665 cebantur,
554 589 649 662 lnquit
661 587 754 646 enim:
775 611 787 636 a
799 587 860 646 Ista
874 603 944 645 uero
957 603 1014 646 nos
1024 586 1130 646 docent
1146 587 1283 650 divinitus
1296 594 1425 668 inspiratae

381 689 488 746 ueteris
500 693 529 746 et
546 689 616 745 novi
628 688 794 745 testamenti
807 685 982 762 scripturae.
1004 685 1088 748 Unus
1105 693 1149 746 est
1164 691 1242 747 enim
1253 693 1386 766 uniusque
1396 699 1427 752 te·

381 787 518 846 stamcnti
536 785 631 861 Deus,
644 767 703 862 'qui
721 785 871 845 Christum
888 787 920 844 in
944 801 1022 846 novo
1040 789 1228 862 conspicuum
1244 787 1346 848 iactum
1364 806 1428 864 prae

380 885 528 942 nuntiavit
546 885 577 942 ln
599 885 726 942 veteri.»
758 883 850 942 Paulo
874 889 940 959 post
963 881 1062 942 addit:
1083 882 1242 944 «Studiose
1269 890 1428 962 quaquella

381 979 533 1055 φνλομαθῶς
551 979 673 1052 ἑτίγνωθτ
687 1021 693 1046 r
707 981 751 1040 καί
774 981 845 1054 παραὶ
856 980 1092 1047 τῆςἛκκλησίας,
1114 985 1187 1037 ποῖαι
1211 983 1256 1055 μὲν
1275 983 1337 1036 εἰσίν
1357 983 1383 1036 σί
1398 985 1430 1045 τῆς

380 1075 498 1135 exactae
522 1071 648 1136 διαθήκης
666 1071 767 1139 βίβλον,
784 1075 857 1128 τοίαν
881 1074 906 1126 δι’
929 1077 973 1135 τῆς
993 1075 1090 1136 καννῆς·
1106 1074 1151 1128 καί
1170 1076 1217 1148 μοί
1235 1073 1311 1147 μηδὲν
1329 1076 1369 1127 τίν
1383 1072 1430 1126 dra·

378 1165 474 1238 apa'qtpr
496 1165 662 1238 ἀναγίνωσκε·
681 1165 758 1238 α’γνίς
773 1167 806 1219 ταί
819 1165 888 1238 napo?
905 1167 982 1221 πᾶσιν
997 1165 1195 1238 ὄμολογίυμινα
1208 1167 1245 1238 μή
1262 1165 1339 1230 εἰδοῖς,
1354 1165 1377 1218 τί
1387 1168 1429 1236 aql

381 1257 413 1310 rol
436 1256 658 1331 αμφιβαλλόμενα
684 1259 850 1330 ταλαιπωρεῖς
869 1256 971 1330 μα’ττιν,Ι
991 1255 1147 1329 ἀναγίνωσκε
1174 1258 1221 1319 τοὶς
1244 1254 1315 1320 θείας
1338 1257 1432 1329 γραφὲς,

380 1351 427 1413 τάς
448 1349 530 1406 trecor
551 1350 594 1405 δύο
614 1348 722 1417 βίβλους
738 1353 784 1415 τῆς
800 1352 917 1412 achaiae
933 1347 1059 1412 διαθήκης
1076 1349 1186 1414 ταύτας,
1199 1351 1245 1412 τὰς
1264 1349 1312 1408 ὁτὲ
1327 1353 1368 1403 τῶν
1379 1347 1432 1413 ε’βδν·

380 1441 496 1512 μήκοντα
506 1441 550 1496 du'o
566 1443 721 1516 ε’ρμηντιίτων
735 1441 952 1516 ἑρμηνευθνίσας,
964 1443 986 1500 i.
1002 1457 1028 1500 e.
1043 1439 1129 1500 Disce
1142 1447 1172 1500 et
1184 1440 1221 1500 ab
1235 1440 1370 1514 Ecclesia,
1379 1455 1431 1514 qlli-

382 1535 424 1596 les
442 1538 561 1614 quidem
581 1544 650 1598 sunt
669 1539 775 1598 ueteris
792 1541 958 1598 testamenti
975 1538 1062 1615 libri,
1081 1540 1182 1616 quales
1201 1544 1298 1597 autem
1309 1538 1385 1612 ncri3
1396 1553 1431 1594 ne-

381 1650 439 1710 que
452 1636 526 1694 mihi
539 1636 699 1712 quidquam
710 1636 946 1714 apocryphorum
960 1635 1051 1714 legas.
1063 1637 1178 1696 Etenim
1188 1652 1263 1713 quae
1276 1633 1350 1710 apud
1356 1650 1432 1692 omnes
1463 1665 1464 1708 γ

381 1731 413 1788 in
428 1732 561 1792 confesso
578 1740 648 1794 sunt
664 1737 815 1810 nesciens,
836 1733 907 1810 quid
924 1735 1003 1793 circa
1020 1750 1071 1810 ea,
1096 1749 1170 1810 quae
1187 1740 1368 1793 controversa
1383 1735 1433 1788 sunt
1463 1723 1464 1736 ¹

382 1826 498 1890 laboras
518 1831 649 1892 frustra?
662 1833 739 1908 Lege
755 1830 871 1890 divinas
892 1828 1074 1909 Scripturas,
1095 1833 1201 1909 viginti
1220 1832 1310 1907 duos,
1330 1829 1432 1902 scilicet,
1463 1871 1464 1922 ,

381 1925 470 1986 lihros
483 1931 589 1989 veteris
602 1929 737 2006 foederis,
747 1933 798 2006 qui
809 1929 1023 2008 aSeptuaginta
1037 1930 1096 1991 duo
1110 1930 1315 2012 interpretibus
1326 1927 1432 1987 hanslati
1463 1927 1464 2010 l

381 2033 460 2086 sunt.
475 2052 488 2079 ν
504 2027 614 2087 Deinde
631 2031 773 2088 enarratis
784 2027 974 2105 Septuaginta
992 2029 1051 2088 duo
1067 2032 1258 2105 interpretum
1276 2028 1399 2102 historia,
1414 2031 1433 2084 et
1463 2015 1464 2094 l

381 2123 541 2186 Ptolomaei
564 2125 744 2202 philadelphi
761 2143 814 2202 pro
831 2127 888 2187 hac
907 2126 1097 2186 translatione
1118 2127 1270 2205 suffragiis
1291 2131 1325 2203 et
1346 2124 1432 2198 studio,

381 2223 423 2280 sic
437 2229 535 2282 censet
550 2221 698 2282 (lenonem
716 2225 946 2301 Scripturarsun:
966 2228 1091 2283 «Τούτων
1110 2227 1156 2290 ταὶς
1176 2224 1261 2280 εἴκοσι
1286 2225 1327 2278 aaa
1352 2221 1433 2289 iiiam
1463 2225 1464 2308 γ

381 2319 549 2392 ἀναγίνωσκε·
566 2323 630 2394 πρός
646 2325 671 2376 δὲ
690 2323 723 2376 ταὶ
736 2323 871 2396 ἀπίκρυφα
886 2322 966 2394 μηδὲν
982 2320 1027 2394 ἔχε
1048 2321 1141 2374 κοινόν·
1158 2317 1257 2380 ταύτας
1271 2317 1348 2389 μόνας
1363 2316 1434 2387 μελέτα

382 2411 537 2477 σπουδαίως,
551 2409 582 2476 α’ίς
598 2415 623 2466 ἒν
639 2414 684 2468 καί
697 2415 841 2482 Ἐκκλησία
856 2416 924 2485 μετα
943 2411 1088 2486 παῤῥησίας
1104 2408 1322 2482 ἀναγινώσκομεν
1334 2406 1432 2462 noluero

380 2502 566 2576 φρονιμώτερον,
583 2506 627 2558 καί
647 2503 830 2578 εὐλαβέστερον
849 2503 917 2562 ἦσαν
942 2505 967 2559 or‘
979 2503 1158 2568 ’andreatem
1178 2500 1222 2555 καί
1241 2501 1267 2554 σί
1281 2498 1380 2572 αἶρχαίαι
1397 2493 1433 2548 ε’τί-
1463 2495 1464 2578 γ

382 2613 487 2658 aaaron,
503 2595 528 2648 σί
543 2595 756 2659 τῆςἘκκλησίας
776 2597 933 2670 προστάται,
951 2596 976 2650 or'
992 2593 1090 2656 ταύτας
1109 2592 1277 2665 παραδόντες·
1295 2590 1326 2643 σύ
1345 2585 1391 2652 σίν,
1407 2585 1434 2638 τί·
1463 2589 1464 2644 l

380 2703 435 2736 κνσν
449 2685 660 2748 τῆςἘκκλησίας
677 2684 721 2752 νίν,
731 2689 767 2760 μή
783 2688 970 2760 παραχαραττε
981 2687 1041 2749 τούς
1056 2683 1188 2756 θεσμονίς,
1207 2683 1228 2739 Ι.
1238 2697 1265 2740 e.
1277 2681 1381 2740 Harum
1391 2679 1433 2754 ltgt

382 2778 472 2842 libros
484 2784 589 2858 uiginti
603 2783 692 2859 duos,
707 2800 775 2844 cnm
788 2782 963 2860 apocryphis
979 2788 1076 2841 autem
1092 2781 1166 2840 nihil
1177 2779 1285 2840 habeto
1298 2791 1431 2850 commune,
1463 2825 1464 2846 ,

381 2877 435 2940 hos
453 2879 529 2938 solos
549 2880 650 2939 sedulo
667 2881 826 2958 meditare,
842 2897 916 2958 quas
933 2883 964 2939 in
988 2880 1117 2938 Ecclesia
1134 2880 1221 2937 etiam
1238 2885 1318 2937 certa
1334 2876 1431 2947 fiducia,
1463 2921 1464 2948 ,

381 2975 428 3034 vel
444 2976 577 3038 libertate
594 2978 728 3055 legimus.
744 2979 839 3038 Multo
852 2984 881 3037 te
895 2978 1110 3054 prudentiores,
1125 2982 1154 3035 et
1171 2977 1361 3052 religiosiores
1374 2975 1432 3032 erant

381 3072 530 3150 Apostoli,
546 3081 575 3134 et
588 3079 700 3152 antiqui
714 3079 840 3152 episcopi
860 3076 1005 3136 Ecclesiae
1012 3075 1169 3151 praesules,
1182 3077 1232 3151 qul
1247 3091 1297 3133 cos
1307 3071 1431 3142 tradidem
1463 3073 1464 3084 ¹

380 3177 413 3231 tu
431 3189 501 3249 ergo
516 3173 661 3234 Ecclesiae
673 3175 751 3234 iilius
766 3192 834 3234 cum
851 3177 891 3234 sis
905 3191 943 3233 nc
959 3175 1100 3233 terminos
1119 3179 1335 3232 transvertas.»
1350 3165 1432 3228 Deinde

380 3285 430 3328 eos
446 3272 619 3330 nominatim
631 3274 743 3331 recitat:
764 3298 776 3322 «ι
788 3273 875 3350 Legis
890 3274 968 3332 enim
979 3278 1049 3330 sunt
1058 3273 1146 3348 primi
1154 3271 1285 3346 quinque
1298 3268 1361 3326 libri
1372 3265 1431 3338 Moy·

378 3368 437 3443 sie,
460 3367 595 3445 Genesis,
610 3369 746 3446 Excdus,
765 3370 928 3446 Leviticus,
947 3369 1083 3445 Numeri,
1102 3368 1366 3427 deuteronomium.
1383 3358 1432 3420 nde

379 3465 464 3524 Jesus
479 3465 558 3525 iilius
577 3467 676 3544 Nave,
697 3475 726 3527 et
738 3468 876 3527 lodicum
893 3468 984 3544 liber,
999 3469 1051 3543 qui
1067 3482 1127 3526 una
1140 3481 1209 3524 cum
1221 3465 1305 3524 Ruth
1323 3463 1432 3538 seph'nu
1463 3529 1464 3550 γ

378 3569 558 3625 numeratur.
587 3564 755 3628 Ceterorum
777 3568 847 3652 uero
877 3565 1081 3624 historicorum
1108 3563 1272 3638 librorum,
1293 3563 1431 3637 Regnorum
1463 3551 1464 3638 l

378 3662 489 3735 primus
506 3668 534 3721 et
547 3664 710 3740 secundus,
725 3679 801 3722 unus
815 3669 860 3724 est
877 3663 954 3739 apud
967 3662 1106 3722 hebraeos
1120 3661 1212 3736 liher3
1226 3676 1306 3719 unns
1320 3661 1383 3716 item
1393 3659 1431 3711 ter·
1463 3689 1464 3744 γ

377 3759 436 3817 tius
457 3767 657 3836 cumquarto.
681 3759 875 3836 Shnlliterque
893 3760 971 3836 apud
982 3776 1030 3818 eos
1046 3760 1289 3835 Paralipomenon
1307 3751 1430 3832 primast
1463 3745 1464 3812 l

377 3856 521 3915 secundus
543 3874 620 3918 unus
635 3864 679 3916 est
696 3858 789 3934 liher3
810 3857 977 3933 Esdraeque
994 3859 1107 3933 primus
1120 3863 1149 3914 et
1171 3854 1316 3916 secundus
1331 3868 1378 3927 pro
1390 3859 1430 3905 nna

367 3954 520 4014 'censetun
537 3953 641 4014 Esther
649 3954 843 4017 duodecimus
857 3961 902 4014 est
914 3954 1005 4031 liber,
1019 3960 1049 4013 et
1061 3953 1093 4012 hi
1102 3954 1220 4029 quidem
1234 3951 1375 4023 historici,
1386 3959 1430 4002 ver·

375 4051 456 4110 sibus
471 4054 572 4128 scripti
587 4058 655 4111 sunt
667 4055 812 4130 quinque,
829 4053 905 4129 Joh,
921 4053 1104 4112 Psalmorum
1121 4051 1205 4127 liber,
1222 4048 1383 4120 Proverbia,
1395 4043 1430 4100 Ec
1463 4067 1464 4112 l

375 4148 539 4225 clesiastes,
557 4156 586 4208 et
605 4149 758 4209 Canticum
786 4151 989 4226 Canticorum,
1012 4152 1064 4226 qui
1082 4149 1154 4208 liber
1172 4149 1301 4207 decimus
1318 4145 1429 4221 septimus
1463 4199 1464 4212 ,

375 4252 428 4305 est.
451 4245 617 4322 Sequuntur
634 4248 794 4325 prophetici
814 4249 957 4326 quinque3
978 4248 1130 4308 duodecim
1149 4246 1356 4323 Prophetarum
1376 4237 1429 4298 liber
