3094 5184
607 358 767 410 ...⁴1-

145 469 193 526 tra
213 463 288 526 bene
306 479 340 526 se
350 479 382 526 se
393 466 519 544 gmsbm
532 467 708 546 accipiendis
727 471 758 528 in
778 469 911 529 divinum
924 467 1138 531 canonemiilis
1151 471 1226 532 Scri-

142 565 257 640 pruris,
276 579 351 641 quaa
370 567 496 624 versioni
520 565 859 628 dexandrtnaeinsertae
877 574 972 645 crant,
993 573 1182 645 quantumvis
1203 587 1221 632 e

145 659 267 722 &noue
285 660 421 723 hebraico
440 666 563 740 rejectis.

184 762 322 840 Revera,
347 761 537 845 libri-Esdree
556 764 634 824 tertii
654 765 762 839 scripta
780 764 993 840 ponderantes,
1021 781 1107 841 quem
1132 765 1223 828 codex

141 861 350 924 almmdrinus
369 863 521 922 vatrenus
543 862 651 938 aliique
671 862 755 923 multi
774 862 913 923 exhibent
940 869 1006 922 ante
1030 863 1141 941 alium,
1168 867 1220 942 qui

15 987 17 1004 ›
141 956 309 1017 monicus
329 957 368 1018 ab
387 957 516 1018 Ecclesia
535 961 691 1037 recipitur,
713 961 813 1037 situm,
834 974 894 1020 non
913 959 1050 1038 effugiet,
1070 962 1149 1022 illius
1169 979 1221 1022 au·

141 1060 253 1116 ctorem
277 1055 356 1116 huuc
375 1055 482 1116 llhrum
504 1061 718 1136 composuisse,
742 1059 829 1119 simui
853 1061 975 1136 sumptis
995 1062 1222 1121 vmiissincero·

13 1187 15 1222 e
142 1167 215 1220 rum
230 1151 389 1213 bibliorum
410 1154 558 1233 partibus,
577 1171 631 1218 nec
649 1173 709 1216 non
722 1159 859 1233 quapiam
872 1159 1039 1218 narratione
1052 1159 1220 1236 apocrypho

141 1255 290 1312 ornatum.
309 1251 414 1328 incipit
425 1255 505 1312 enim
516 1253 777 1330 iiberepostremis
801 1253 943 1332 capitibus
954 1273 1048 1314 xxxv.
1061 1273 1171 1316 xxxvr.
1188 1256 1221 1316 li-

13 1381 17 1390 ·
141 1347 190 1408 bri
210 1365 250 1408 ιι.
266 1348 519 1428 Paralipomenon,
542 1358 571 1411 et
591 1367 748 1428 excerpens
769 1358 869 1412 auctor
889 1351 949 1412 iere
969 1352 1008 1412 ad
1030 1353 1155 1412 litteram
1174 1369 1220 1412 res
1328 1337 1331 1346 ’

141 1445 252 1506 eisdem
269 1448 300 1505 in
315 1447 386 1507 locis
399 1447 507 1508 calama
520 1450 669 1509 consumit
681 1449 808 1526 primum
823 1449 891 1508 iibri
903 1451 981 1510 tertii
994 1450 1103 1511 Fndrae
1117 1458 1215 1527 caput.

9 1565 15 1622 ζ
141 1543 220 1604 ΗῙΜ
238 1551 438 1623 htnsgressua
460 1545 612 1606 historiam
633 1546 812 1608 liberationis
834 1546 934 1623 populi
955 1545 1071 1607 hebraei
1092 1563 1144 1624 per
1163 1547 1220 1626 Cy·

8 1681 14 1720 2
140 1657 209 1704 rum
227 1643 360 1721 orditur,
381 1645 482 1706 eadem
504 1644 594 1706 verbu
612 1647 762 1721 ιιιιιιιιι,
784 1661 859 1722 quae
878 1648 910 1704 iu
925 1648 1019 1722 capite
1037 1647 1133 1722 primo
1152 1645 1219 1705 iibri

140 1740 281 1802 Canonici
301 1742 410 1804 hadrae
429 1743 575 1820 leguntur.
597 1742 708 1804 Βειιιιιο
726 1743 839 1806 addidit
858 1743 896 1804 ad
910 1741 1102 1837 Artaxerxem
1114 1746 1219 1820 episto·

141 1839 203 1900 lum
213 1839 252 1900 ab
264 1839 395 1901 hebraeis
403 1841 661 1902 calumniatoribus
671 1843 802 1920 misum,
819 1849 854 1902 ut
868 1842 1137 1919 Hierosolymorum
1149 1847 1220 1902 tem·

6 1965 8 2020 2
140 1938 183 2016 pii
203 1941 297 1998 sancti
318 1939 489 2000 instauratm
513 1939 715 2016 cohiberetur,
736 1955 814 2018 quae
831 1941 925 2016 eapite
946 1955 990 1998 ιι.
1013 1939 1142 2016 ejusdem
1164 1939 1218 1998 (lu-

141 2039 242 2097 nonici
267 2037 378 2098 llsdrua
410 2037 573 2098 exhibetur.
608 2038 730 2114 Insuper
758 2051 813 2098 ιιι.
841 2043 871 2098 ei
895 2053 940 2096 ry.
967 2037 1064 2112 capita
1090 2036 1219 2112 ejusdem

8 2175 13 2185 ·
140 2133 307 2212 Scripturas
331 2136 537 2214 apocryphae,
564 2142 686 2196 narrant
711 2133 860 2210 probiano
888 2135 964 2193 inter
989 2132 1121 2192 custodes
1142 2135 1219 2209 regis

139 2231 223 2292 Darii
239 2233 461 2310 extricandam,
482 2249 555 2292 num
573 2235 677 2292 vinum
696 2247 820 2308 nempe,
844 2227 891 2291 vel
911 2245 982 2307 rex,
1002 2229 1050 2289 vel
1065 2228 1217 2306 mulieres,

2 2375 11 2414 ,
139 2330 188 2390 vel
209 2333 317 2392 veritas
331 2333 528 2408 praevaleant.
547 2332 583 2392 ln
601 2329 648 2390 his
665 2329 793 2408 ejusdem
810 2327 997 2405 pmblematls
1014 2326 1218 2404 interpretibus

1 2499 10 2515 ‚
139 2427 243 2488 aderat
267 2429 447 2506 Zomhabel,
473 2431 556 2506 euius
577 2430 721 2506 proaulio
744 2430 863 2504 opinio,
891 2443 944 2504 pro
967 2427 1090 2486 ueritate
1112 2431 1214 2501 sinus,

140 2525 222 2602 quod
244 2526 330 2586 valde
355 2527 443 2587 llario
464 2526 602 2605 placitum
623 2532 686 2603 est,
712 2532 742 2586 ct
764 2526 802 2585 ob
823 2525 879 2584 hoc
901 2527 927 2586 ei
948 2531 1119 2602 potestatem
1146 2524 1216 2584 fecit

2 2671 8 2712 ‚¹
138 2622 299 2700 templum,
320 2629 350 2684 et
366 2625 513 2686 civitatem
527 2624 709 2684 llierusalem
724 2623 910 2698 aedificandi,
926 2629 1011 2699 pmut
1027 2623 1098 2682 hacc
1113 2623 1217 2682 nidmu

137 2723 348 2782 momentaria
370 2723 464 2798 cupite
484 2738 507 2779 ι.
533 2723 675 2798 genum
695 2721 823 2798 ejusdem
846 2720 1021 2798 Scripturas.
1047 2721 1089 2786 Et
1104 2721 1147 2780 sic
1170 2721 1215 2780 di·

137 2825 224 2880 eatur
250 2819 287 2880 de
318 2820 435 2898 rdlquis
468 2818 609 2896 capitibus
640 2817 727 2896 hujus
752 2818 819 2879 libri
845 2817 1025 2896 apocryphi,
1051 2833 1128 2894 quae
1152 2819 1217 2894 ipsa

138 2921 223 2992 gesta
242 2916 400 2995 memque
418 2916 536 2993 verba,
559 2933 593 2976 ac
613 2917 686 2976 alter
706 2917 888 2994 Canonicus,
909 2920 1077 2994 confluent,
1103 2925 1216 2994 praeter

137 3015 339 3076 nonnullaab
363 3015 454 3076 altero
481 3014 626 3075 Canonico
648 3015 805 3076 Nehemiae
828 3018 959 3090 repetita.
988 3016 1118 3093 Denique
1144 3016 1216 3075 liber

137 3113 213 3174 nibil
230 3115 287 3174 nisi
299 3114 441 3191 quaedam
454 3113 573 3190 Esdrae,
589 3113 829 3189 Paralipomenon
838 3119 867 3172 et
877 3113 1033 3173 Nehemiae
1042 3114 1080 3173 ad
1088 3113 1215 3172 litteram

136 3209 307 3288 desumpta,
328 3227 363 3272 ae
382 3213 503 3288 repetita
521 3210 697 3287 praesefert,
718 3211 769 3276 illo
782 3211 959 3287 problemate
973 3217 1108 3286 excepto,
1124 3225 1214 3286 aquo

137 3311 280 3384 interpres
302 3310 434 3386 qidsquis
458 3307 531 3370 hene
554 3311 688 3385 noverit,
716 3324 769 3368 cur
790 3307 863 3367 iiber
884 3310 938 3368 istc
958 3323 974 3366 e
995 3307 1111 3367 canone
1130 3323 1214 3367 suom

135 3403 225 3466 merit
244 3406 428 3482 reprobatus3
447 3421 534 3483 quem
557 3403 695 3482 Origenes
716 3408 776 3480 ipse
789 3403 976 3480 repmbauit,
998 3405 1041 3463 uti
1066 3405 1176 3463 eruitur
1196 3421 1213 3463 e

137 3506 254 3580 scriptis
273 3502 436 3565 cassiodori
454 3505 491 3564 de
508 3505 692 3565 Institutione
710 3503 875 3565 divinarum
895 3502 1077 3578 litterarum,
1096 3502 1146 3562 ubi
1161 3504 1212 3560 ait.

141 3625 156 3654 a
168 3603 204 3661 ln
223 3605 286 3662 istis
305 3601 419 3662 duobus
438 3603 520 3662 libris
537 3603 612 3663 idest
628 3601 737 3662 Ειιιιιιι
750 3607 780 3660 et
792 3600 948 3660 Nehemiae
967 3599 1098 3676 singulas
1117 3599 1215 3658 home-

137 3700 194 3761 lias
215 3704 360 3777 expositas
380 3699 513 3778 Origeuis
532 3702 649 3777 inveni,
670 3715 745 3778 quae
762 3697 891 3776 ejusdem
913 3697 1040 3774 religiosi
1056 3695 1214 3772 virifssillel·

137 3799 257 3876 latoris)
286 3799 385 3860 labore
408 3798 567 3860 translatae
593 3805 702 3859 scrut.»
731 3795 774 3858 Dc
803 3798 893 3858 altem
918 3796 1084 3874 apocrypho
1106 3794 1215 3854 Esdrue

136 3895 214 3954 libro
240 3903 344 3974 quarto
363 3896 452 3972 sileo,
473 3898 523 3971 qui
543 3895 695 3972 cujusdam
717 3896 867 3956 christiani
887 3895 1064 3972 judaizantis
1080 3895 1212 3973 speciem

137 3999 285 4071 ostentat,
306 4011 376 4054 nam
395 3997 465 4054 noui
484 4001 514 4054 ct
532 3996 638 4054 ueteris
658 3995 835 4054 Testamenti
847 3995 981 4054 doctrina
1005 3994 1046 4052 ibi
1071 3993 1213 4068 congluti-

137 4098 209 4150 nata
226 4097 293 4169 est,
314 4096 397 4169 cujus
418 4095 545 4168 primum
568 4097 678 4167 caput,
704 4097 737 4150 ut
760 4091 796 4150 de
817 4092 881 4150 aliis
907 4091 1028 4166 edeam,
1059 4089 1213 4163 scripturis

136 4189 563 4264 reassumendum
588 4191 671 4264 cujus
693 4195 803 4264 quantu
816 4191 854 4247 sit
872 4191 1040 4262 auctoritas,
1061 4185 1214 4244 audiamus
1326 4191 1328 4205 '

135 4287 367 4366 Hieronymum,
389 4289 552 4366 quidchoc
574 4287 648 4346 libro
668 4286 858 4361 vigilantium
880 4286 1053 4364 alloquitur,
1076 4299 1165 4359 quum
1184 4285 1210 4343 is
