3086 5182
80 525 145 588 illuri
164 529 270 606 reperti
284 533 354 589 sunt
375 526 426 606 (1).
444 527 558 591 idcirco
570 529 816 609 quemamodum
834 537 967 592 auctores
995 530 1155 595 Bibliorum

79 625 215 706 Regma,
239 627 504 707 Paralipomenon,
524 637 554 690 at
581 629 827 692 Macheteeorum
855 647 991 708 quoque,
1011 647 1049 691 ex
1070 635 1155 692 vario

78 727 218 804 cujusque
234 728 363 804 iutuitu,
384 743 401 788 e
422 730 546 789 vetustis
564 729 740 805 judaeorum
760 731 947 789 monimentis
969 736 1153 806 metarunt,

79 839 153 902 quae
172 823 259 886 hodio
278 825 416 904 legumtur
430 828 462 886 in
484 825 593 888 11111111
615 825 793 906 Scripturas,
808 831 851 890 ite
869 827 1032 907 Sapientiae
1054 834 1156 888 auctor

78 935 115 980 ex
134 919 216 982 libris
228 921 288 984 illis
301 925 444 1000 sapienda
457 921 622 986 8111111111
635 925 756 1002 ditetis,
770 926 902 987 nondum
914 929 946 986 lu
959 927 1056 988 lucem
1069 925 1156 988 aditis

78 1017 225 1099 hument,
246 1038 322 1107 quae
336 1029 408 1083 tunc
429 1023 565 1100 gentibus
582 1039 715 1102 congrua
737 1024 839 1087 hahita
855 1025 984 1104 iiuerint,
1013 1042 1049 1087 ac
1069 1023 1156 1088 titulo
1196 1042 1205 1048 ·

78 1115 146 1178 iude
158 1115 316 1197 &piratio
327 1118 494 1182 selmum
512 1127 694 1200 nuncupate.

118 1214 160 1276 Po
183 1223 281 1278 autem
303 1219 409 1295 potiori
427 1221 496 1295 jure
513 1217 569 1279 hee
582 1218 851 1280 animadversiones
872 1220 1066 1297 commendare
1086 1227 1157 1282 sumt

78 1329 138 1390 quo
153 1317 250 1393 1111811
267 1319 374 1377 rationi
395 1317 665 1379 accommodantur.
682 1317 821 1379 Salomon
834 1318 891 1380 hec
903 1322 935 1380 iu
953 1315 1105 1396 Scriptura
1117 1319 1156 1379 ed

79 1427 160 1491 reges
173 1457 183 1492 ,
203 1421 233 1476 et
255 1416 294 1476 ed
311 1415 426 1493 judices
449 1421 545 1477 terrm
564 1415 716 1495 loquitur,
737 1420 845 1496 quippe
856 1433 894 1478 ex
906 1417 966 1478 illis
978 1415 1155 1494 reipublicae

78 1509 207 1590 bouum,
231 1529 309 1592 pes,
326 1515 469 1576 securitas
488 1513 657 1592 penderent.
679 1515 783 1576 Nonne
803 1520 833 1576 ot
846 1516 903 1576 hoc
916 1515 986 1576 iecit
998 1511 1153 1592 Salomon,

79 1611 123 1670 uti
143 1611 265 1672 uadunt
287 1611 381 1672 Biblia
402 1611 543 1690 Regum?
570 1611 674 1673 Nonne
693 1617 724 1674 at
740 1615 804 1690 ipse
831 1613 986 1691 ueedgel'es
1011 1614 1156 1672 continuit

77 1723 177 1769 omues
199 1725 281 1787 reges
299 1709 463 1788 iinitimos,
485 1709 617 1788 adusque
639 1709 801 1772 foederatos
827 1710 955 1771 habuit?
985 1709 1090 1771 Nonne
1117 1725 1154 1770 ax

78 1809 179 1869 adenis
197 1809 380 1886 ramombus,
394 1807 577 1870 Hierusalem
589 1809 713 1885 proiecti
723 1815 795 1870 sunt
806 1808 844 1868 ad
852 1807 1028 1870 audiendam
1041 1809 1154 1886 septen

77 1908 150 1968 111111
160 1907 263 1970 illiusl
275 1907 354 1969 llicit
367 1909 447 1968 enim
459 1905 610 1985 Scriptura
626 1906 664 1984 (1)
678 1925 685 1966 :
701 1907 756 1967 «Et
767 1907 925 1968 veniebant
936 1906 1156 1984 decunctispo·
1191 1957 1192 1962 ,

77 2003 155 2082 pulis
166 2005 204 2067 ud
216 2005 392 2068 audiendam
405 2009 579 2084 septumum
592 2005 774 2082 Salomonis,
795 2011 825 2066 ct
838 2005 874 2066 de
888 2004 1025 2066 omnibus
1038 1993 1156 2082 regibus

79 2109 193 2181 terrae,
216 2107 266 2182 qul
289 2104 446 2166 audierunt
463 2106 634 2182 sapientiem
656 2106 760 2182 ejus.»
788 2103 827 2164 lit
849 2103 888 2164 ob
915 2102 971 2162 hoc
990 2103 1040 2164 ille
1058 2104 1156 2180 iuquit

80 2203 231 2262 innostro
248 2202 343 2265 libro:
373 2202 696 2281 111111311111111111111,
714 2204 766 2279 qui
775 2201 915 2280 judicatis
934 2207 1065 2278 terram,
1088 2213 1155 2260 scu·

77 2299 131 2360 tite
151 2299 188 2360 de
204 2299 330 2360 Donuno
349 2303 382 2360 in
404 2299 544 2362 bonitate.
560 2325 574 2352 1
604 2307 635 2360 et
652 2299 743 2362 aiibi:
770 2299 843 2360 «Ad
859 2315 912 2358 vos
932 2313 1015 2376 reges
1035 2303 1105 2358 sunt
1122 2298 1155 2357 lud

78 2412 228 2458 moue
248 2400 306 2458 me
328 2404 363 2459 ut
384 2397 504 2458 eamus
533 2399 727 2486 sapiendum,
746 2401 776 2457 et
797 2411 858 2456 oon
877 2381 1056 2486 1111111111
1080 2392 1154 2457 ruor-

77 2493 217 2572 kothius,
239 2496 291 2571 qul
311 2494 390 2556 hunc
410 2495 519 2557 librum
536 2502 748 2556 commentatus
771 2500 833 2571 est,
857 2497 899 2556 ait
923 2495 1153 2569 sententiarum,

78 2607 115 2652 ec
135 2607 272 2654 meeum
299 2599 449 2654 auctorem
468 2609 532 2656 esse
553 2593 757 2670 Salomonem,
786 2592 965 2654 collectionis
995 2608 1089 2668 vero,
1120 2607 1156 2651 ec

76 2689 208 2767 phrasim
229 2707 351 2769 graecae
371 2691 479 2771 11111111,
500 2695 562 2754 sive
575 2693 766 2770 Interpretem
787 2690 1031 2752 Alexandrinum.
1048 2689 1086 2750 Et
1099 2689 1156 2750 hoc

75 2787 194 2866 quidem
219 2791 310 2850 sensit
322 2790 409 2852 divus
422 2791 620 2870 Hieronymus
640 2791 783 2868 sembens,
795 2791 880 2850 istim
892 2791 988 2866 operis
1003 2794 1155 2849 auctorem

75 2903 115 2948 ex
134 2887 235 2950 multis
257 2892 407 2950 metentis
431 2888 597 2952 Salomonis
618 2889 703 2950 illum
727 2889 835 2950 librum
854 2887 1037 2964 compilasse.
1064 2886 1154 2946 llisce

74 2986 199 3064 mutis,
218 2987 333 3048 nemsi
352 3003 389 3048 cx
402 2987 491 3064 hujus
511 2987 674 3064 Sapientiae
688 2986 763 3047 libro
778 2993 896 3046 eruamur
909 2985 1050 3046 hebraeos
1064 2985 1156 3044 ueluti

74 3083 193 3160 populis
210 3083 343 3146 finitimis
365 3084 499 3146 subditos
512 3129 521 3160 ‚
535 3085 610 3144 nihil
624 3084 728 3146 eflicit.
751 3085 808 3158 Qui
826 3083 867 3142 ibi
884 3083 1005 3159 scribit,
1024 3082 1154 3142 81111111·

73 3183 123 3242 nis
140 3181 305 3244 doctrinam
324 3181 467 3259 protulit,
492 3181 555 3243 sive
582 3185 788 3257 interpretatus
812 3187 874 3254 est,
903 3197 937 3240 ae
960 3196 1030 3240 suae
1053 3181 1158 3240 aetatis

73 3281 171 3358 viris,
197 3281 331 3362 linguae,
345 3288 375 3340 et
387 3283 467 3358 operi
480 3283 610 3358 aptavit3
626 3295 720 3356 aequm
733 3296 804 3338 vero
818 3279 859 3340 ibi
876 3279 1047 3356 disquiritur
1061 3279 1154 3354 ipsius

73 3375 242 3442 suumne
262 3381 405 3442 mlamus.

115 3474 145 3550 S.
177 3475 230 3536 ix.
266 3476 376 3538 (1111111
408 3474 631 3536 dffleuimutus
660 3475 798 3550 omissis,
827 3489 903 3550 quae
935 3473 1056 3532 minoris
1086 3477 1155 3532 sunt

71 3575 238 3649 momenti,
259 3589 293 3634 ac
312 3576 409 3649 potius
423 3573 461 3632 eb
475 3574 631 3648 interprete
648 3571 823 3648 diluendae,
841 3575 975 3648 superest
991 3569 1154 3646 disquiren-

69 3670 133 3730 dus
155 3667 245 3748 huius
265 3670 431 3747 Scripturee
450 3675 575 3746 auctor,
595 3677 625 3730 at
647 3673 832 3748 potissimum
853 3668 997 3747 quidquid
1018 3666 1155 3730 nonnurlli

69 3769 218 3845 suspicati
239 3775 309 3830 suut
336 3769 383 3836 de
393 3769 516 3830 Philone
545 3771 701 3849 aegyptio,
730 3772 816 3846 quasi
841 3768 921 3828 hunc
946 3767 1055 3828 librum
1075 3783 1154 3828 cum·

68 3869 212 3944 peqisset.
241 3867 305 3928 lloc
325 3873 423 3928 autem
442 3869 473 3928 ln
491 3867 559 3929 libri
576 3867 748 3944 obsequium
770 3873 906 3928 accurate
932 3865 1155 3944 expendendum

67 3971 137 4041 eet,
166 3972 201 4026 ut
222 3965 367 4042 ejusmodi
390 3971 546 4026 evanescet
565 3967 705 4044 suspicio.
728 3965 934 4040 Quamtumuis
957 3963 1085 4042 polleant
1108 3979 1155 4022 er·

66 4067 219 4140 gemm
233 4079 357 4140 mrum,
371 4065 423 4140 qui
441 4070 576 4124 esserumt
596 4063 751 4126 Philonem
772 4066 963 4146 aegyptium,
986 4065 1080 4122 uitam
1097 4061 1153 4124 aab

64 4160 146 4237 colo
166 4159 289 4226 Cacum
314 4161 487 4240 (1111111111,
509 4163 566 4232 lucc
587 4177 660 4240 opus
681 4161 853 4240 perfecisse,
878 4167 1008 4222 adaman
1030 4175 1068 4220 ex
1088 4159 1154 4236 plu·

111 4371 151 4436 (i)
168 4375 266 4434 1111.
284 4387 306 4426 c.
319 4377 350 4428 ll.
368 4401 399 4416 -·
414 4376 451 4440 (1)
467 4383 490 4428 t.
502 4379 561 4439 ilem
573 4390 595 4428 c.
607 4377 650 4426 lv.
