<?xml version="1.0" encoding="UTF-8"?>
<!DOCTYPE html PUBLIC "-//W3C//DTD XHTML 1.0 Transitional//EN"
    "http://www.w3.org/TR/xhtml1/DTD/xhtml1-transitional.dtd">
<html xmlns="http://www.w3.org/1999/xhtml" xml:lang="en" lang="en">
 <head>
  <title>
</title>
<meta http-equiv="Content-Type" content="text/html;charset=utf-8" />
  <meta name='ocr-system' content='tesseract 3.04.00' />
  <meta name='ocr-capabilities' content='ocr_page ocr_carea ocr_par ocr_line ocrx_word'/>
</head>
<body>
  <div class='ocr_page' id='page_1' title='image "./sessioquartacon00vincgoog_0457.png"; bbox 0 0 3086 5182; ppageno 0'>
   <div class='ocr_carea' id='block_1_1' title="bbox 342 363 1426 748">
    <p class='ocr_par' dir='ltr' id='par_1_1' title="bbox 342 363 1426 748">
     <span class='ocr_line' id='line_1_1' title="bbox 812 363 971 414; baseline 0 -16"><span class='ocrx_word' id='word_1_1' title='bbox 812 387 854 398; x_wconf 84' lang='grc'><strong>-</strong></span> <span class='ocrx_word' id='word_1_2' title='bbox 874 363 912 414; x_wconf 71' lang='lat'><strong>25</strong></span> <span class='ocrx_word' id='word_1_3' title='bbox 932 385 971 398; x_wconf 82' lang='grc'><strong>..-</strong></span> 
     </span>
     <span class='ocr_line' id='line_1_2' title="bbox 346 469 1423 556; baseline -0.01 -17"><span class='ocrx_word' id='word_1_4' title='bbox 346 477 480 556; x_wconf 74' lang='lat' dir='ltr'><strong>singulae</strong></span> <span class='ocrx_word' id='word_1_5' title='bbox 501 477 563 534; x_wconf 86' lang='lat' dir='ltr'><strong>suis</strong></span> <span class='ocrx_word' id='word_1_6' title='bbox 582 473 706 548; x_wconf 85' lang='lat' dir='ltr'><strong>propriis</strong></span> <span class='ocrx_word' id='word_1_7' title='bbox 726 470 859 547; x_wconf 83' lang='lat' dir='ltr'><strong>iegibus,</strong></span> <span class='ocrx_word' id='word_1_8' title='bbox 880 472 983 546; x_wconf 86' lang='lat' dir='ltr'><strong>patriis</strong></span> <span class='ocrx_word' id='word_1_9' title='bbox 1001 469 1231 530; x_wconf 82' lang='lat' dir='ltr'><strong>institutionibus</strong></span> <span class='ocrx_word' id='word_1_10' title='bbox 1248 471 1423 548; x_wconf 64' lang='lat' dir='ltr'><strong>nubantur,</strong></span> 
     </span>
     <span class='ocr_line' id='line_1_3' title="bbox 347 569 1425 646; baseline -0.005 -11"><span class='ocrx_word' id='word_1_11' title='bbox 347 584 378 635; x_wconf 87' lang='lat' dir='ltr'><strong>et</strong></span> <span class='ocrx_word' id='word_1_12' title='bbox 399 575 527 634; x_wconf 64' lang='lat' dir='ltr'><strong>manure</strong></span> <span class='ocrx_word' id='word_1_13' title='bbox 553 574 583 630; x_wconf 93' lang='lat' dir='ltr'><strong>in</strong></span> <span class='ocrx_word' id='word_1_14' title='bbox 608 587 664 644; x_wconf 88' lang='lat' dir='ltr'><strong>eo,</strong></span> <span class='ocrx_word' id='word_1_15' title='bbox 690 569 769 646; x_wconf 86' lang='lat' dir='ltr'><strong>quoti</strong></span> <span class='ocrx_word' id='word_1_16' title='bbox 793 569 906 628; x_wconf 90' lang='lat' dir='ltr'><strong>cultum</strong></span> <span class='ocrx_word' id='word_1_17' title='bbox 932 569 1100 645; x_wconf 85' lang='lat' dir='ltr'><strong>religiosum</strong></span> <span class='ocrx_word' id='word_1_18' title='bbox 1123 569 1281 644; x_wconf 77' lang='lat' dir='ltr'><strong>specubus</strong></span> <span class='ocrx_word' id='word_1_19' title='bbox 1309 571 1348 630; x_wconf 82' lang='lat' dir='ltr'><strong>iit</strong></span> <span class='ocrx_word' id='word_1_20' title='bbox 1371 571 1425 630; x_wconf 93' lang='lat' dir='ltr'><strong>bu·</strong></span> 
     </span>
     <span class='ocr_line' id='line_1_4' title="bbox 342 666 1426 748; baseline -0.005 -17"><span class='ocrx_word' id='word_1_21' title='bbox 342 671 474 748; x_wconf 75' lang='lat' dir='ltr'><strong>jusmodi</strong></span> <span class='ocrx_word' id='word_1_22' title='bbox 497 684 562 728; x_wconf 86' lang='lat' dir='ltr'><strong>sese</strong></span> <span class='ocrx_word' id='word_1_23' title='bbox 578 667 733 728; x_wconf 86' lang='lat' dir='ltr'><strong>babebat</strong></span> <span class='ocrx_word' id='word_1_24' title='bbox 723 669 838 743; x_wconf 84' lang='lat' dir='ltr'><strong>unperii</strong></span> <span class='ocrx_word' id='word_1_25' title='bbox 857 682 1006 742; x_wconf 76' lang='lat' dir='ltr'>persarum</span> <span class='ocrx_word' id='word_1_26' title='bbox 1027 666 1174 742; x_wconf 73' lang='lat' dir='ltr'><strong>facilitas,</strong></span> <span class='ocrx_word' id='word_1_27' title='bbox 1196 674 1226 726; x_wconf 89' lang='lat' dir='ltr'><strong>et</strong></span> <span class='ocrx_word' id='word_1_28' title='bbox 1241 669 1426 742; x_wconf 82' lang='lat' dir='ltr'><strong>potissiruum</strong></span> 
     </span>
    </p>
   </div>
   <div class='ocr_carea' id='block_1_2' title="bbox 345 763 1535 1138">
    <p class='ocr_par' dir='ltr' id='par_1_2' title="bbox 345 763 1535 1138">
     <span class='ocr_line' id='line_1_5' title="bbox 346 763 1535 845; baseline -0.001 -17"><span class='ocrx_word' id='word_1_29' title='bbox 346 785 417 845; x_wconf 82' lang='lat' dir='ltr'><strong>erga</strong></span> <span class='ocrx_word' id='word_1_30' title='bbox 430 774 546 844; x_wconf 86' lang='lat' dir='ltr'><strong>gentem</strong></span> <span class='ocrx_word' id='word_1_31' title='bbox 561 764 764 840; x_wconf 68' lang='lat' dir='ltr'><strong>hebraeorum</strong></span> <span class='ocrx_word' id='word_1_32' title='bbox 784 780 870 840; x_wconf 86' lang='lat' dir='ltr'><strong>quos,</strong></span> <span class='ocrx_word' id='word_1_33' title='bbox 891 767 1021 840; x_wconf 85' lang='lat' dir='ltr'><strong>inspecta</strong></span> <span class='ocrx_word' id='word_1_34' title='bbox 1042 780 1142 823; x_wconf 87' lang='lat' dir='ltr'><strong>aormn</strong></span> <span class='ocrx_word' id='word_1_35' title='bbox 1163 764 1317 840; x_wconf 79' lang='lat' dir='ltr'><strong>probimte,</strong></span> <span class='ocrx_word' id='word_1_36' title='bbox 1332 781 1427 840; x_wconf 89' lang='lat' dir='ltr'><strong>nuper</strong></span> <span class='ocrx_word' id='word_1_37' title='bbox 1534 763 1535 828; x_wconf 68' lang='grc' dir='ltr'>Ξ</span> 
     </span>
     <span class='ocr_line' id='line_1_6' title="bbox 346 861 1535 944; baseline -0.004 -20"><span class='ocrx_word' id='word_1_38' title='bbox 346 862 768 940; x_wconf 80' lang='lat' dir='ltr'><strong>celebratiCyrus,llarius,</strong></span> <span class='ocrx_word' id='word_1_39' title='bbox 794 861 1428 936; x_wconf 79' lang='lat' dir='ltr'><strong>irtanemas,iasuernsinauamuuenn</strong></span> <span class='ocrx_word' id='word_1_40' title='bbox 1534 867 1535 944; x_wconf 16' lang='grc' dir='ltr'>ζ</span> 
     </span>
     <span class='ocr_line' id='line_1_7' title="bbox 346 959 1535 1040; baseline -0.004 -16"><span class='ocrx_word' id='word_1_41' title='bbox 346 969 593 1040; x_wconf 86' lang='lat' dir='ltr'><strong>acceptaverunt,</strong></span> <span class='ocrx_word' id='word_1_42' title='bbox 618 969 648 1020; x_wconf 91' lang='lat' dir='ltr'><strong>et</strong></span> <span class='ocrx_word' id='word_1_43' title='bbox 669 961 781 1038; x_wconf 81' lang='lat' dir='ltr'><strong>iegibus</strong></span> <span class='ocrx_word' id='word_1_44' title='bbox 804 962 892 1020; x_wconf 88' lang='lat' dir='ltr'><strong>avitis</strong></span> <span class='ocrx_word' id='word_1_45' title='bbox 916 977 966 1018; x_wconf 86' lang='lat' dir='ltr'><strong>eos</strong></span> <span class='ocrx_word' id='word_1_46' title='bbox 985 962 1029 1018; x_wconf 90' lang='lat' dir='ltr'><strong>uti</strong></span> <span class='ocrx_word' id='word_1_47' title='bbox 1055 962 1197 1018; x_wconf 76' lang='lat' dir='ltr'><strong>siverunt.</strong></span> <span class='ocrx_word' id='word_1_48' title='bbox 1221 959 1265 1018; x_wconf 88' lang='lat' dir='ltr'><strong>lle</strong></span> <span class='ocrx_word' id='word_1_49' title='bbox 1284 962 1431 1036; x_wconf 83' lang='lat' dir='ltr'><strong>regimine</strong></span> <span class='ocrx_word' id='word_1_50' title='bbox 1534 999 1535 1004; x_wconf 21' lang='grc' dir='ltr'><strong>κ</strong></span> 
     </span>
     <span class='ocr_line' id='line_1_8' title="bbox 345 1055 1535 1138; baseline -0.003 -17"><span class='ocrx_word' id='word_1_51' title='bbox 345 1079 496 1138; x_wconf 77' lang='grc' dir='ltr'>ριιιιιιιιιι</span> <span class='ocrx_word' id='word_1_52' title='bbox 518 1061 565 1119; x_wconf 91' lang='lat' dir='ltr'><strong>his</strong></span> <span class='ocrx_word' id='word_1_53' title='bbox 587 1067 664 1120; x_wconf 86' lang='lat' dir='ltr'><strong>recte</strong></span> <span class='ocrx_word' id='word_1_54' title='bbox 681 1059 876 1135; x_wconf 67' lang='lat' dir='ltr'><strong>pendeatis,</strong></span> <span class='ocrx_word' id='word_1_55' title='bbox 896 1059 1039 1135; x_wconf 89' lang='lat' dir='ltr'><strong>plurimae</strong></span> <span class='ocrx_word' id='word_1_56' title='bbox 1065 1057 1202 1118; x_wconf 87' lang='lat' dir='ltr'><strong>historiae</strong></span> <span class='ocrx_word' id='word_1_57' title='bbox 1228 1058 1333 1118; x_wconf 80' lang='lat' dir='ltr'><strong>iudith</strong></span> <span class='ocrx_word' id='word_1_58' title='bbox 1355 1076 1430 1118; x_wconf 89' lang='lat' dir='ltr'><strong>eva·</strong></span> <span class='ocrx_word' id='word_1_59' title='bbox 1534 1055 1535 1068; x_wconf 59' lang='lat'>¹</span> 
     </span>
    </p>
   </div>
   <div class='ocr_carea' id='block_1_3' title="bbox 344 1156 1432 3490">
    <p class='ocr_par' dir='ltr' id='par_1_3' title="bbox 345 1156 1432 1528">
     <span class='ocr_line' id='line_1_9' title="bbox 345 1156 1432 1234; baseline -0.004 -14"><span class='ocrx_word' id='word_1_60' title='bbox 345 1165 471 1220; x_wconf 78' lang='lat' dir='ltr'><strong>noscunt</strong></span> <span class='ocrx_word' id='word_1_61' title='bbox 488 1158 695 1234; x_wconf 84' lang='lat' dir='ltr'><strong>difficultates,</strong></span> <span class='ocrx_word' id='word_1_62' title='bbox 717 1173 753 1216; x_wconf 90' lang='lat' dir='ltr'><strong>ac</strong></span> <span class='ocrx_word' id='word_1_63' title='bbox 765 1160 855 1216; x_wconf 87' lang='lat' dir='ltr'><strong>etiam</strong></span> <span class='ocrx_word' id='word_1_64' title='bbox 869 1157 1071 1232; x_wconf 81' lang='lat' dir='ltr'><strong>compluuntur</strong></span> <span class='ocrx_word' id='word_1_65' title='bbox 1091 1159 1161 1231; x_wconf 89' lang='lat' dir='ltr'><strong>via,</strong></span> <span class='ocrx_word' id='word_1_66' title='bbox 1182 1173 1241 1234; x_wconf 84' lang='lat' dir='ltr'><strong>qua</strong></span> <span class='ocrx_word' id='word_1_67' title='bbox 1256 1156 1360 1217; x_wconf 90' lang='lat' dir='ltr'><strong>leviter</strong></span> <span class='ocrx_word' id='word_1_68' title='bbox 1377 1173 1432 1216; x_wconf 83' lang='lat' dir='ltr'><strong>ex·</strong></span> 
     </span>
     <span class='ocr_line' id='line_1_10' title="bbox 345 1255 1431 1334; baseline -0.001 -19"><span class='ocrx_word' id='word_1_69' title='bbox 345 1258 487 1334; x_wconf 82' lang='lat' dir='ltr'><strong>pmdetur</strong></span> <span class='ocrx_word' id='word_1_70' title='bbox 503 1258 599 1315; x_wconf 90' lang='lat' dir='ltr'><strong>omnis</strong></span> <span class='ocrx_word' id='word_1_71' title='bbox 619 1255 670 1315; x_wconf 91' lang='lat' dir='ltr'><strong>illa</strong></span> <span class='ocrx_word' id='word_1_72' title='bbox 692 1258 844 1330; x_wconf 72' lang='lat' dir='ltr'><strong>narratio,</strong></span> <span class='ocrx_word' id='word_1_73' title='bbox 864 1271 919 1314; x_wconf 86' lang='lat' dir='ltr'><strong>nco</strong></span> <span class='ocrx_word' id='word_1_74' title='bbox 940 1271 1000 1314; x_wconf 91' lang='lat' dir='ltr'><strong>non</strong></span> <span class='ocrx_word' id='word_1_75' title='bbox 1015 1259 1066 1331; x_wconf 77' lang='lat' dir='ltr'><strong>ius</strong></span> <span class='ocrx_word' id='word_1_76' title='bbox 1089 1255 1283 1332; x_wconf 73' lang='lat' dir='ltr'><strong>probabitur,</strong></span> <span class='ocrx_word' id='word_1_77' title='bbox 1303 1273 1365 1333; x_wconf 86' lang='lat' dir='ltr'><strong>quo</strong></span> <span class='ocrx_word' id='word_1_78' title='bbox 1386 1257 1431 1315; x_wconf 88' lang='lat' dir='ltr'><strong>le·</strong></span> 
     </span>
     <span class='ocr_line' id='line_1_11' title="bbox 346 1354 1428 1434; baseline 0 -20"><span class='ocrx_word' id='word_1_79' title='bbox 346 1357 446 1434; x_wconf 82' lang='lat' dir='ltr'><strong>gitium</strong></span> <span class='ocrx_word' id='word_1_80' title='bbox 464 1354 582 1414; x_wconf 80' lang='lat' dir='ltr'><strong>hebraei</strong></span> <span class='ocrx_word' id='word_1_81' title='bbox 598 1371 661 1414; x_wconf 77' lang='lat' dir='ltr'><strong>sese</strong></span> <span class='ocrx_word' id='word_1_82' title='bbox 673 1356 794 1430; x_wconf 88' lang='lat' dir='ltr'><strong>imperio</strong></span> <span class='ocrx_word' id='word_1_83' title='bbox 815 1355 1092 1414; x_wconf 85' lang='lat' dir='ltr'><strong>Nabuchodonosori</strong></span> <span class='ocrx_word' id='word_1_84' title='bbox 1112 1357 1189 1431; x_wconf 85' lang='lat' dir='ltr'><strong>regis</strong></span> <span class='ocrx_word' id='word_1_85' title='bbox 1208 1354 1428 1430; x_wconf 79' lang='lat' dir='ltr'><strong>subducentes,</strong></span> 
     </span>
     <span class='ocr_line' id='line_1_12' title="bbox 345 1452 1428 1528; baseline -0.002 -16"><span class='ocrx_word' id='word_1_86' title='bbox 345 1471 401 1513; x_wconf 89' lang='lat' dir='ltr'><strong>suo</strong></span> <span class='ocrx_word' id='word_1_87' title='bbox 421 1454 561 1512; x_wconf 80' lang='lat' dir='ltr'><strong>exercitui</strong></span> <span class='ocrx_word' id='word_1_88' title='bbox 581 1456 768 1526; x_wconf 85' lang='lat' dir='ltr'><strong>restiterunt,</strong></span> <span class='ocrx_word' id='word_1_89' title='bbox 790 1452 1035 1528; x_wconf 81' lang='lat' dir='ltr'><strong>quemadmodum</strong></span> <span class='ocrx_word' id='word_1_90' title='bbox 1049 1453 1137 1528; x_wconf 90' lang='lat' dir='ltr'><strong>paulo</strong></span> <span class='ocrx_word' id='word_1_91' title='bbox 1156 1460 1222 1528; x_wconf 89' lang='lat' dir='ltr'><strong>post</strong></span> <span class='ocrx_word' id='word_1_92' title='bbox 1238 1452 1365 1528; x_wconf 81' lang='lat' dir='ltr'><strong>patefiet.</strong></span> <span class='ocrx_word' id='word_1_93' title='bbox 1386 1453 1428 1528; x_wconf 88' lang='lat' dir='ltr'><strong>(i)</strong></span> 
     </span>
    </p>

    <p class='ocr_par' dir='ltr' id='par_1_4' title="bbox 344 1550 1431 3488">
     <span class='ocr_line' id='line_1_13' title="bbox 386 1550 1431 1628; baseline 0 -18"><span class='ocrx_word' id='word_1_94' title='bbox 386 1551 414 1627; x_wconf 81' lang='lat' dir='ltr'><strong>S.</strong></span> <span class='ocrx_word' id='word_1_95' title='bbox 436 1552 517 1610; x_wconf 87' lang='lat' dir='ltr'><strong>viil.</strong></span> <span class='ocrx_word' id='word_1_96' title='bbox 540 1551 594 1609; x_wconf 87' lang='lat' dir='ltr'><strong>liis</strong></span> <span class='ocrx_word' id='word_1_97' title='bbox 609 1551 745 1610; x_wconf 88' lang='lat' dir='ltr'><strong>omuibus</strong></span> <span class='ocrx_word' id='word_1_98' title='bbox 765 1550 994 1624; x_wconf 87' lang='lat' dir='ltr'><strong>animadversis,</strong></span> <span class='ocrx_word' id='word_1_99' title='bbox 1017 1552 1132 1626; x_wconf 82' lang='lat' dir='ltr'><strong>viisque</strong></span> <span class='ocrx_word' id='word_1_100' title='bbox 1153 1553 1195 1610; x_wconf 85' lang='lat' dir='ltr'><strong>ita</strong></span> <span class='ocrx_word' id='word_1_101' title='bbox 1207 1553 1369 1628; x_wconf 84' lang='lat' dir='ltr'><strong>aggeratis,</strong></span> <span class='ocrx_word' id='word_1_102' title='bbox 1394 1557 1431 1610; x_wconf 93' lang='lat' dir='ltr'><strong>ut</strong></span> 
     </span>
     <span class='ocr_line' id='line_1_14' title="bbox 347 1647 1429 1724; baseline -0.001 -16"><span class='ocrx_word' id='word_1_103' title='bbox 347 1650 444 1708; x_wconf 81' lang='lat' dir='ltr'><strong>aditus</strong></span> <span class='ocrx_word' id='word_1_104' title='bbox 461 1648 546 1708; x_wconf 88' lang='lat' dir='ltr'><strong>uobis</strong></span> <span class='ocrx_word' id='word_1_105' title='bbox 568 1655 666 1724; x_wconf 74' lang='lat' dir='ltr'><strong>patmt</strong></span> <span class='ocrx_word' id='word_1_106' title='bbox 685 1648 723 1707; x_wconf 88' lang='lat' dir='ltr'><strong>ad</strong></span> <span class='ocrx_word' id='word_1_107' title='bbox 742 1647 945 1706; x_wconf 78' lang='lat' dir='ltr'><strong>stabiliendam</strong></span> <span class='ocrx_word' id='word_1_108' title='bbox 964 1647 1102 1706; x_wconf 82' lang='lat' dir='ltr'><strong>Judithae</strong></span> <span class='ocrx_word' id='word_1_109' title='bbox 1121 1647 1272 1707; x_wconf 84' lang='lat' dir='ltr'><strong>historiam</strong></span> <span class='ocrx_word' id='word_1_110' title='bbox 1290 1655 1356 1724; x_wconf 89' lang='lat' dir='ltr'><strong>post</strong></span> <span class='ocrx_word' id='word_1_111' title='bbox 1372 1647 1429 1707; x_wconf 88' lang='lat' dir='ltr'><strong>hc-</strong></span> 
     </span>
     <span class='ocr_line' id='line_1_15' title="bbox 346 1745 1430 1824; baseline 0 -18"><span class='ocrx_word' id='word_1_112' title='bbox 346 1747 500 1806; x_wconf 85' lang='lat' dir='ltr'><strong>braeorum</strong></span> <span class='ocrx_word' id='word_1_113' title='bbox 512 1750 545 1804; x_wconf 91' lang='lat' dir='ltr'><strong>iu</strong></span> <span class='ocrx_word' id='word_1_114' title='bbox 557 1745 680 1824; x_wconf 77' lang='lat' dir='ltr'><strong>Assyria</strong></span> <span class='ocrx_word' id='word_1_115' title='bbox 699 1748 915 1822; x_wconf 88' lang='lat' dir='ltr'><strong>captivitatem,</strong></span> <span class='ocrx_word' id='word_1_116' title='bbox 935 1753 1067 1821; x_wconf 86' lang='lat' dir='ltr'><strong>superest</strong></span> <span class='ocrx_word' id='word_1_117' title='bbox 1081 1762 1171 1821; x_wconf 91' lang='lat' dir='ltr'><strong>nuuc,</strong></span> <span class='ocrx_word' id='word_1_118' title='bbox 1189 1752 1223 1806; x_wconf 92' lang='lat' dir='ltr'><strong>ut</strong></span> <span class='ocrx_word' id='word_1_119' title='bbox 1236 1752 1314 1806; x_wconf 79' lang='grc' dir='ltr'>ιιιιι</span> <span class='ocrx_word' id='word_1_120' title='bbox 1327 1753 1358 1806; x_wconf 89' lang='lat' dir='ltr'><strong>et</strong></span> <span class='ocrx_word' id='word_1_121' title='bbox 1371 1763 1430 1806; x_wconf 83' lang='lat' dir='ltr'><strong>rex</strong></span> 
     </span>
     <span class='ocr_line' id='line_1_16' title="bbox 346 1843 1429 1922; baseline -0.002 -18"><span class='ocrx_word' id='word_1_122' title='bbox 346 1845 555 1920; x_wconf 85' lang='lat' dir='ltr'><strong>decemautur,</strong></span> <span class='ocrx_word' id='word_1_123' title='bbox 576 1843 631 1904; x_wconf 85' lang='lat' dir='ltr'><strong>sub</strong></span> <span class='ocrx_word' id='word_1_124' title='bbox 648 1849 731 1920; x_wconf 86' lang='lat' dir='ltr'><strong>cujus</strong></span> <span class='ocrx_word' id='word_1_125' title='bbox 745 1845 866 1920; x_wconf 89' lang='lat' dir='ltr'><strong>imperio</strong></span> <span class='ocrx_word' id='word_1_126' title='bbox 884 1843 957 1902; x_wconf 87' lang='lat' dir='ltr'><strong>haec</strong></span> <span class='ocrx_word' id='word_1_127' title='bbox 968 1843 1047 1904; x_wconf 86' lang='lat' dir='ltr'><strong>iacta</strong></span> <span class='ocrx_word' id='word_1_128' title='bbox 1063 1851 1142 1902; x_wconf 89' lang='lat' dir='ltr'><strong>sunt.</strong></span> <span class='ocrx_word' id='word_1_129' title='bbox 1158 1844 1309 1922; x_wconf 86' lang='lat' dir='ltr'><strong>Proiecto,</strong></span> <span class='ocrx_word' id='word_1_130' title='bbox 1329 1861 1429 1920; x_wconf 81' lang='lat' dir='ltr'><strong>quum</strong></span> 
     </span>
     <span class='ocr_line' id='line_1_17' title="bbox 347 1943 1430 2020; baseline 0 -18"><span class='ocrx_word' id='word_1_131' title='bbox 347 1949 470 2002; x_wconf 85' lang='lat' dir='ltr'><strong>aetutem</strong></span> <span class='ocrx_word' id='word_1_132' title='bbox 492 1945 621 2018; x_wconf 79' lang='lat' dir='ltr'><strong>persicae</strong></span> <span class='ocrx_word' id='word_1_133' title='bbox 638 1943 824 2002; x_wconf 79' lang='lat' dir='ltr'><strong>monarchiae</strong></span> <span class='ocrx_word' id='word_1_134' title='bbox 844 1943 967 2020; x_wconf 81' lang='lat' dir='ltr'><strong>longiori</strong></span> <span class='ocrx_word' id='word_1_135' title='bbox 981 1943 1135 2002; x_wconf 87' lang='lat' dir='ltr'><strong>intervallo</strong></span> <span class='ocrx_word' id='word_1_136' title='bbox 1151 1946 1346 2003; x_wconf 87' lang='lat' dir='ltr'><strong>invenerimus</strong></span> <span class='ocrx_word' id='word_1_137' title='bbox 1359 1955 1430 2019; x_wconf 87' lang='lat' dir='ltr'><strong>per-</strong></span> 
     </span>
     <span class='ocr_line' id='line_1_18' title="bbox 346 2039 1428 2118; baseline 0.003 -19"><span class='ocrx_word' id='word_1_138' title='bbox 346 2041 492 2118; x_wconf 85' lang='lat' dir='ltr'><strong>durasse,</strong></span> <span class='ocrx_word' id='word_1_139' title='bbox 513 2058 602 2118; x_wconf 91' lang='lat' dir='ltr'><strong>quam</strong></span> <span class='ocrx_word' id='word_1_140' title='bbox 626 2057 794 2118; x_wconf 82' lang='lat' dir='ltr'><strong>synagogae</strong></span> <span class='ocrx_word' id='word_1_141' title='bbox 822 2042 954 2117; x_wconf 79' lang='lat' dir='ltr'><strong>magistri</strong></span> <span class='ocrx_word' id='word_1_142' title='bbox 978 2039 1105 2116; x_wconf 84' lang='lat' dir='ltr'><strong>docent,</strong></span> <span class='ocrx_word' id='word_1_143' title='bbox 1130 2041 1249 2101; x_wconf 85' lang='lat' dir='ltr'><strong>liberius</strong></span> <span class='ocrx_word' id='word_1_144' title='bbox 1274 2058 1310 2101; x_wconf 89' lang='lat' dir='ltr'><strong>ao</strong></span> <span class='ocrx_word' id='word_1_145' title='bbox 1328 2045 1428 2102; x_wconf 84' lang='lat' dir='ltr'><strong>tutius</strong></span> 
     </span>
     <span class='ocr_line' id='line_1_19' title="bbox 346 2138 1429 2216; baseline 0.003 -21"><span class='ocrx_word' id='word_1_146' title='bbox 346 2140 424 2198; x_wconf 87' lang='lat' dir='ltr'><strong>intra</strong></span> <span class='ocrx_word' id='word_1_147' title='bbox 446 2139 534 2216; x_wconf 87' lang='lat' dir='ltr'><strong>hujus</strong></span> <span class='ocrx_word' id='word_1_148' title='bbox 556 2139 709 2216; x_wconf 85' lang='lat' dir='ltr'><strong>dynastiae</strong></span> <span class='ocrx_word' id='word_1_149' title='bbox 727 2138 801 2198; x_wconf 79' lang='lat' dir='ltr'><strong>flues</strong></span> <span class='ocrx_word' id='word_1_150' title='bbox 821 2140 928 2198; x_wconf 88' lang='lat' dir='ltr'><strong>versati</strong></span> <span class='ocrx_word' id='word_1_151' title='bbox 951 2139 1196 2215; x_wconf 81' lang='lat' dir='ltr'><strong>perscrutabimur</strong></span> <span class='ocrx_word' id='word_1_152' title='bbox 1216 2155 1342 2215; x_wconf 86' lang='lat' dir='ltr'><strong>nevum,</strong></span> <span class='ocrx_word' id='word_1_153' title='bbox 1362 2155 1429 2215; x_wconf 88' lang='lat' dir='ltr'><strong>quo</strong></span> 
     </span>
     <span class='ocr_line' id='line_1_20' title="bbox 346 2236 1429 2312; baseline 0.002 -18"><span class='ocrx_word' id='word_1_154' title='bbox 346 2237 449 2296; x_wconf 77' lang='lat' dir='ltr'><strong>iudith</strong></span> <span class='ocrx_word' id='word_1_155' title='bbox 463 2244 545 2312; x_wconf 77' lang='lat' dir='ltr'><strong>gesta</strong></span> <span class='ocrx_word' id='word_1_156' title='bbox 559 2243 780 2312; x_wconf 85' lang='lat' dir='ltr'><strong>componantur.</strong></span> <span class='ocrx_word' id='word_1_157' title='bbox 800 2236 888 2295; x_wconf 82' lang='lat' dir='ltr'><strong>Haud</strong></span> <span class='ocrx_word' id='word_1_158' title='bbox 901 2237 990 2311; x_wconf 84' lang='lat' dir='ltr'><strong>latet,</strong></span> <span class='ocrx_word' id='word_1_159' title='bbox 1011 2243 1099 2311; x_wconf 92' lang='lat' dir='ltr'><strong>prout</strong></span> <span class='ocrx_word' id='word_1_160' title='bbox 1111 2253 1148 2295; x_wconf 80' lang='lat' dir='ltr'><strong>er</strong></span> <span class='ocrx_word' id='word_1_161' title='bbox 1161 2236 1262 2296; x_wconf 84' lang='lat' dir='ltr'><strong>eudem</strong></span> <span class='ocrx_word' id='word_1_162' title='bbox 1274 2237 1429 2312; x_wconf 78' lang='lat' dir='ltr'><strong>Scriptura</strong></span> 
     </span>
     <span class='ocr_line' id='line_1_21' title="bbox 346 2334 1422 2412; baseline 0.002 -20"><span class='ocrx_word' id='word_1_163' title='bbox 346 2335 480 2412; x_wconf 79' lang='lat' dir='ltr'><strong>iniemm,</strong></span> <span class='ocrx_word' id='word_1_164' title='bbox 504 2341 572 2394; x_wconf 84' lang='lat' dir='ltr'><strong>aute</strong></span> <span class='ocrx_word' id='word_1_165' title='bbox 587 2334 643 2394; x_wconf 87' lang='lat' dir='ltr'><strong>hoc</strong></span> <span class='ocrx_word' id='word_1_166' title='bbox 657 2342 771 2410; x_wconf 89' lang='lat' dir='ltr'><strong>tempus</strong></span> <span class='ocrx_word' id='word_1_167' title='bbox 789 2339 882 2393; x_wconf 86' lang='lat' dir='ltr'><strong>totam</strong></span> <span class='ocrx_word' id='word_1_168' title='bbox 899 2341 1013 2410; x_wconf 54' lang='lat' dir='ltr'><strong>mutem</strong></span> <span class='ocrx_word' id='word_1_169' title='bbox 1031 2335 1244 2410; x_wconf 88' lang='lat' dir='ltr'><strong>hebraeorum,</strong></span> <span class='ocrx_word' id='word_1_170' title='bbox 1265 2337 1315 2411; x_wconf 84' lang='lat' dir='ltr'><strong>qui</strong></span> <span class='ocrx_word' id='word_1_171' title='bbox 1329 2335 1422 2394; x_wconf 87' lang='lat' dir='ltr'><strong>Babei</strong></span> 
     </span>
     <span class='ocr_line' id='line_1_22' title="bbox 347 2431 1428 2510; baseline -0.002 -18"><span class='ocrx_word' id='word_1_172' title='bbox 347 2440 455 2509; x_wconf 81' lang='lat' dir='ltr'><strong>capta,</strong></span> <span class='ocrx_word' id='word_1_173' title='bbox 475 2439 505 2492; x_wconf 88' lang='lat' dir='ltr'><strong>ct</strong></span> <span class='ocrx_word' id='word_1_174' title='bbox 523 2433 625 2492; x_wconf 80' lang='lat' dir='ltr'><strong>favore</strong></span> <span class='ocrx_word' id='word_1_175' title='bbox 644 2432 714 2510; x_wconf 84' lang='lat' dir='ltr'><strong>Cyri</strong></span> <span class='ocrx_word' id='word_1_176' title='bbox 736 2436 767 2490; x_wconf 93' lang='lat' dir='ltr'><strong>in</strong></span> <span class='ocrx_word' id='word_1_177' title='bbox 781 2431 975 2492; x_wconf 80' lang='lat' dir='ltr'><strong>Palaestinam</strong></span> <span class='ocrx_word' id='word_1_178' title='bbox 997 2436 1106 2492; x_wconf 87' lang='lat' dir='ltr'><strong>reversi</strong></span> <span class='ocrx_word' id='word_1_179' title='bbox 1127 2433 1230 2492; x_wconf 86' lang='lat' dir='ltr'><strong>domos</strong></span> <span class='ocrx_word' id='word_1_180' title='bbox 1249 2435 1358 2508; x_wconf 86' lang='lat' dir='ltr'><strong>patrias</strong></span> <span class='ocrx_word' id='word_1_181' title='bbox 1380 2435 1428 2490; x_wconf 92' lang='lat' dir='ltr'><strong>in-</strong></span> 
     </span>
     <span class='ocr_line' id='line_1_23' title="bbox 346 2529 1425 2607; baseline 0.001 -18"><span class='ocrx_word' id='word_1_182' title='bbox 346 2529 471 2606; x_wconf 87' lang='lat' dir='ltr'><strong>coluere,</strong></span> <span class='ocrx_word' id='word_1_183' title='bbox 493 2534 667 2607; x_wconf 87' lang='lat' dir='ltr'><strong>aequitatem</strong></span> <span class='ocrx_word' id='word_1_184' title='bbox 687 2537 840 2606; x_wconf 74' lang='grc' dir='ltr'>ιειιιιιιιι,</span> <span class='ocrx_word' id='word_1_185' title='bbox 860 2533 989 2591; x_wconf 87' lang='lat' dir='ltr'><strong>mosaica</strong></span> <span class='ocrx_word' id='word_1_186' title='bbox 1008 2533 1141 2590; x_wconf 86' lang='lat' dir='ltr'><strong>instituta</strong></span> <span class='ocrx_word' id='word_1_187' title='bbox 1151 2534 1237 2606; x_wconf 83' lang='lat' dir='ltr'><strong>justa</strong></span> <span class='ocrx_word' id='word_1_188' title='bbox 1251 2531 1304 2590; x_wconf 87' lang='lat' dir='ltr'><strong>Dei</strong></span> <span class='ocrx_word' id='word_1_189' title='bbox 1316 2531 1425 2590; x_wconf 86' lang='lat' dir='ltr'><strong>voiun-</strong></span> 
     </span>
     <span class='ocr_line' id='line_1_24' title="bbox 348 2628 1426 2706; baseline 0 -19"><span class='ocrx_word' id='word_1_190' title='bbox 348 2633 439 2688; x_wconf 87' lang='lat' dir='ltr'><strong>tatem</strong></span> <span class='ocrx_word' id='word_1_191' title='bbox 456 2629 621 2704; x_wconf 82' lang='lat' dir='ltr'><strong>perfecisse,</strong></span> <span class='ocrx_word' id='word_1_192' title='bbox 641 2645 768 2706; x_wconf 76' lang='lat' dir='ltr'><strong>pemque</strong></span> <span class='ocrx_word' id='word_1_193' title='bbox 788 2631 856 2688; x_wconf 89' lang='lat' dir='ltr'><strong>iude</strong></span> <span class='ocrx_word' id='word_1_194' title='bbox 871 2631 989 2689; x_wconf 83' lang='lat' dir='ltr'><strong>fruitam</strong></span> <span class='ocrx_word' id='word_1_195' title='bbox 1001 2646 1073 2688; x_wconf 80' lang='lat' dir='ltr'><strong>asse.</strong></span> <span class='ocrx_word' id='word_1_196' title='bbox 1093 2630 1265 2704; x_wconf 82' lang='lat' dir='ltr'><strong>tlocuuque</strong></span> <span class='ocrx_word' id='word_1_197' title='bbox 1285 2628 1357 2688; x_wconf 85' lang='lat' dir='ltr'><strong>dicit</strong></span> <span class='ocrx_word' id='word_1_198' title='bbox 1373 2628 1426 2688; x_wconf 86' lang='lat' dir='ltr'><strong>Ju-</strong></span> 
     </span>
     <span class='ocr_line' id='line_1_25' title="bbox 346 2725 1427 2802; baseline 0 -18"><span class='ocrx_word' id='word_1_199' title='bbox 346 2725 410 2784; x_wconf 88' lang='lat' dir='ltr'><strong>ditb</strong></span> <span class='ocrx_word' id='word_1_200' title='bbox 430 2742 527 2785; x_wconf 88' lang='lat' dir='ltr'><strong>eoram</strong></span> <span class='ocrx_word' id='word_1_201' title='bbox 548 2727 673 2786; x_wconf 88' lang='lat' dir='ltr'><strong>Domino</strong></span> <span class='ocrx_word' id='word_1_202' title='bbox 694 2735 832 2802; x_wconf 88' lang='lat' dir='ltr'><strong>precata:</strong></span> <span class='ocrx_word' id='word_1_203' title='bbox 859 2729 1028 2800; x_wconf 82' lang='lat' dir='ltr'><strong>«Quoniam</strong></span> <span class='ocrx_word' id='word_1_204' title='bbox 1050 2743 1110 2784; x_wconf 87' lang='lat' dir='ltr'><strong>non</strong></span> <span class='ocrx_word' id='word_1_205' title='bbox 1130 2729 1221 2785; x_wconf 86' lang='lat' dir='ltr'><strong>secuti</strong></span> <span class='ocrx_word' id='word_1_206' title='bbox 1239 2742 1340 2786; x_wconf 89' lang='lat' dir='ltr'><strong>sumus</strong></span> <span class='ocrx_word' id='word_1_207' title='bbox 1357 2741 1427 2801; x_wconf 87' lang='lat' dir='ltr'><strong>peu·</strong></span> 
     </span>
     <span class='ocr_line' id='line_1_26' title="bbox 347 2824 1427 2901; baseline 0.001 -19"><span class='ocrx_word' id='word_1_208' title='bbox 347 2829 414 2882; x_wconf 86' lang='lat' dir='ltr'><strong>cata</strong></span> <span class='ocrx_word' id='word_1_209' title='bbox 431 2829 548 2898; x_wconf 73' lang='lat' dir='ltr'><strong>pau-um</strong></span> <span class='ocrx_word' id='word_1_210' title='bbox 567 2831 755 2901; x_wconf 88' lang='lat' dir='ltr'><strong>uostromm,</strong></span> <span class='ocrx_word' id='word_1_211' title='bbox 776 2828 829 2900; x_wconf 91' lang='lat' dir='ltr'><strong>qui</strong></span> <span class='ocrx_word' id='word_1_212' title='bbox 847 2825 1063 2900; x_wconf 81' lang='lat' dir='ltr'><strong>dereliquerunt</strong></span> <span class='ocrx_word' id='word_1_213' title='bbox 1082 2826 1175 2884; x_wconf 85' lang='lat' dir='ltr'><strong>Deum</strong></span> <span class='ocrx_word' id='word_1_214' title='bbox 1187 2841 1293 2899; x_wconf 90' lang='lat' dir='ltr'><strong>suum,</strong></span> <span class='ocrx_word' id='word_1_215' title='bbox 1314 2831 1345 2882; x_wconf 86' lang='lat' dir='ltr'><strong>ct</strong></span> <span class='ocrx_word' id='word_1_216' title='bbox 1357 2824 1427 2883; x_wconf 86' lang='lat' dir='ltr'><strong>ado·</strong></span> 
     </span>
     <span class='ocr_line' id='line_1_27' title="bbox 347 2921 1426 3000; baseline 0.003 -23"><span class='ocrx_word' id='word_1_217' title='bbox 347 2926 486 2980; x_wconf 76' lang='lat' dir='ltr'><strong>raserunt</strong></span> <span class='ocrx_word' id='word_1_218' title='bbox 500 2921 575 2980; x_wconf 86' lang='lat' dir='ltr'><strong>Deos</strong></span> <span class='ocrx_word' id='word_1_219' title='bbox 592 2922 713 2983; x_wconf 79' lang='lat' dir='ltr'><strong>ahenos.</strong></span> <span class='ocrx_word' id='word_1_220' title='bbox 725 2949 738 2975; x_wconf 77' lang='lat' dir='ltr'><strong>a</strong></span> <span class='ocrx_word' id='word_1_221' title='bbox 762 2923 816 2982; x_wconf 90' lang='lat' dir='ltr'><strong>Vei</strong></span> <span class='ocrx_word' id='word_1_222' title='bbox 826 2928 913 3000; x_wconf 85' lang='lat' dir='ltr'><strong>juxta</strong></span> <span class='ocrx_word' id='word_1_223' title='bbox 927 2933 977 2982; x_wconf 81' lang='lat' dir='ltr'><strong>to.</strong></span> <span class='ocrx_word' id='word_1_224' title='bbox 992 2925 1158 2997; x_wconf 79' lang='lat' dir='ltr'><strong>«Quoniam</strong></span> <span class='ocrx_word' id='word_1_225' title='bbox 1176 2937 1237 2981; x_wconf 89' lang='lat' dir='ltr'><strong>uon</strong></span> <span class='ocrx_word' id='word_1_226' title='bbox 1252 2923 1381 2982; x_wconf 82' lang='lat' dir='ltr'><strong>surrexit</strong></span> <span class='ocrx_word' id='word_1_227' title='bbox 1394 2924 1426 2980; x_wconf 90' lang='lat' dir='ltr'><strong>iu</strong></span> 
     </span>
     <span class='ocr_line' id='line_1_28' title="bbox 346 3019 1426 3098; baseline 0.001 -21"><span class='ocrx_word' id='word_1_228' title='bbox 346 3019 580 3094; x_wconf 69' lang='lat' dir='ltr'><strong>generationibus</strong></span> <span class='ocrx_word' id='word_1_229' title='bbox 599 3023 707 3080; x_wconf 86' lang='lat' dir='ltr'><strong>uostris</strong></span> <span class='ocrx_word' id='word_1_230' title='bbox 727 3037 821 3098; x_wconf 84' lang='lat' dir='ltr'><strong>neque</strong></span> <span class='ocrx_word' id='word_1_231' title='bbox 839 3029 883 3082; x_wconf 89' lang='lat' dir='ltr'><strong>est</strong></span> <span class='ocrx_word' id='word_1_232' title='bbox 901 3025 932 3081; x_wconf 92' lang='lat' dir='ltr'><strong>in</strong></span> <span class='ocrx_word' id='word_1_233' title='bbox 955 3023 1003 3081; x_wconf 87' lang='lat' dir='ltr'><strong>dia</strong></span> <span class='ocrx_word' id='word_1_234' title='bbox 1022 3023 1098 3096; x_wconf 87' lang='lat' dir='ltr'><strong>bac,</strong></span> <span class='ocrx_word' id='word_1_235' title='bbox 1124 3037 1217 3097; x_wconf 80' lang='lat' dir='ltr'><strong>usque</strong></span> <span class='ocrx_word' id='word_1_236' title='bbox 1233 3020 1349 3093; x_wconf 87' lang='lat' dir='ltr'><strong>tribus,</strong></span> <span class='ocrx_word' id='word_1_237' title='bbox 1369 3035 1426 3078; x_wconf 87' lang='lat' dir='ltr'><strong>uec</strong></span> 
     </span>
     <span class='ocr_line' id='line_1_29' title="bbox 345 3118 1427 3196; baseline 0.001 -21"><span class='ocrx_word' id='word_1_238' title='bbox 345 3119 462 3192; x_wconf 85' lang='lat' dir='ltr'><strong>patria,</strong></span> <span class='ocrx_word' id='word_1_239' title='bbox 484 3135 578 3194; x_wconf 86' lang='lat' dir='ltr'><strong>noque</strong></span> <span class='ocrx_word' id='word_1_240' title='bbox 599 3121 743 3196; x_wconf 88' lang='lat' dir='ltr'><strong>populus,</strong></span> <span class='ocrx_word' id='word_1_241' title='bbox 764 3136 858 3196; x_wconf 78' lang='lat' dir='ltr'><strong>noque</strong></span> <span class='ocrx_word' id='word_1_242' title='bbox 885 3123 990 3180; x_wconf 87' lang='lat' dir='ltr'><strong>civitas</strong></span> <span class='ocrx_word' id='word_1_243' title='bbox 1009 3135 1046 3178; x_wconf 79' lang='lat' dir='ltr'><strong>eu</strong></span> <span class='ocrx_word' id='word_1_244' title='bbox 1066 3121 1200 3194; x_wconf 87' lang='lat' dir='ltr'><strong>uostris,</strong></span> <span class='ocrx_word' id='word_1_245' title='bbox 1225 3120 1278 3194; x_wconf 84' lang='lat' dir='ltr'><strong>qui</strong></span> <span class='ocrx_word' id='word_1_246' title='bbox 1304 3118 1427 3177; x_wconf 85' lang='lat' dir='ltr'><strong>adorent</strong></span> 
     </span>
     <span class='ocr_line' id='line_1_30' title="bbox 347 3215 1425 3295; baseline 0.003 -22"><span class='ocrx_word' id='word_1_247' title='bbox 347 3215 422 3274; x_wconf 86' lang='lat' dir='ltr'><strong>Deos</strong></span> <span class='ocrx_word' id='word_1_248' title='bbox 448 3217 659 3295; x_wconf 77' lang='lat' dir='ltr'><strong>manufactos,</strong></span> <span class='ocrx_word' id='word_1_249' title='bbox 679 3219 923 3295; x_wconf 75' lang='lat' dir='ltr'><strong>qutumdmodum</strong></span> <span class='ocrx_word' id='word_1_250' title='bbox 943 3219 1085 3293; x_wconf 73' lang='lat' dir='ltr'><strong>praeusta</strong></span> <span class='ocrx_word' id='word_1_251' title='bbox 1104 3217 1206 3278; x_wconf 87' lang='lat' dir='ltr'><strong>diebus</strong></span> <span class='ocrx_word' id='word_1_252' title='bbox 1226 3216 1338 3276; x_wconf 81' lang='lat' dir='ltr'><strong>iactum</strong></span> <span class='ocrx_word' id='word_1_253' title='bbox 1357 3221 1425 3290; x_wconf 63' lang='grc' dir='ltr'>αι,</span> 
     </span>
     <span class='ocr_line' id='line_1_31' title="bbox 345 3313 1425 3414; baseline 0 -40"><span class='ocrx_word' id='word_1_254' title='bbox 345 3329 405 3388; x_wconf 87' lang='lat' dir='ltr'><strong>quo</strong></span> <span class='ocrx_word' id='word_1_255' title='bbox 424 3329 478 3390; x_wconf 92' lang='lat' dir='ltr'><strong>pro</strong></span> <span class='ocrx_word' id='word_1_256' title='bbox 497 3315 604 3375; x_wconf 87' lang='lat' dir='ltr'><strong>scelere</strong></span> <span class='ocrx_word' id='word_1_257' title='bbox 623 3315 685 3374; x_wconf 87' lang='lat' dir='ltr'><strong>dati</strong></span> <span class='ocrx_word' id='word_1_258' title='bbox 704 3319 825 3414; x_wconf 62' lang='lat' dir='ltr'><strong>suptin</strong></span> <span class='ocrx_word' id='word_1_259' title='bbox 845 3315 1018 3392; x_wconf 85' lang='lat' dir='ltr'><strong>gladiumet</strong></span> <span class='ocrx_word' id='word_1_260' title='bbox 1037 3317 1169 3392; x_wconf 86' lang='lat' dir='ltr'><strong>rapinam</strong></span> <span class='ocrx_word' id='word_1_261' title='bbox 1188 3313 1425 3374; x_wconf 86' lang='lat' dir='ltr'><strong>etineouiusio-</strong></span> 
     </span>
     <span class='ocr_line' id='line_1_32' title="bbox 344 3413 1426 3490; baseline 0.002 -20"><span class='ocrx_word' id='word_1_262' title='bbox 344 3425 412 3470; x_wconf 89' lang='lat' dir='ltr'><strong>uem</strong></span> <span class='ocrx_word' id='word_1_263' title='bbox 439 3413 565 3473; x_wconf 87' lang='lat' dir='ltr'><strong>inimicis</strong></span> <span class='ocrx_word' id='word_1_264' title='bbox 590 3415 673 3490; x_wconf 71' lang='lat' dir='ltr'><strong>suis,</strong></span> <span class='ocrx_word' id='word_1_265' title='bbox 701 3431 755 3474; x_wconf 86' lang='lat' dir='ltr'><strong>noa</strong></span> <span class='ocrx_word' id='word_1_266' title='bbox 781 3419 879 3475; x_wconf 86' lang='lat' dir='ltr'><strong>autem</strong></span> <span class='ocrx_word' id='word_1_267' title='bbox 894 3415 1019 3474; x_wconf 88' lang='lat' dir='ltr'><strong>alterum</strong></span> <span class='ocrx_word' id='word_1_268' title='bbox 1038 3414 1131 3474; x_wconf 89' lang='lat' dir='ltr'><strong>Deum</strong></span> <span class='ocrx_word' id='word_1_269' title='bbox 1151 3413 1298 3474; x_wconf 69' lang='lat' dir='ltr'><strong>nmmum</strong></span> <span class='ocrx_word' id='word_1_270' title='bbox 1311 3417 1426 3488; x_wconf 64' lang='lat' dir='ltr'><strong>praem</strong></span> 
     </span>
    </p>
   </div>
   <div class='ocr_carea' id='block_1_4' title="bbox 344 3627 1424 4352">
    <p class='ocr_par' dir='ltr' id='par_1_5' title="bbox 344 3627 1424 4352">
     <span class='ocr_line' id='line_1_33' title="bbox 373 3627 1424 3709; baseline -0.004 -17"><span class='ocrx_word' id='word_1_271' title='bbox 373 3643 407 3706; x_wconf 79' lang='lat' dir='ltr'><strong>(il</strong></span> <span class='ocrx_word' id='word_1_272' title='bbox 422 3647 476 3694; x_wconf 82' lang='lat' dir='ltr'><strong>Non</strong></span> <span class='ocrx_word' id='word_1_273' title='bbox 492 3646 573 3695; x_wconf 86' lang='lat' dir='ltr'><strong>autem</strong></span> <span class='ocrx_word' id='word_1_274' title='bbox 588 3645 727 3695; x_wconf 85' lang='lat' dir='ltr'><strong>mirandum</strong></span> <span class='ocrx_word' id='word_1_275' title='bbox 747 3647 784 3696; x_wconf 87' lang='lat' dir='ltr'><strong>est</strong></span> <span class='ocrx_word' id='word_1_276' title='bbox 799 3645 875 3709; x_wconf 87' lang='lat' dir='ltr'><strong>quod,</strong></span> <span class='ocrx_word' id='word_1_277' title='bbox 889 3646 925 3696; x_wconf 89' lang='lat' dir='ltr'><strong>uti</strong></span> <span class='ocrx_word' id='word_1_278' title='bbox 942 3645 1030 3708; x_wconf 75' lang='lat' dir='ltr'><strong>legitur</strong></span> <span class='ocrx_word' id='word_1_279' title='bbox 1044 3627 1089 3708; x_wconf 75' lang='lat' dir='ltr'><strong>cap</strong></span> <span class='ocrx_word' id='word_1_280' title='bbox 1099 3647 1129 3694; x_wconf 88' lang='lat' dir='ltr'><strong>V.</strong></span> <span class='ocrx_word' id='word_1_281' title='bbox 1137 3643 1287 3694; x_wconf 81' lang='lat' dir='ltr'><strong>&#39;iioioiemes</strong></span> <span class='ocrx_word' id='word_1_282' title='bbox 1302 3639 1424 3700; x_wconf 81' lang='lat' dir='ltr'><strong>nescierit,</strong></span> 
     </span>
     <span class='ocr_line' id='line_1_34' title="bbox 346 3721 1422 3788; baseline -0.004 -16"><span class='ocrx_word' id='word_1_283' title='bbox 346 3723 465 3772; x_wconf 86' lang='lat' dir='ltr'><strong>israelitas</strong></span> <span class='ocrx_word' id='word_1_284' title='bbox 483 3725 551 3773; x_wconf 90' lang='lat' dir='ltr'><strong>iilam</strong></span> <span class='ocrx_word' id='word_1_285' title='bbox 577 3726 699 3788; x_wconf 81' lang='lat' dir='ltr'><strong>regionem</strong></span> <span class='ocrx_word' id='word_1_286' title='bbox 720 3727 799 3776; x_wconf 89' lang='lat' dir='ltr'><strong>colere</strong></span> <span class='ocrx_word' id='word_1_287' title='bbox 821 3726 867 3776; x_wconf 86' lang='lat' dir='ltr'><strong>etsi</strong></span> <span class='ocrx_word' id='word_1_288' title='bbox 892 3725 994 3788; x_wconf 89' lang='lat' dir='ltr'><strong>imperio</strong></span> <span class='ocrx_word' id='word_1_289' title='bbox 1012 3739 1139 3788; x_wconf 82' lang='lat' dir='ltr'><strong>persarum</strong></span> <span class='ocrx_word' id='word_1_290' title='bbox 1163 3723 1284 3773; x_wconf 83' lang='lat' dir='ltr'><strong>subditos.</strong></span> <span class='ocrx_word' id='word_1_291' title='bbox 1310 3721 1422 3784; x_wconf 87' lang='lat' dir='ltr'><strong>inspecto</strong></span> 
     </span>
     <span class='ocr_line' id='line_1_35' title="bbox 346 3801 1423 3870; baseline 0.001 -19"><span class='ocrx_word' id='word_1_292' title='bbox 346 3803 414 3852; x_wconf 89' lang='lat' dir='ltr'><strong>euim</strong></span> <span class='ocrx_word' id='word_1_293' title='bbox 428 3805 577 3866; x_wconf 78' lang='lat' dir='ltr'><strong>msvriorum</strong></span> <span class='ocrx_word' id='word_1_294' title='bbox 593 3806 646 3856; x_wconf 84' lang='lat' dir='ltr'><strong>laio</strong></span> <span class='ocrx_word' id='word_1_295' title='bbox 659 3806 762 3869; x_wconf 86' lang='lat' dir='ltr'><strong>imperio</strong></span> <span class='ocrx_word' id='word_1_296' title='bbox 777 3807 869 3870; x_wconf 89' lang='lat' dir='ltr'><strong>quippe</strong></span> <span class='ocrx_word' id='word_1_297' title='bbox 883 3806 951 3869; x_wconf 87' lang='lat' dir='ltr'><strong>quod</strong></span> <span class='ocrx_word' id='word_1_298' title='bbox 965 3809 1004 3856; x_wconf 88' lang='lat' dir='ltr'><strong>tot</strong></span> <span class='ocrx_word' id='word_1_299' title='bbox 1018 3806 1143 3868; x_wconf 86' lang='lat' dir='ltr'><strong>variisque</strong></span> <span class='ocrx_word' id='word_1_300' title='bbox 1156 3803 1255 3868; x_wconf 87' lang='lat' dir='ltr'><strong>populis</strong></span> <span class='ocrx_word' id='word_1_301' title='bbox 1276 3801 1423 3862; x_wconf 86' lang='lat' dir='ltr'><strong>couiertum,</strong></span> 
     </span>
     <span class='ocr_line' id='line_1_36' title="bbox 347 3883 1424 3948; baseline 0.004 -17"><span class='ocrx_word' id='word_1_302' title='bbox 347 3883 419 3932; x_wconf 82' lang='lat' dir='ltr'><strong>etad</strong></span> <span class='ocrx_word' id='word_1_303' title='bbox 435 3883 540 3934; x_wconf 85' lang='lat' dir='ltr'><strong>invicem</strong></span> <span class='ocrx_word' id='word_1_304' title='bbox 556 3885 735 3948; x_wconf 62' lang='lat' dir='ltr'><strong>diutissimis,</strong></span> <span class='ocrx_word' id='word_1_305' title='bbox 752 3886 815 3936; x_wconf 85' lang='lat' dir='ltr'><strong>nihii</strong></span> <span class='ocrx_word' id='word_1_306' title='bbox 829 3887 921 3936; x_wconf 89' lang='lat' dir='ltr'><strong>mirum</strong></span> <span class='ocrx_word' id='word_1_307' title='bbox 937 3888 958 3936; x_wconf 91' lang='lat' dir='ltr'><strong>si</strong></span> <span class='ocrx_word' id='word_1_308' title='bbox 969 3886 1126 3936; x_wconf 85' lang='lat' dir='ltr'><strong>iloloieruem</strong></span> <span class='ocrx_word' id='word_1_309' title='bbox 1142 3898 1156 3934; x_wconf 88' lang='lat' dir='ltr'><strong>e</strong></span> <span class='ocrx_word' id='word_1_310' title='bbox 1170 3897 1298 3947; x_wconf 85' lang='lat' dir='ltr'><strong>persarum</strong></span> <span class='ocrx_word' id='word_1_311' title='bbox 1319 3895 1424 3946; x_wconf 76' lang='lat' dir='ltr'><strong>gruere,</strong></span> 
     </span>
     <span class='ocr_line' id='line_1_37' title="bbox 347 3962 1421 4029; baseline -0.001 -17"><span class='ocrx_word' id='word_1_312' title='bbox 347 3966 376 4012; x_wconf 90' lang='lat' dir='ltr'><strong>ut</strong></span> <span class='ocrx_word' id='word_1_313' title='bbox 395 3977 483 4014; x_wconf 87' lang='lat' dir='ltr'><strong>nomeu</strong></span> <span class='ocrx_word' id='word_1_314' title='bbox 504 3965 570 4016; x_wconf 86' lang='lat' dir='ltr'><strong>iilius</strong></span> <span class='ocrx_word' id='word_1_315' title='bbox 592 3966 703 4029; x_wconf 78' lang='lat' dir='ltr'><strong>indicat,</strong></span> <span class='ocrx_word' id='word_1_316' title='bbox 726 3967 843 4016; x_wconf 85' lang='lat' dir='ltr'><strong>latuerint</strong></span> <span class='ocrx_word' id='word_1_317' title='bbox 862 3980 890 4016; x_wconf 87' lang='lat' dir='ltr'><strong>ea</strong></span> <span class='ocrx_word' id='word_1_318' title='bbox 919 3967 1067 4016; x_wconf 79' lang='lat' dir='ltr'><strong>l&#39;aitlostinae</strong></span> <span class='ocrx_word' id='word_1_319' title='bbox 1084 3967 1158 4028; x_wconf 88' lang='lat' dir='ltr'><strong>loca,</strong></span> <span class='ocrx_word' id='word_1_320' title='bbox 1178 3967 1203 4014; x_wconf 91' lang='lat' dir='ltr'><strong>et</strong></span> <span class='ocrx_word' id='word_1_321' title='bbox 1224 3964 1300 4014; x_wconf 87' lang='lat' dir='ltr'><strong>israel</strong></span> <span class='ocrx_word' id='word_1_322' title='bbox 1325 3963 1361 4012; x_wconf 90' lang='lat' dir='ltr'><strong>ibi</strong></span> <span class='ocrx_word' id='word_1_323' title='bbox 1381 3962 1421 4011; x_wconf 76' lang='lat' dir='ltr'><strong>de</strong></span> 
     </span>
     <span class='ocr_line' id='line_1_38' title="bbox 345 4042 1423 4110; baseline -0.002 -18"><span class='ocrx_word' id='word_1_324' title='bbox 345 4057 432 4107; x_wconf 80' lang='lat' dir='ltr'><strong>gens,</strong></span> <span class='ocrx_word' id='word_1_325' title='bbox 459 4046 598 4107; x_wconf 85' lang='lat' dir='ltr'><strong>instituta,</strong></span> <span class='ocrx_word' id='word_1_326' title='bbox 624 4048 648 4097; x_wconf 88' lang='lat' dir='ltr'><strong>et</strong></span> <span class='ocrx_word' id='word_1_327' title='bbox 673 4048 781 4109; x_wconf 87' lang='lat' dir='ltr'><strong>potentia</strong></span> <span class='ocrx_word' id='word_1_328' title='bbox 811 4047 885 4096; x_wconf 91' lang='lat' dir='ltr'><strong>illius.</strong></span> <span class='ocrx_word' id='word_1_329' title='bbox 919 4050 949 4096; x_wconf 85' lang='lat' dir='ltr'><strong>Et</strong></span> <span class='ocrx_word' id='word_1_330' title='bbox 979 4047 1092 4110; x_wconf 87' lang='lat' dir='ltr'><strong>quamvis</strong></span> <span class='ocrx_word' id='word_1_331' title='bbox 1117 4045 1247 4108; x_wconf 83' lang='lat' dir='ltr'><strong>vectigalia</strong></span> <span class='ocrx_word' id='word_1_332' title='bbox 1273 4044 1338 4094; x_wconf 89' lang='lat' dir='ltr'><strong>iuter</strong></span> <span class='ocrx_word' id='word_1_333' title='bbox 1365 4042 1423 4091; x_wconf 86' lang='lat' dir='ltr'><strong>alias</strong></span> 
     </span>
     <span class='ocr_line' id='line_1_39' title="bbox 344 4124 1421 4190; baseline -0.003 -17"><span class='ocrx_word' id='word_1_334' title='bbox 344 4125 427 4185; x_wconf 70' lang='lat' dir='ltr'><strong>genas</strong></span> <span class='ocrx_word' id='word_1_335' title='bbox 442 4128 606 4188; x_wconf 85' lang='lat' dir='ltr'><strong>persolverent</strong></span> <span class='ocrx_word' id='word_1_336' title='bbox 617 4128 715 4190; x_wconf 86' lang='lat' dir='ltr'><strong>assyriis</strong></span> <span class='ocrx_word' id='word_1_337' title='bbox 732 4129 847 4190; x_wconf 79' lang='lat' dir='ltr'><strong>hebraei,</strong></span> <span class='ocrx_word' id='word_1_338' title='bbox 865 4131 890 4178; x_wconf 89' lang='lat' dir='ltr'><strong>et</strong></span> <span class='ocrx_word' id='word_1_339' title='bbox 905 4127 1048 4178; x_wconf 83' lang='lat' dir='ltr'><strong>Halaiemes</strong></span> <span class='ocrx_word' id='word_1_340' title='bbox 1064 4127 1137 4176; x_wconf 85' lang='lat' dir='ltr'><strong>sciret</strong></span> <span class='ocrx_word' id='word_1_341' title='bbox 1152 4137 1251 4188; x_wconf 85' lang='lat' dir='ltr'><strong>quoque</strong></span> <span class='ocrx_word' id='word_1_342' title='bbox 1262 4125 1318 4173; x_wconf 91' lang='lat' dir='ltr'><strong>illos</strong></span> <span class='ocrx_word' id='word_1_343' title='bbox 1334 4124 1360 4172; x_wconf 89' lang='lat' dir='ltr'><strong>in</strong></span> <span class='ocrx_word' id='word_1_344' title='bbox 1372 4135 1421 4171; x_wconf 89' lang='lat' dir='ltr'><strong>om·</strong></span> 
     </span>
     <span class='ocr_line' id='line_1_40' title="bbox 344 4205 1417 4271; baseline -0.001 -18"><span class='ocrx_word' id='word_1_345' title='bbox 344 4217 388 4254; x_wconf 82' lang='lat' dir='ltr'><strong>nes</strong></span> <span class='ocrx_word' id='word_1_346' title='bbox 401 4207 472 4256; x_wconf 80' lang='lat' dir='ltr'><strong>Asiae</strong></span> <span class='ocrx_word' id='word_1_347' title='bbox 486 4209 625 4270; x_wconf 83' lang='lat' dir='ltr'><strong>provincias</strong></span> <span class='ocrx_word' id='word_1_348' title='bbox 644 4207 782 4271; x_wconf 85' lang='lat' dir='ltr'><strong>dispersos,</strong></span> <span class='ocrx_word' id='word_1_349' title='bbox 799 4209 852 4258; x_wconf 87' lang='lat' dir='ltr'><strong>lieri</strong></span> <span class='ocrx_word' id='word_1_350' title='bbox 867 4212 950 4258; x_wconf 88' lang='lat' dir='ltr'><strong>tamen</strong></span> <span class='ocrx_word' id='word_1_351' title='bbox 966 4208 1064 4271; x_wconf 87' lang='lat' dir='ltr'><strong>putuit,</strong></span> <span class='ocrx_word' id='word_1_352' title='bbox 1081 4207 1110 4256; x_wconf 87' lang='lat' dir='ltr'><strong>ut</strong></span> <span class='ocrx_word' id='word_1_353' title='bbox 1129 4205 1259 4257; x_wconf 82' lang='lat' dir='ltr'><strong>nesciverit</strong></span> <span class='ocrx_word' id='word_1_354' title='bbox 1278 4217 1309 4254; x_wconf 84' lang='lat' dir='ltr'><strong>aa</strong></span> <span class='ocrx_word' id='word_1_355' title='bbox 1323 4205 1417 4253; x_wconf 84' lang='lat' dir='ltr'><strong>moula-</strong></span> 
     </span>
     <span class='ocr_line' id='line_1_41' title="bbox 346 4284 1392 4352; baseline 0 -20"><span class='ocrx_word' id='word_1_356' title='bbox 346 4296 379 4334; x_wconf 86' lang='lat' dir='ltr'><strong>ua</strong></span> <span class='ocrx_word' id='word_1_357' title='bbox 397 4286 452 4336; x_wconf 87' lang='lat' dir='ltr'><strong>looa</strong></span> <span class='ocrx_word' id='word_1_358' title='bbox 466 4287 540 4338; x_wconf 87' lang='lat' dir='ltr'><strong>incoli</strong></span> <span class='ocrx_word' id='word_1_359' title='bbox 561 4288 592 4336; x_wconf 89' lang='lat' dir='ltr'><strong>ab</strong></span> <span class='ocrx_word' id='word_1_360' title='bbox 610 4301 638 4337; x_wconf 88' lang='lat' dir='ltr'><strong>ea</strong></span> <span class='ocrx_word' id='word_1_361' title='bbox 660 4290 748 4350; x_wconf 72' lang='lat' dir='ltr'><strong>gente,</strong></span> <span class='ocrx_word' id='word_1_362' title='bbox 764 4291 790 4338; x_wconf 91' lang='lat' dir='ltr'><strong>et</strong></span> <span class='ocrx_word' id='word_1_363' title='bbox 805 4289 861 4338; x_wconf 86' lang='lat' dir='ltr'><strong>ideo</strong></span> <span class='ocrx_word' id='word_1_364' title='bbox 876 4290 997 4352; x_wconf 86' lang='lat' dir='ltr'><strong>principes</strong></span> <span class='ocrx_word' id='word_1_365' title='bbox 1010 4293 1113 4338; x_wconf 80' lang='lat' dir='ltr'><strong>immou</strong></span> <span class='ocrx_word' id='word_1_366' title='bbox 1129 4289 1154 4338; x_wconf 89' lang='lat' dir='ltr'><strong>et</strong></span> <span class='ocrx_word' id='word_1_367' title='bbox 1172 4285 1246 4340; x_wconf 81' lang='lat' dir='ltr'><strong>lioab</strong></span> <span class='ocrx_word' id='word_1_368' title='bbox 1258 4284 1392 4334; x_wconf 80' lang='lat' dir='ltr'><strong>consuluit.</strong></span> 
     </span>
    </p>
   </div>
   <div class='ocr_carea' id='block_1_5' title="bbox 0 0 1548 5182">
    <p class='ocr_par' dir='ltr' id='par_1_6' title="bbox 0 0 1548 5182">
     <span class='ocr_line' id='line_1_42' title="bbox 0 0 1548 5182; baseline 0 0"><span class='ocrx_word' id='word_1_369' title='bbox 0 0 1548 5182; x_wconf 95' lang='lat' dir='ltr'><strong> </strong></span> 
     </span>
    </p>
   </div>
  </div>
 </body>
</html>
