3070 5180
823 391 983 442 ...24-

357 504 499 580 regiones.
522 501 643 577 Insuper
664 517 700 560 ex
720 499 792 576 hoo,
806 498 952 575 Apostolis
973 515 1088 560 summa
1112 513 1158 558 res
1184 495 1261 576 ebat,
1282 515 1355 560 cura
1375 517 1436 560 ma·

357 604 458 688 xima,
473 600 608 677 judaeis,
625 598 670 658 vel
693 599 816 658 ethnicis
834 598 982 658 Christum
995 597 1181 662 induentibus
1199 597 1365 674 Scripturas
1377 604 1435 658 tre·

357 699 446 774 dere,
467 715 526 758 non
548 697 817 774 quomodocumque
839 712 902 756 sese
921 696 1080 772 haberent,
1102 702 1149 755 ast
1167 699 1271 772 potius
1283 695 1378 756 Biblia
1390 711 1440 754 ve·

358 813 412 872 ra,
432 796 534 854 divina
555 795 725 855 auctoritate
742 793 890 870 praedita3
909 809 968 852 non
990 793 1028 854 ob
1046 793 1166 871 gentiles
1182 793 1293 870 solum,
1315 792 1388 852 dum
1405 807 1441 850 ee
1533 823 1534 828 κ

357 895 442 969 quasi
462 892 653 970 ignorabant,
675 891 726 952 sed
747 892 916 966 praesertim
931 893 1044 950 ratione
1059 889 1270 964 hebraeorum,
1284 891 1335 966 qui
1348 931 1358 965 ,
1373 904 1439 948 car·

356 991 472 1050 nallbus
492 989 721 1049 institutionibus
742 991 886 1064 remissis,
908 994 937 1048 et
958 989 1135 1064 spiritualem
1157 987 1264 1048 Christi
1287 989 1442 1048 veritatem

357 1089 575 1164 amplexantes,
589 1085 662 1146 bene
674 1086 836 1161 Scripturas
854 1092 1013 1162 maerent,
1033 1091 1062 1144 et
1081 1083 1170 1144 libros
1188 1085 1328 1144 divinim
1346 1085 1440 1160 inspi·
1527 1091 1530 1120 ἰ

360 1193 455 1262 ratos,
470 1201 576 1262 eosque
589 1201 651 1244 sese
668 1185 752 1244 aliter
763 1183 926 1259 habentes,
938 1185 1036 1244 etiam
1054 1185 1183 1244 maxime
1199 1182 1396 1242 secernebant.
1525 1265 1528 1274 1

400 1285 487 1344 Hisce
498 1285 625 1360 ,positis3
646 1285 671 1342 si
687 1283 774 1342 nabis
792 1282 894 1342 orbem
914 1289 1009 1342 terrae
1028 1281 1290 1357 circumeuntibus,
1310 1285 1340 1340 et
1356 1279 1442 1339 Chri·
1525 1280 1534 1320 r

357 1385 396 1442 sti
426 1381 590 1455 llcolesias,
619 1395 694 1455 quas
715 1378 850 1454 Apostoli
876 1385 1057 1456 statuerunt,
1082 1379 1257 1454 visentibus,
1289 1379 1320 1436 in
1344 1376 1442 1438 Cano-

355 1497 393 1538 ne
413 1480 627 1552 scripturorum
642 1475 736 1536 Biblie
747 1476 1032 1538 Dantem-Canonica
1049 1483 1149 1552 utpote
1167 1478 1318 1553 inspirate,
1334 1476 1368 1532 in
1381 1477 1441 1534 eis·
1524 1505 1530 1516 -ν

356 1575 423 1634 dem
442 1577 598 1652 inveniri,
622 1579 784 1650 constaret3
807 1580 878 1633 turm
908 1574 1064 1634 dicendum
1094 1579 1171 1655 esset
1189 1571 1362 1649 Apostolos,
1383 1569 1442 1629 bes

357 1672 520 1747 Scripturas
539 1672 654 1730 divinas
676 1685 755 1746 esse,
778 1671 927 1748 docuisse,
943 1672 1064 1748 aliisque
1076 1671 1115 1730 ob
1132 1668 1383 1746 hoc,earumdem
1395 1667 1443 1726 di-

356 1771 472 1828 vinitati
491 1769 573 1828 nulla
596 1770 708 1828 ratione
737 1768 946 1828 obsistendum.
968 1766 1039 1828 Post
1064 1769 1136 1828 haee
1159 1783 1213 1826 nos
1233 1766 1304 1843 quld
1328 1767 1442 1842 eogita-

355 1867 442 1926 mus?
456 1866 532 1939 Quid
553 1867 694 1943 agemus?
714 1866 779 1938 Quo
800 1865 899 1926 oculos
918 1867 1089 1926 vertamus?
1103 1867 1182 1938 Qum
1202 1867 1267 1924 ulus
1286 1862 1442 1940 aggredia-

355 1966 438 2023 murl
449 1963 497 2022 An
509 1966 632 2040 vestigia
644 1962 849 2039 Apostolorum
864 1970 1006 2023 sectemur
1021 1963 1059 2023 ad
1073 1964 1191 2022 illorum
1204 1959 1440 2037 investigandam

356 2062 393 2120 de
414 2061 470 2122 hac
490 2079 522 2120 re
543 2061 724 2120 doctrinam?
745 2061 870 2138 Utique,
897 2061 1071 2137 Apostollcis
1099 2062 1230 2137 vestigiis
1248 2060 1439 2134 inslstemus,
1533 2055 1534 2062 ’

357 2159 474 2218 easdem
493 2162 558 2219 vias
577 2159 830 2236 perambulemus,
848 2174 906 2235 quo
923 2161 972 2220 isti
991 2158 1154 2234 admunt,
1167 2157 1219 2218 ubl
1238 2159 1343 2216 morati
1365 2159 1439 2232 sint,
1533 2151 1534 2156 ’

355 2262 385 2314 et
405 2256 514 2315 Christi
531 2255 723 2332 Evangelitun
737 2256 984 2332 praedicaverint;
999 2254 1279 2332 etquedoctrinam,
1293 2269 1383 2330 quarn
1397 2254 1440 2312 ibi

355 2353 497 2430 docuere,
521 2369 666 2429 quamque
685 2353 834 2428 discipulis
854 2355 915 2412 suis
928 2352 1090 2430 tradidere,
1111 2355 1275 2412 accuratius
1292 2353 1440 2428 inquirere
1532 2353 1533 2356 ’

355 2467 415 2509 non
435 2452 619 2510 desistamus.
635 2451 703 2510 Eta
721 2450 876 2510 coenaculo
893 2453 1016 2527 egressis
1038 2449 1184 2526 Apostolis
1194 2449 1310 2526 ,spiritu
1330 2447 1440 2508 Sancto

355 2548 488 2623 repletis,
510 2554 577 2606 ante
590 2563 691 2605 omnes
707 2547 826 2606 Petrum
841 2548 1030 2622 inspiciamus
1043 2547 1247 2622 Apostolorum
1260 2548 1437 2622 principem,
1529 2545 1532 2601 1

355 2660 471 2720 (proque
491 2661 524 2704 se
537 2646 649 2720 serm,
670 2659 725 2702 nos
749 2660 816 2702 eum
831 2646 946 2720 insequi
964 2661 1024 2707 non
1043 2644 1167 2704 taedeat.

395 2741 437 2800 Ut
456 2743 512 2801 hoo
531 2759 601 2800 vero
621 2742 735 2800 facilius
753 2758 977 2820 consequamur,
992 2743 1189 2819 Augustinum
1204 2743 1310 2817 secuti,
1319 2741 1440 2800 illarum

353 2838 549 2904 Ecclesiarum
560 2839 742 2898 -Doctrinam
757 2839 1012 2917 investigabbnus,
1030 2856 1105 2916 quae
1124 2839 1162 2899 ab
1172 2835 1318 2915 Apostolis
1331 2837 1438 2898 lunda·

327 3018 329 3021 ¹
355 2943 403 2996 tae
416 2945 499 3012 sunt,
514 2953 644 3014 quaeque
657 2937 862 3014 Apostolorum
872 2937 1015 3014 Epistolas
1026 2940 1155 3014 accipere
1167 2942 1344 2996 meruerunt.
1358 2937 1440 3002 luter

355 3035 409 3094 bos
430 3037 575 3094 maximae
596 3042 665 3094 sunt
686 3036 869 3096 consideratu
885 3036 991 3112 dignae
1011 3035 1141 3094 Ecclesia
1162 3035 1438 3109 Latino-Romane,

355 3131 511 3208 Africana,
533 3149 584 3192 seu
601 3133 855 3210 Carthaginensis,
876 3133 1092 3209 Alexandrina,
1110 3132 1438 3208 Antiocheno-Syriaca,
1533 3145 1534 3152 ¹

356 3229 468 3288 Graeca
482 3237 510 3288 et
525 3231 801 3308 hierosolymitana.
817 3231 935 3290 Praeter
948 3233 1034 3306 istas,
1043 3231 1173 3288 locorum
1186 3230 1372 3304 praecipuum
1384 3227 1438 3286 ha·
1530 3251 1534 3292 r

357 3325 467 3386 bebunt
485 3329 630 3404 concilia,
656 3329 793 3405 epistolae
815 3328 998 3404 pontificiae,
1022 3328 1205 3405 encyehcae,
1228 3325 1382 3404 synodales
1399 3325 1439 3383 ad

354 3430 487 3484 nostrum
516 3433 720 3502 argumentum
742 3418 937 3505 pertinentes,
968 3428 1162 3503 quaeomnia
1175 3427 1304 3501 primam
1323 3430 1438 3499 partem

344 3565 347 3569 .
357 3523 593 3597 complectentur.
