3094 5184
844 383 1003 434 ...64-1.

384 493 538 570 feruntur,
560 499 589 552 et
606 496 636 551 in
650 491 767 552 Canone
785 500 833 550 aa.
852 493 903 568 qui
920 493 1039 576 dicitnr,
1055 491 1257 569 Apostolorum
1277 499 1431 562 referendam

384 599 429 652 est
448 593 486 651 ad
507 607 612 652 aevum
633 591 813 668 Hieronymo
835 593 988 650 recentius.
1014 591 1051 651 Et
1071 591 1127 652 hoc
1146 610 1183 652 ex
1207 599 1286 669 parte
1304 598 1432 672 probatum

387 699 432 752 est
454 689 544 765 alibl,
566 689 616 749 ubl
639 688 830 748 disseruimus
852 689 889 747 de
910 689 1078 765 hujusmodl
1102 693 1236 767 scriptis,
1262 699 1289 751 et
1310 711 1379 754 nunc
1397 715 1433 757 ae·

384 789 514 848 1111111111
539 792 584 846 111
607 786 909 846 animaduertendum.

423 886 523 944 Primo
549 886 626 960 loeo,
652 889 767 943 notetur
792 891 873 942 arcta
900 883 1057 961 analogia,
1085 901 1160 962 quae
1175 889 1319 946 invenitur
1340 895 1436 950 11111111

383 983 512 1060 Epistola
531 983 651 1058 Festall,
672 999 761 1058 quam
775 984 806 1040 11
822 981 947 1059 synopsi
967 985 1045 1042 eirca
1065 1000 1218 1044 numerum
1237 991 1266 1044 11
1282 985 1399 1046 ordinem
1409 989 1435 1047 ll·

382 1081 501 1140 brorum
529 1083 635 1140 veteris
663 1079 850 1138 Testamenti.
882 1082 916 1137 In
945 1080 1075 1156 Epistola
1100 1081 1209 1141 Festali
1234 1085 1309 1141 enim
1331 1085 1435 1160 legltum

385 1203 399 1232 a
411 1179 594 1255 suatltaque
611 1181 718 1237 veteris
730 1175 906 1236 Testamenti
925 1177 991 1237 iibri
1013 1193 1113 1238 omnes
1131 1191 1252 1239 numero
1270 1183 1437 1259 vigintiduo,

382 1283 427 1336 tot
440 1279 536 1352 enim,
559 1283 592 1336 ut
605 1276 726 1350 audiui,
747 1275 889 1334 elementa
904 1275 981 1351 apud
994 1276 1134 1336 hebraeos
1147 1289 1210 1337 esse
1223 1278 1359 1337 traditum
1370 1285 1435 1339 111.»

384 1373 420 1432 In
440 1374 566 1453 synopsi
586 1389 656 1434 vero
679 1375 720 1431 lta
743 1373 870 1449 legitur:
898 1373 997 1432 «sunt
1018 1376 1116 1451 itaque
1134 1375 1273 1434 canonici
1292 1379 1437 1437 veterisTe·

382 1475 518 1534 1111111111
532 1472 599 1532 iibri
612 1487 734 1531 numero
747 1473 852 1547 viginti
868 1471 937 1547 duo,
951 1472 1055 1530 litteris
1069 1472 1213 1532 hebraicis
1226 1489 1345 1532 numero
1359 1491 1436 1552 pares,

383 1571 505 1632 totidem
524 1573 602 1630 enim
624 1577 693 1630 sunt
712 1569 790 1645 apud
809 1570 875 1628 illos
894 1570 1045 1630 elementa.
1060 1595 1073 1622 a
1096 1571 1132 1629 ln
1149 1570 1275 1648 synopsi
1292 1576 1321 1631 11
1331 1572 1439 1648 Epistola

381 1671 489 1730 Festali
508 1672 671 1729 notationes
691 1668 727 1727 de
746 1667 830 1728 libris
849 1667 1140 1728 Deutem-Cenonicis
1160 1677 1231 1740 sunt
1248 1669 1308 1729 lare
1323 1669 1437 1747 medem,
1508 1735 1509 1762 ,

382 1768 453 1828 dum
474 1768 581 1826 dicitnr
598 1767 664 1826 illos
684 1766 820 1843 legendos
839 1782 901 1825 1111
922 1782 940 1824 a
958 1765 1193 1844 cathecumenis,
1215 1769 1264 1827 vel
1285 1768 1322 1828 ab
1337 1771 1388 1845 iis,
1402 1773 1439 1845 qui
1508 1777 1509 1830 ἕ

381 1882 475 1942 nuper
483 1865 629 1925 1111111111
643 1866 758 1940 pietatis
771 1864 853 1922 uerbi
865 1867 959 1941 gratia
972 1868 1155 1924 accesserint.
1169 1865 1263 1925 Porro
1274 1866 1312 1924 ob
1322 1866 1439 1943 quasdam

382 1965 565 2040 additions,
592 1979 668 2040 quae
687 1963 867 2040 leguntnrln
880 1961 1017 2040 synopsi,
1044 1963 1159 2024 videtur
1183 1963 1263 2023 illius
1289 1971 1383 2024 uucmr
1402 1981 1439 2026 eas

382 2067 534 2121 mutuatus
553 2075 616 2120 esse
633 2075 671 2120 ex
682 2061 811 2136 Epistola
832 2060 961 2137 Festall,
982 2075 1018 2120 ac
1035 2063 1154 2136 insuper
1174 2061 1211 2121 de
1227 2061 1438 2142 suo'addtdlsse,
1508 2083 1509 2092 ¹

382 2160 441 2220 leta
453 2162 658 2235 interpretatus
666 2174 742 2234 quae
750 2157 790 2216 ibi
799 2157 1046 2219 describebantur.
1063 2158 1209 2236 sedqnod
1220 2163 1323 2237 magni
1334 2163 1439 2238 interest,
1508 2209 1509 2218 ,

382 2259 505 2318 vertitur
526 2259 558 2315 in
578 2257 825 2316 demonstratione
843 2271 938 2332 neque
956 2257 1115 2332 Epistolam
1135 2257 1281 2317 Festalem
1302 2274 1388 2335 neque
1403 2259 1441 2337 sy·

382 2359 497 2433 nopslm
510 2371 572 2415 essa
584 2355 646 2414 divi
655 2354 809 2414 Athanasii
823 2369 906 2429 opus.
922 2353 965 2414 De
978 2353 1104 2432 synopsi
1117 2371 1177 2415 non
1190 2363 1236 2416 est
1248 2357 1439 2434 ambigendum,

381 2458 415 2514 ut
434 2454 503 2513 ullbl
521 2453 604 2530 dixi,
627 2468 693 2513 cum
713 2457 811 2528 aperte
829 2453 955 2510 maurini
969 2452 1094 2512 editores
1108 2459 1233 2530 arguant
1247 2471 1284 2514 ex
1298 2455 1369 2531 lllls,
1385 2471 1440 2532 quae

381 2557 413 2614 ln
430 2554 490 2612 line
502 2553 667 2631 synopseos
682 2553 778 2628 posita
791 2557 875 2611 sunt:
896 2551 1024 2612 «Fuisse
1036 2559 1153 2631 sumpta
1164 2558 1250 2632 ajunt
1264 2569 1301 2614 ex
1313 2555 1440 2631 Epiphanii

381 2651 463 2713 libris
477 2652 520 2711 De
531 2651 721 2727 Ponderibus,
738 2657 767 2710 11
779 2650 923 2710 Mensuris
939 2669 948 2725 3
967 2649 1079 2710 dicetur
1096 2651 1218 2712 forsitan
1235 2653 1310 2713 haec
1322 2659 1441 2730 postrema

383 2752 527 2828 adjectitia
547 2767 631 2826 esse;
651 2750 704 2810 sed
723 2750 754 2808 id
767 2752 857 2825 gratis
876 2751 996 2808 omnino
1016 2751 1154 2811 asseritur
1170 2767 1239 2810 eum
1260 2757 1441 2828 consequenter

381 2856 527 2925 ponantur
548 2852 581 2908 ln
603 2849 723 2925 codice,
753 2849 831 2907 unde
855 2846 996 2924 synopsis
1021 2849 1093 2908 haee
1116 2849 1248 2925 prodiit,
1280 2855 1309 2909 11
1331 2850 1436 2925 alioquin

381 2953 464 3011 tanta
481 2947 588 3024 ubique
602 2953 739 3023 appareat
751 2947 838 3022 hujus
852 2947 1000 3021 scriptoris
1019 2947 1188 3023 diligentia,
1211 2953 1248 3006 ut
1260 2948 1333 3006 nihil
1346 2949 1440 3006 omnino

381 3045 575 3105 omittendum
595 3048 769 3104 censuerit.»
793 3045 867 3103 ltem
893 3046 967 3102 ratio
987 3043 1102 3104 dicendi
1125 3045 1182 3104 hae
1202 3048 1232 3103 in
1255 3045 1376 3124 Synopsi
1397 3045 1441 3103 anl-

382 3145 558 3220 madversa,
583 3145 668 3221 longe
689 3159 707 3202 a
727 3142 795 3202 stilo
819 3141 973 3202 Athanasii
993 3143 1092 3201 distat.
1125 3143 1150 3201 E
1169 3143 1277 3219 quibus
1297 3144 1353 3202 diei
1368 3149 1440 3218 potest

382 3241 545 3321 synopseos
566 3249 713 3302 auctorem
733 3247 799 3316 post
815 3240 1011 3316 Epiphaninm
1027 3242 1137 3300 vixisse
1156 3257 1191 3300 ao
1208 3245 1298 3302 1111111
1317 3241 1439 3318 postilla

382 3357 560 3418 ronymnm,
581 3357 675 3417 neque
695 3340 890 3400 Athanasium
911 3338 1021 3414 1111111,
1043 3341 1093 3415 qul
1113 3355 1178 3399 eam
1197 3342 1334 3401 instituit.
1507 3337 1508 3360 ¹

419 3441 492 3499 item
513 3440 659 3516 Epistulae
678 3437 820 3515 Festaiis,
842 3452 932 3513 equa
952 3439 1067 3512 excepit
1086 3437 1226 3515 synopsis
1247 3441 1385 3514 scriptor,
1402 3453 1439 3495 ne
1507 3457 1508 3484 1

379 3553 436 3613 que
457 3538 635 3598 Athanasius
655 3537 794 3613 probatur
817 3543 937 3612 auctor,
967 3551 1060 3611 neque
1081 3543 1175 3596 aetate
1194 3545 1342 3613 praestare
1358 3537 1439 3595 Hiero
1507 3573 1508 3576 κ

380 3651 480 3711 aymo.
503 3636 543 3696 Ut
563 3637 633 3696 allbl
653 3637 792 3711 diximus,
813 3635 993 3694 Athanasius
1013 3633 1208 3695 Alexandriae
1222 3637 1352 3712 edoctus,
1364 3635 1436 3694 libros
1507 3629 1508 3650 ¹

380 3748 469 3808 suos,
490 3740 634 3810 quotquot
654 3735 772 3811 genuini
794 3733 832 3792 ad
852 3747 905 3790 nos
925 3737 1139 3808 peruenerunt,
1161 3731 1267 3792 ditavit
1290 3733 1439 3792 testimoniis

382 3829 597 3906 scripturorum
617 3833 746 3907 illamm,
767 3845 842 3908 quae
861 3829 1003 3889 Danteree
1023 3836 1183 3906 uocantum
1205 3831 1271 3890 illas
1292 3837 1325 3891 ut
1343 3831 1438 3890 divinas

379 3931 499 4004 statuit,
529 3936 558 3989 11
576 3935 678 3988 eontra
699 3932 920 4004 arianossaepe
940 3928 994 3988 has
1015 3929 1136 4004 protulit
1155 3931 1186 3986 in
1205 3930 1337 3989 divinam
1359 3933 1438 3987 aucto

379 4027 515 4102 ritatem,
542 4033 576 4087 ut
600 4030 632 4086 in
656 4029 751 4102 prima
775 4032 857 4102 parte
884 4026 1006 4102 legistis.
1035 4024 1147 4084 Nullibi
1174 4043 1294 4086 snorum
1318 4026 1438 4085 librorum

379 4131 499 4200 apparet
525 4141 584 4184 vox
611 4123 797 4201 apocryphon
823 4123 925 4182 Eiblils
949 4121 1081 4182 Deuterls
1107 4129 1216 4200 aptata.
1243 4119 1438 4184 Praetereaah

379 4227 474 4281 aetate
492 4221 667 4296 Athanasii,
688 4237 705 4278 c
724 4223 858 4297 genuinis
878 4221 957 4279 illins
978 4222 1093 4295 scriptis
1111 4227 1141 4281 et
1159 4237 1213 4282 suo
1226 4221 1340 4282 dicendi
1352 4223 1436 4299 genere

379 4317 537 4379 abhorrent
555 4319 695 4377 dictiones
711 4325 810 4392 Βίβλια
831 4326 1015 4402 κανονιζᾰμεη
1038 4317 1142 4379 Betim
1154 4323 1376 4382 conostzomem
1387 4319 1404 4374 1.
1413 4331 1432 4372 e·
