3094 5184
573 405 734 456 ..75-

506 609 735 672 rubrosmo
753 611 791 674 V.

101 805 277 882 nemmem
293 803 604 867 Baitero-Cenomani
616 811 723 868 ceteris
735 807 873 870 Foederis
885 811 918 870 in
932 809 1060 872 dictione
1071 829 1189 892 meere,

17 919 19 956 t
143 906 194 964 nti
215 919 294 964 nane
318 907 434 964 tantam
456 903 623 982 habentur,
656 906 811 968 hebraicae
831 909 952 987 tineaene
972 911 1075 972 stilum
1090 909 1191 991 profe-

16 1017 18 1054 ι
143 1003 236 1078 eant,
261 1007 292 1062 ei
311 1017 410 1063 omnes
423 1001 540 1064 demedi
553 1007 771 1084 proprietates,
790 1023 844 1067 nee
864 1025 923 1068 non
939 1007 1189 1090 parallelismam,

145 1099 392 1178 qaeenndmodnm
417 1107 553 1162 emantur
579 1106 611 1162 tn
638 1104 749 1164 Bibliis
777 1106 932 1182 ommibus,
964 1125 1039 1184 qaue
1069 1107 1111 1168 ad
1139 1125 1190 1170 nos

141 1204 369 1276 peremimus,
400 1198 590 1260 bebmeomem
619 1201 723 1280 limana
751 1205 905 1280 emeretis,
932 1207 1064 1284 imperta
1095 1195 1193 1267 tamen

147 1301 248 1357 aetate
257 1339 266 1372 ,
285 1313 344 1374 qao
357 1313 459 1358 eneam
472 1303 605 1359 unctores
619 1304 809 1378 saepserant.
825 1303 870 1362 Et
881 1302 919 1362 ab
936 1303 982 1364 bis
1000 1297 1190 1365 intrinsecam

146 1394 235 1456 aliud
258 1395 365 1456 barnem
387 1395 608 1477 Smipmremm
630 1401 813 1476 inienuitatis
835 1403 951 1463 enaiim
971 1403 1181 1464 testimoninm.

150 1593 179 1668 S.
202 1591 228 1652 Ι.
259 1595 446 1667 «Quomodo
472 1609 641 1672 graecorum
666 1595 802 1656 historias
836 1595 959 1673 (scribit
994 1597 1190 1676 Hieronymus

109 1691 149 1750 ad
170 1691 382 1768 Demnlonem,
403 1699 433 1752 et
454 1693 675 1770 Rogatianum)
701 1693 739 1770 (il
763 1696 857 1771 magn
875 1695 1057 1773 intelligunt,
1080 1698 1130 1773 qui
1153 1696 1191 1756 Α·

108 1790 216 1852 menas
239 1790 386 1867 uiderint,
412 1785 574 1852 et'tertium
596 1793 712 1870 Virgilii
731 1793 859 1869 librum,
885 1796 937 1872 qui
959 1809 978 1854 a
1002 1795 1115 1854 Troade
1136 1809 1188 1872 per

106 1890 283 1966 Leucatam,
302 1895 331 1948 et
356 1889 589 1966 Aeroeaaunia,
616 1891 653 1950 ad
670 1890 822 1968 Sielllam,
847 1897 876 1952 et
898 1892 967 1951 inde
990 1893 1027 1952 ad
1046 1895 1121 1955 ostia
1138 1877 1188 1953 Ti·

104 1987 184 2048 beris
205 1976 408 2065 navigav'erlt3
434 1991 476 2048 lta
498 1995 629 2048 sanctam
654 1988 833 2064 Scriptiuam
858 1991 983 2050 lucidius
1005 1991 1187 2070 intuebitur,

104 2089 158 2162 qui
185 2086 327 2174 iudaeam
355 2087 448 2146 cerdis
476 2087 687 2162 contemplatus
712 2089 772 2162 sit,
799 2093 828 2146 et
856 2090 1042 2164 antiquarum
1070 2090 1188 2150 urbium

106 2187 284 2262 memorius,
308 2186 495 2262 locorumque
514 2185 561 2243 vel
582 2185 683 2243 eadem
704 2185 867 2264 voeabula,
888 2186 936 2246 vel
954 2193 1066 2246 mutata
1085 2203 1190 2264 cogno

107 2286 196 2344 verit.
215 2307 228 2336 a
250 2285 359 2344 Eodem
380 2285 468 2344 moda
490 2284 645 2344 dicendum
667 2284 703 2343 de
721 2299 756 2342 re
769 2290 892 2344 nestra.
915 2284 976 2343 Nos
995 2301 1089 2361 neque
1106 2287 1191 2363 origi·

106 2399 177 2442 nem
196 2383 356 2444 Blblloi'nm
371 2383 562 2444 Mammium
576 2383 684 2442 veteris
693 2371 876 2442 Testamenll
887 2397 982 2460 neque
996 2384 1192 2444 sinceritatem

105 2484 299 2558 noverimus,
322 2484 380 2542 nisi
399 2481 465 2542 illas
485 2494 586 2542 omues
599 2471 766 2558 Scripturas
776 2472 1121 2542 circumeamussedula
1134 2497 1193 2542 me·

104 2579 267 2657 dimdcne,
291 2580 435 2642 vocabula
463 2582 583 2656 omnia,
608 2579 765 2640 verborum
795 2580 949 2658 ordinem,
978 2580 1096 2643 lllourm
1124 2596 1191 2656 pro·

104 2680 242 2756 prietates
256 2681 486 2756 investigantes,
509 2678 615 2756 quibus
636 2678 691 2738 hae
713 2677 882 2754 scripturae
902 2680 1030 2754 primum
1051 2685 1191 2738 exaratae

105 2781 200 2853 sunt,
227 2783 256 2836 et
277 2779 335 2836 nisi
363 2777 626 2837 animadvertentes
649 2782 748 2836 utrum
770 2779 843 2836 istae
864 2779 895 2835 in
917 2791 948 2836 se
973 2777 1124 2837 mutarent
1146 2779 1191 2836 ln·

105 2876 216 2936 dicmur
231 2875 349 2952 aliquod
362 2876 441 2936 lllius
455 2882 586 2936 vetustae
599 2875 727 2952 linguae,
743 2869 802 2952 q'un
815 2876 934 2936 illarum
944 2882 1076 2935 auctores
1087 2874 1192 2935 imbuti

106 2973 209 3051 merc,
235 2975 282 3034 vel
308 2974 435 3034 imbutos
467 2977 688 3050 praesumitur-3·
707 2973 953 3050 quemadmodum
980 2975 1047 3033 illos
1075 2975 1191 3034 eosdem

106 3072 466 3134 hebraicaeluslltutlonls
485 3087 521 3130 aa
542 3071 670 3148 ejusdam
683 3073 831 3148 religionis
849 3074 970 3132 omnino
991 3073 1192 3132 mantissimas

106 3172 221 3247 masc,
238 3173 423 3248 comperitur.
448 3167 479 3228 Sl
500 3168 572 3228 haec
592 3183 707 3246 quoque
727 3169 958 3246 obtinuerimus,
983 3168 1119 3228 hebraica
1139 3169 1193 3228 sel·

109 3271 180 3330 licet
196 3271 314 3346 lingua,
339 3269 391 3328 rel·
409 3267 563 3328 chaldaica·
581 3267 741 3344 descriptas
763 3266 853 3326 libros
875 3265 1191 3342 Bautae-Canentem,

107 3373 138 3428 et
150 3369 257 3430 saltem
273 3381 343 3443 cos,
359 3369 410 3443 qul
423 3366 462 3426 ob
479 3367 681 3443 antiquitatem
698 3379 812 3441 mmm,
832 3379 908 3442 qnae
924 3365 966 3423 els
988 3362 1191 3440 abutineutur,

107 3465 245 3528 hamatae
261 3465 456 3527 scriberentur
477 3479 593 3526 necesse
609 3469 693 3540 erat,
714 3463 795 3524 aliud
808 3463 983 3539 genuitatis,
1003 3477 1038 3520 ac
1060 3463 1192 3521 veritatis

106 3563 215 3624 borum
234 3563 395 3624 Bibllonrm
414 3568 530 3624 eruetur
547 3568 762 3640 argumentum.
786 3561 938 3622 Praeterea
951 3575 988 3619 ex
1003 3559 1059 3620 hac
1073 3559 1192 3622 demon·

105 3664 251 3724 sacione
274 3662 354 3722 allud
379 3661 578 3739 adjumentum
604 3661 762 3738 prudlerlt,
783 3674 842 3738 quo
864 3659 971 3718 alarius
992 3673 1093 3718 sensus
1115 3664 1193 3734 patc-

108 3760 161 3820 llet
177 3760 285 3820 borum
302 3759 453 3820 librorum.
471 3759 548 3818 Nam
567 3775 635 3820 cum
652 3776 739 3820 suum
757 3761 904 3818 auctorem
918 3756 991 3816 haee
1005 3755 1100 3814 Biblla
1113 3758 1193 3816 uiros

107 3873 214 3936 genere
245 3857 385 3920 hebraeos
414 3857 623 3934 expostulent,
651 3875 688 3917 ex
713 3858 830 3918 illorum
866 3871 980 3932 quoque
1006 3853 1138 3930 phrasi,
1163 3859 1193 3912 et

108 3956 206 4018 modis
227 3957 353 4036 petenm
372 3963 416 4016 est
435 3973 535 4016 eorum
558 3957 777 4032 interpretatio,
799 3957 843 4015 uti
866 3959 942 4012 recte
964 3953 1001 4012 de
1026 3953 1073 4010 his
1093 3951 1194 4010 scribit

106 4055 293 4134 buprstlnus
315 4055 372 4134 inl:
398 4079 411 4108 a
426 4054 482 4115 Sed
495 4056 652 4131 quonum,
667 4059 785 4129 atquae
799 4052 1084 4128 sitipsasententia,
1103 4063 1192 4124 quam

107 4155 207 4232 plures
230 4158 400 4234 interpretes
421 4169 475 4231 pro
497 4169 552 4214 sua
573 4153 695 4230 quisquc
720 4151 879 4226 facultate,
906 4155 994 4225 amaa
1011 4147 1122 4224 judicio
1144 4161 1191 4203 co·

150 4367 185 4432 (l)
202 4368 322 4421 Praelatio
342 4369 367 4418 ln
380 4367 526 4429 paralipom.
540 4391 570 4404 -
583 4363 617 4428 (2)
632 4363 685 4414 Lib.
699 4365 730 4413 li.
753 4362 783 4412 ue
808 4363 875 4412 Docl.
900 4359 990 4410 Glrrlst.
