3094 5184
581 351 623 392 .‘·
643 359 676 408 ai
701 383 741 396 ..

114 483 186 528 cum
205 467 376 527 discreverit
396 479 495 526 sacras
515 463 679 543 Scripturas
699 469 862 528 veteraria
886 483 1041 529 numerum
1062 487 1144 532 xxti.
1168 473 1203 531 li·

117 566 252 626 brorum.
275 565 329 624 His
354 566 432 623 enim
453 567 635 642 numeratis,
667 568 699 624 in
717 565 843 642 Prologo
864 565 985 627 Galeato
1009 567 1107 627 addit:
1133 594 1145 620 «
1163 570 1204 632 Ut

14 749 15 752 Ἴ
113 669 193 726 scire
218 665 369 724 summus
394 664 537 740 quidquid
560 670 644 724 extra
668 663 727 724 hos
745 671 812 742 est,
844 667 921 726 inter
944 665 1112 744 apocrypha
1140 683 1203 728 csse

14 815 18 854 ,
111 764 293 840 ponendum.
315 763 408 840 Igitur
428 762 575 839 Sapientia
594 763 758 824 Salomonis
780 769 809 824 et
828 764 898 824 lesu
922 764 1025 826 Sirach
1051 765 1143 842 liber,
1173 773 1203 827 ct

14 901 19 952 3
110 865 238 940 Juditb,
258 869 288 924 et
306 862 413 922 Tobiae
432 879 492 924 noa
511 865 628 923 suntin
647 862 765 923 Emona
778 871 833 923 etc.
847 887 861 915 »
884 865 920 923 ln
933 865 1054 940 epistola
1069 865 1108 924 ad
1125 865 1201 926 Pau-

14 1013 20 1036 ,
111 965 208 1023 linum
235 962 337 1022 eadem
364 965 489 1038 repent,
511 969 540 1021 et
561 963 593 1020 in
614 961 674 1022 line
698 962 824 1038 catalogi
848 961 1081 1038 Scripturarnm:
1115 963 1200 1024 «Oro

14 1037 20 1052 ³
110 1070 143 1122 ie
164 1061 256 1122 irater
272 1063 434 1137 carissime,
457 1062 509 1135 ait,
536 1063 611 1119 inter
632 1060 704 1119 baec
716 1063 839 1136 vivere,
867 1062 924 1120 ista
938 1061 1093 1136 meditari,
1121 1063 1197 1122 nibli

111 1161 196 1221 alind
210 1175 315 1237 nosse,
329 1159 403 1218 nibil
418 1175 566 1236 quaerere.
580 1185 592 1210 a
609 1159 690 1218 Haec
703 1161 819 1234 scripsit
832 1160 1029 1236 Hieronymus
1043 1160 1079 1219 de
1092 1163 1199 1220 veteris

110 1255 295 1320 Testamenti
306 1259 399 1320 libris.
422 1259 572 1332 Quaedam
599 1257 646 1316 his
665 1259 774 1316 similia
799 1260 913 1317 nonsit
932 1261 1012 1326 circa
1035 1258 1199 1320 additiones

14 1413 20 1432 ,
108 1359 253 1435 Danielis,
263 1357 385 1433 Esther,
407 1363 436 1416 et
455 1356 590 1449 Eamch3
611 1358 718 1433 quippe
738 1372 813 1433 qnae
832 1359 904 1416 item
923 1355 1045 1416 aberant
1059 1372 1076 1416 e
1089 1355 1195 1418 codici·

14 1433 24 1533 ᾗ,
109 1456 166 1516 bus
187 1453 330 1516 hebraeis:

151 1547 232 1614 Haec
246 1571 315 1613 vere
329 1571 346 1614 a
363 1550 544 1630 Hieronymo
555 1554 634 1614 dicta
645 1562 725 1630 sumt,
733 1559 762 1614 et
775 1554 830 1613 hoc
842 1570 949 1630 negare
957 1571 1016 1614 non
1030 1570 1196 1631 possumnsc

109 1651 275 1728 etquidem
296 1652 451 1710 dicandum
472 1658 548 1711 esset
564 1652 665 1710 eadem
678 1651 786 1728 verba,
808 1644 954 1712 Ecclesiae
972 1653 1108 1729 antiquae
1125 1670 1195 1712 con·

107 1749 256 1810 suetudlni
269 1749 401 1825 obstare,
415 1756 450 1810 ut
460 1765 553 1826 nuper
566 1749 745 1810 deciaratum
759 1753 814 1809 est.
830 1749 888 1808 Sed
900 1765 955 1826 ego
967 1749 1005 1808 ab
1018 1750 1193 1810 adversariis

107 1865 278 1926 quaererem
288 1847 480 1925 ,permansit
501 1864 539 1907 nc
556 1849 754 1926 Hieronymus
774 1847 830 1907 bac
849 1850 881 1906 in
898 1847 1139 1926 (leoninamque
1151 1849 1191 1908 ad

14 2007 26 2030 ἵ,
109 1949 190 2007 ritae
208 1949 344 2008 animm?
369 1947 453 2007 iirrne
475 1950 570 2006 nouit
599 1947 677 2006 hane
704 1948 895 2022 opinionem?
921 1947 978 2006 Hic
1004 1947 1107 2023 labor,
1136 1948 1193 2008 hoe

16 2037 19 2050 '
105 2061 191 2122 opos.
213 2045 304 2105 Harii
322 2041 425 2122 utique
445 2046 662 2122 Hieronymus,
684 2048 778 2122 tnagis
796 2051 926 2104 veterum
942 2047 1118 2120 scriptorum
1137 2046 1192 2106 do·

104 2145 202 2204 ctrina
220 2143 350 2204 imbutas
369 2150 399 2204 et
422 2143 460 2203 ab
485 2145 587 2203 amicis
610 2142 824 2219 reprehensus,
855 2146 1021 2219 opinionem
1045 2159 1131 2203 suam
1154 2145 1191 2204 dc

105 2245 198 2304 sacris
223 2241 381 2320 Scripturis
404 2259 465 2301 non
492 2241 670 2302 conformari
694 2245 847 2302 universae
872 2241 1038 2318 Ecclesiae3
1067 2257 1101 2302 ao
1125 2244 1191 2303 ideo

17 2334 25 2348 ⁶
102 2341 281 2417 pedetentim
299 2344 474 2402 senmntiam
486 2357 571 2400 suam
585 2340 762 2418 emendavit
772 2341 911 2416 sapientis
927 2342 1006 2399 enirn
1019 2346 1064 2400 est
1076 2348 1192 2402 mutare

14 2411 16 2450 ⁵
103 2441 273 2502 consilium.
292 2439 330 2500 Et
344 2440 491 2516 momodo
512 2438 702 2499 ernendaviti
720 2438 817 2498 Antea
833 2439 872 2498 ad
889 2440 999 2498 amicos
1014 2441 1187 2518 scripserat,

14 2591 17 2604 ,
101 2545 134 2597 et
153 2537 337 2618 apocryphos
356 2539 411 2598 bos
432 2538 521 2598 libros
541 2541 679 2614 vocarit,
702 2545 789 2615 atqm
802 2537 935 2598 hortatus
951 2544 1034 2615 erat,
1053 2548 1092 2598 ne
1105 2555 1188 2614 prae·

100 2643 147 2696 ter
166 2639 244 2714 illos,
265 2651 339 2714 quos
359 2639 472 2698 censuit
485 2635 678 2714 libros,allnd
696 2641 868 2712 noscerent,
889 2653 944 2698 nec
963 2637 1184 2718 meditarentur,

99 2735 213 2797 Deinde
232 2751 304 2796 vero
324 2738 356 2794 in
377 2736 467 2795 libros
487 2735 671 2811 Salomonis,
693 2736 765 2796 dicit
781 2735 940 2796 Ecclesiam
955 2734 1010 2796 Dei
1023 2737 1118 2814 legere
1132 2736 1185 2798 Sa·

15 2854 18 2864 ⁴
98 2836 239 2912 mendae,
253 2836 459 2912 Ecolenmtici,
469 2835 588 2912 Tobiae,
603 2833 706 2895 iudith
717 2835 1001 2896 etbiacbabaeorum
1007 2834 1113 2896 libros.
1136 2837 1185 2896 In·

15 2953 18 2964 ’
99 2934 246 3010 saperda
270 2933 345 2992 libro
369 2933 478 2994 Tobiae
500 2935 592 2993 sumit
615 2935 825 3009 testimonium,
850 2950 919 2994 cum
933 2936 1063 2994 novisset
1081 2937 1112 2994 in
1133 2951 1185 2995 au·

100 3035 268 3092 ctoritatsm
289 3035 381 3108 accipi
405 3031 444 3092 ab
466 3031 612 3093 Ecclesiae
632 3033 783 3108 patribus;
803 3035 874 3092 item
897 3031 1073 3108 Pmphetam
1099 3039 1186 3092 vocat

98 3130 265 3207 Sapientiae
287 3138 457 3207 audorem3
481 3129 661 3206 Scnpturm
683 3130 815 3190 divinam
841 3130 912 3190 dicit
940 3131 1065 3190 alterum
1085 3131 1182 3190 Eccle-

98 3231 212 3290 siastlei
233 3229 358 3307 libram,
379 3236 492 3306 partem
511 3235 630 3288 sanctae
650 3227 815 3304 scripturae
835 3226 962 3304 appellet
979 3227 1084 3288 Esther
1103 3227 1184 3286 addi-

14 3343 20 3382 ι
97 3335 230 3388 amenta
243 3335 273 3388 et
285 3329 436 3404 Danielus
454 3327 655 3406 Scripmram,
673 3333 822 3404 quaonon
834 3328 992 3402 mentitur,
1006 3325 1079 3385 dicit
1092 3325 1182 3386 libros

96 3425 368 3504 Machabaeornm3
388 3426 531 3488 hebraeae
556 3428 694 3486 historiae
718 3428 889 3502 participem
914 3423 1179 3499 inarticulatam,

14 3537 18 3618 1l
96 3530 129 3584 et
140 3530 177 3584 nt
188 3525 322 3586 fflvlnum
334 3525 488 3602 volumen,
504 3526 582 3587 illius
596 3529 667 3586 citat
680 3526 806 3602 librum3
821 3532 850 3585 et
859 3529 890 3584 in
900 3525 1034 3587 eumdem
1048 3523 1146 3585 addit:
1164 3547 1178 3576 a

96 3621 156 3682 Sed
182 3627 252 3701 quia
275 3625 407 3704 synodus
425 3629 547 3686 nimena
566 3626 645 3686 bunc
665 3625 773 3686 librum
793 3625 898 3702 legitur
918 3627 950 3684 in
969 3638 1092 3685 numero
1112 3640 1180 3684 san-

14 3769 15 3776 ,
94 3727 213 3782 ciarum
225 3723 443 3801 Scripturarnm
458 3731 662 3802 computasse,
677 3727 809 3802 acquievi
821 3725 1009 3801 postulationi
1022 3731 1148 3786 ambae.
1162 3749 1176 3778 a·

14 3841 15 3848 ¹
94 3819 207 3880 Rufino
228 3823 406 3899 respondens
427 3865 436 3901 ,
471 3825 637 3899 opinionem
655 3823 691 3882 de
704 3824 857 3884 &sinitote
874 3823 1012 3884 historiae
1028 3821 1179 3885 Susannae

95 3920 195 3996 magis
209 3920 356 3996 patefacit.
372 3921 522 3998 Tandem,
540 3936 607 3979 eum
621 3919 721 3982 doctor
737 3927 854 3984 sanctus
872 3923 1024 3998 epistolam
1042 3921 1176 3999 origenis

92 4015 133 4076 ad
158 4017 331 4080 Africanum
352 4021 467 4098 legisset
488 4019 525 4078 de
547 4019 646 4080 eadem
676 4019 825 4080 Susannae
849 4021 989 4094 historia,
1018 4023 1047 4078 et
1071 4017 1176 4077 Esther

91 4115 310 4197 additionibus,
332 4121 368 4180 de
376 4120 484 4181 Tobiae
498 4127 527 4180 et
539 4119 642 4180 iudith
655 4118 823 4197 scripturis,
831 4119 882 4179 ubi
896 4119 1075 4194 apertissime
1088 4115 1177 4176 disse·

92 4217 170 4276 ritnr
189 4233 244 4294 pro
269 4225 369 4280 nostro
394 4226 565 4297 argumento
592 4226 693 4280 contra
719 4221 909 4282 hebraeorum
935 4223 1119 4298 doctrinam,
1147 4229 1177 4282 et

90 4329 162 4376 cum
183 4319 215 4376 in
235 4315 309 4379 libro
339 4351 350 4364 ·
373 4318 416 4379 Dc
436 4318 629 4395 scriptoribus
654 4321 881 4386 Ecclesiasticis·
901 4328 1055 4386 asseruerit
1075 4325 1174 4385 Hiero·
