3086 5182
842 395 1003 446 1-50...

381 512 484 570 matlm
500 505 687 584 epistolamm
705 505 858 565 anrbmum
875 519 993 566 mosum
1011 503 1171 582 1111111111.
1191 503 1314 565 llininre
1325 521 1397 583 ergo
1415 521 1460 566 as-

385 607 538 668 serendum
557 611 602 664 est
630 621 679 664 eas
699 605 810 664 litteras
829 603 920 664 fuisse
944 605 1169 663 commentitias.
1190 604 1266 664 Item
1284 604 1345 663 alia
1365 605 1463 664 addita

385 706 422 765 de
443 704 556 764 insidia
574 702 794 779 eunuchorum,
817 717 892 779 quae
910 701 956 762 bis
976 703 1114 779 leguntur
1130 705 1163 760 in
1180 714 1306 778 gmeoo,
1325 707 1358 762 et
1377 704 1464 762 semd

384 807 415 862 in
437 803 572 863 hebraeo.
596 800 806 862 Describuntur
818 800 916 860 anteiri
938 803 1026 859 initio
1045 800 1133 876 libri,
1155 801 1248 860 111111
1268 800 1411 876 prologn
1432 801 1465 859 il-

384 904 442 964 ilus
454 903 617 977 historiae,
638 907 667 960 et
680 902 718 959 in·
730 915 827 959 rerum
840 899 1094 974 explanationem,
1118 913 1194 974 quae
1210 896 1347 972 anceps
1364 897 1468 956 diurn

385 1009 444 1063 tur.
467 1002 579 1062 Pariter
598 1015 697 1076 preces
714 1013 814 1058 eoram
836 992 897 1058 Deo
920 997 1079 1057 eimudunt
1105 996 1222 1056 hebraei
1239 997 1327 1056 dmul
1348 998 1381 1055 in
1401 1013 1468 1072 pro

385 1103 480 1177 priam
498 1100 633 1159 salutem
658 1099 787 1159 Graecus
799 1099 872 1156 vero
883 1097 985 1175 adiicit
995 1096 1109 1171 ruha,
1129 1111 1205 1172 quae
1223 1093 1330 1154 1111111
1343 1101 1376 1154 et
1389 1095 1467 1154 liar-
1533 1095 1534 1154 1

384 1197 531 1256 miraeus
550 1199 580 1254 in
607 1197 721 1256 eoelum
750 1195 889 1254 extulere.
915 1193 1122 1271 Numquidne
1143 1193 1201 1252 hoe
1227 1196 1385 1252 inuentum
1411 1193 1468 1252 diei

384 1301 479 1371 potest
496 1296 593 1370 potius
607 1335 616 1369 ,
638 1309 727 1370 quam
748 1309 816 1368 pars
829 1293 917 1370 hujus
930 1292 1120 1368 Scripturas?
1141 1292 1282 1368 Exempla
1299 1291 1348 1350 his
1362 1291 1468 1350 shnilln

385 1392 543 1451 tradunmr
560 1393 592 1449 in
611 1390 868 1452 Protoilanonieis
887 1391 1100 1468 Scripturarum
1116 1391 1209 1450 libris.
1225 1389 1332 1451 orarit
1344 1391 1424 1450 lona
1439 1393 1467 1448 in
1533 1395 1534 1442 1

386 1494 488 1549 ventre
507 1492 584 1564 ceti,
604 1495 738 1564 precatus
751 1496 795 1549 est
809 1489 947 1550 1111111111
971 1493 1055 1568 gravi
1076 1490 1179 1550 morbo
1197 1487 1336 1550 laborans
1353 1507 1363 1566 3
1391 1491 1470 1548 cunii

386 1589 447 1647 Deo
458 1589 547 1646 Anna
559 1589 589 1645 in
602 1591 762 1665 gratiarum
776 1592 937 1665 actionem,
952 1589 1014 1650 Deo
1026 1589 1316 1664 cecinereilebbora,
1332 1595 1365 1647 et
1376 1587 1469 1647 Barac
1533 1583 1534 1650 l

387 1685 425 1744 de
440 1687 563 1744 victorie
581 1685 679 1745 labin.
701 1688 824 1762 Insuper
843 1691 874 1746 in
885 1687 1002 1748 divinis
1021 1688 1143 1764 Bibliis,
1174 1687 1339 1763 Prophetae
1364 1689 1469 1763 impios

387 1790 489 1844 contra
514 1783 607 1843 Deum
627 1784 808 1861 alloquentes
829 1786 990 1862 proferunt.
1012 1787 1059 1846 lta
1070 1789 1148 1846 enlm
1165 1787 1257 1848 lsaios
1270 1786 1468 1848 8111111111

386 1887 418 1944 in
437 1885 595 1944 marinum
616 1884 747 1946 looutrrm
770 1885 883 1944 inducit
905 1885 964 1961 (tiz
993 1886 1056 1944 «ln
1077 1900 1168 1945 manu
1181 1899 1335 1944 servorum
1349 1889 1467 1944 tuorum
1533 1867 1534 1956 1

375 1984 569 2063 exprobrasti
597 1983 747 2060 Donum,
774 1990 804 2043 ei
830 1984 952 2044 dixhti:
985 1986 1017 2042 in
1044 1983 1230 2043 mmhtudine
1255 1984 1466 2060 qumrlgnrum
1533 2011 1534 2058 1

386 2097 518 2144 mearum
530 2083 710 2160 egoasoemi
726 2081 907 2142 altitudinem
920 2085 1084 2159 montium,
1099 2086 1174 2160 iuga
1190 2083 1315 2158 Libani3
1337 2089 1370 2142 et
1380 2085 1467 2142 suad
1533 2073 1534 2161 1

387 2183 456 2244 dam
473 2180 588 2242 excelsa
607 2181 760 2241 cedrorum
776 2183 849 2258 ejus,
868 2187 898 2240 et
916 2181 1023 2242 electus
1043 2179 1152 2240 abietes
1171 2181 1270 2255 illius,
1292 2186 1322 2238 et
1342 2179 1466 2238 introibo
1533 2175 1534 2180 ’

389 2280 573 2340 altitudinem
594 2280 770 2339 summitatis
790 2283 873 2355 ejus,
896 2280 1003 2338 salutm
1023 2279 1148 2338 Carmeh
1168 2283 1242 2355 ejus.
1257 2305 1270 2328 n

426 2378 481 2437 liis
502 2377 596 2452 adde3
617 2378 668 2436 illa
688 2379 903 2453 discrepantia,
931 2393 1007 2453 quae
1026 2379 1161 2455 exsurgit
1179 2379 1255 2435 inter
1282 2391 1424 2452 1111111111
1441 2381 1466 2433 at
1533 2395 1534 2402 ³

386 2471 545 2536 hebraeum
557 2483 671 2536 textum
686 2477 824 2535 historiae
839 2474 955 2550 Esther,
973 2476 1063 2535 relate
1076 2476 1113 2534 ad
1127 2477 1231 2534 eitaus
1246 2473 1415 2534 adffitiones
1426 2489 1465 2532 ce
1533 2459 1534 2550 1

387 2591 511 2651 rumque
530 2575 662 2634 divimm
683 2577 907 2649 auctoritatem,
923 2573 1000 2634 'mihi
1016 2572 1163 2634 rideretur
1173 2573 1356 2633 conformari
1367 2573 1464 2632 discri-
1533 2579 1534 2650 j

389 2676 464 2732 mini
484 2674 550 2749 ilii,
572 2673 651 2750 quod
671 2674 830 2749 aliquando
848 2673 1000 2732 intercedit
1014 2672 1098 2732 libris
1110 2671 1246 2749 Regum,
1267 2677 1298 2730 et
1317 2670 1463 2745 Pnrnlipo
1533 2679 1534 2744 1

388 2785 516 2846 menon,
531 2773 582 2846 qul
592 2777 756 2830 ¹uersentur
770 2770 807 2829 de
820 2770 924 2829 lisdem
937 2769 1024 2830 rebus
1036 2777 1065 2830 et
1078 2773 1150 2830 viris
1164 2771 1310 2830 amitttat.
1326 2770 1463 2828 Attanum

387 2869 419 2925 in
438 2867 702 2943 Paralipomenon,
724 2869 775 2944 qui
799 2873 866 2943 post
885 2868 1000 2946 Regum
1026 2868 1116 2928 libros
1140 2869 1238 2928 1111111
1258 2875 1356 2944 sunt,
1381 2851 1463 2942 'saepe

387 2971 542 3022 censentur
561 2979 580 3023 a
599 2965 701 3023 divim
720 2967 860 3040 scriptore
878 2967 994 3042 multa,
1015 2983 1091 3044 quae
1119 2969 1326 3043 praetermissa
1347 2973 1420 3026 sunt
1437 2969 1464 3022 iu

386 3065 499 3138 primis.
523 3063 603 3122 llaec
622 3079 660 3122 ne
679 3064 813 3124 officiunt
831 3067 948 3125 veritati
968 3071 997 3126 et
1013 3069 1182 3126 auctoritati
1202 3067 1310 3124 harum
1336 3065 1463 3140 Scriptu-

278 3215 281 3222 1
387 3162 514 3221 rarum?
534 3163 665 3222 Minime.
689 3162 766 3222 Illud
786 3179 901 3240 quoque
919 3163 1102 3241 perfecerunt
1121 3164 1327 3240 Evangelistac
1349 3167 1384 3222 in
1397 3165 1464 3224 actis

386 3259 494 3319 Christi
513 3260 594 3320 Jesu.
617 3261 655 3320 Et
674 3261 730 3320 hoo
743 3263 813 3320 item
822 3266 890 3338 jure
902 3261 966 3322 fieri
985 3264 1080 3336 potuit
1098 3265 1130 3320 ln
1150 3263 1207 3321 hac
1221 3259 1360 3322 Estheris
1378 3261 1464 3320 histo

387 3359 452 3432 ria,
474 3357 552 3433 quod
566 3365 596 3417 et
608 3359 729 3419 Vossius
745 3358 875 3418 firmavit
886 3402 897 3435 ,
910 3365 946 3418 ut
958 3360 1051 3420 111111
1063 3367 1146 3436 parte
1158 3361 1398 3420 demonstrabam
1412 3365 1462 3417 est

428 3457 456 3532 S.
473 3457 526 3517 Vl.
540 3457 738 3519 Nihilominus
752 3461 858 3518 citatus
871 3461 992 3520 Vossius
1006 3470 1073 3520 curn
1088 3460 1171 3520 adea
1183 3461 1275 3519 verba
1289 3460 1464 3536 pervenerit,

386 3553 437 3613 ubi
455 3558 595 3630 scriptum
610 3557 648 3634 (2)
664 3560 695 3615 in
708 3559 830 3634 epistola
843 3557 1037 3617 Artaxerxis:
1063 3584 1076 3609 a
1087 3559 1125 3618 Et
1137 3563 1172 3617 ui
1182 3558 1374 3618 mannestius
1390 3555 1465 3633 quod

387 3651 512 3712 dicimus
532 3655 725 3733 intelligatis,
746 3655 843 3715 Arnon
862 3657 941 3716 iilius
961 3655 1139 3732 Amadathi,
1161 3663 1190 3715 et
1210 3658 1311 3714 annno
1331 3658 1465 3731 ctgeuie

385 3750 505 3810 macedo
519 3753 689 3828 alienusque
704 3769 723 3812 a
735 3771 888 3828 persarum
899 3757 1058 3832 sanguune,
1069 3761 1099 3814 11
1113 3757 1251 3829 piculam
1263 3759 1403 3812 nostram
1416 3768 1467 3810 sua

388 3847 557 3908 erudelitate
567 3852 795 3928 commaculans,
808 3855 977 3930 peregrinus
992 3853 1109 3912 anobis
1122 3858 1275 3928 susceptus
1285 3857 1332 3912 cet
1409 3851 1467 3908 llce

387 3947 537 4022 cogitans,
557 3953 592 4007 ut
611 3947 669 4007 illis
689 3950 849 4010 interiectis
871 3949 1021 4027 (judaeis)
1043 3949 1230 4009 msidimetur
1256 3954 1380 4007 nostrae
1399 3946 1465 4005 soli·

386 4043 502 4121 tudini,
522 4053 551 4104 et
572 4063 694 4124 regnum
706 4035 858 4126 persarum
878 4049 1051 4116 transferret
1069 4048 1108 4112 ad
1125 4047 1327 4124 macedonas,
1342 4071 1357 4098 υ
1382 4045 1465 4121 hujus

412 4334 731 4404 (111111111111
749 4365 779 4377 -
793 4327 827 4404 (a)
844 4343 995 4394 exurar.
