3070 5180
542 381 582 394 ⁸·-
601 365 684 410 mn
707 381 746 394 -··

111 465 270 574 porticu
305 462 557 562 subsistunt,
596 464 638 542 in
671 462 833 544 domum
867 491 960 545 vero
994 493 1078 546 non
1115 467 1176 545 in-

110 615 245 695 trant,
276 623 351 676 nec
373 598 458 706 ejus
483 597 699 704 penetralia
722 595 871 677 vident.
894 633 913 673 u
944 597 990 677 ln
1010 602 1176 680 usu'ire-

110 759 156 811 ro
180 732 327 810 harum
358 731 611 839 linguarum,
647 760 693 810 ac
724 731 925 839 speciatim
960 731 1003 810 in
1032 731 1178 813 divinis

108 864 221 944 libris
242 862 525 972 explanandis,
556 892 690 973 neque
716 865 833 945 nimis
860 865 1013 964 faciles,
1043 895 1176 976 neque

108 999 224 1107 vagi,
262 1025 336 1078 nec
363 996 531 1078 audaces
558 999 710 1096 simus,
740 998 893 1108 nequid
928 1002 1173 1108 speciosum,

107 1159 153 1212 ac
174 1148 334 1241 praeter
369 1133 573 1212 veritatem
612 1133 656 1212 in
684 1135 756 1212 Dei
784 1133 999 1214 Ecclesiam
1032 1133 1177 1214 infera-

106 1293 224 1363 mus,
255 1282 294 1344 et
320 1284 525 1364 econtra,
552 1265 721 1346 aliorum
748 1265 961 1365 desidiam,
990 1285 1031 1346 et
1059 1269 1177 1346 tirno-

106 1425 192 1478 rem
212 1397 321 1478 haud
347 1399 490 1477 imitari
513 1397 725 1496 debemus,
756 1399 828 1507 qui
847 1399 962 1479 veriti
983 1427 1034 1478 ne
1055 1400 1098 1478 in
1116 1427 1177 1478 er-

106 1559 240 1612 rorem
262 1530 459 1629 incidant,
488 1533 589 1611 nihil
612 1533 710 1612 boni
731 1533 925 1613 Ecclesiae
945 1533 1173 1612 conferunt.

108 1665 180 1746 His
203 1693 296 1744 vere
319 1667 505 1772 congruit
525 1664 624 1745 illud
643 1666 845 1773 Evangelii
867 1664 1041 1746 dictum:
1066 1699 1085 1740 a
1103 1667 1177 1745 To

107 1814 145 1876 ta
173 1815 293 1878 nocte
318 1797 542 1878 laborantes
564 1799 664 1878 nihil
697 1800 886 1906 cepimus.
911 1833 929 1874 u

160 1933 259 2010 Post
295 1932 399 2030 hoc,
441 1949 485 2010 ut
517 1931 702 2012 nonnihil
738 1950 926 2041 appareat
964 1934 1173 2029 utilitatis,

108 2092 215 2173 quae
237 2092 288 2144 ex
306 2065 368 2144 his
392 2062 531 2145 studiis
552 2065 749 2172 exsurgit,
775 2093 866 2164 vos,
884 2066 1051 2173 juvenes
1071 2093 1179 2172 prae-

108 2198 231 2296 clari,
263 2196 313 2278 ad
345 2199 422 2277 hoc
438 2225 584 2286 ,mcum
615 2225 783 2304 parvum
814 2227 917 2307 opus
952 2198 1173 2297 accedetis,

108 2349 147 2410 et
164 2333 397 2439 praesertim
417 2330 467 2410 ad
493 2329 731 2429 secundam,
763 2351 801 2412 et
823 2333 979 2412 tertiam
1000 2328 1177 2446 ejusdem

107 2482 298 2570 partem,
339 2491 390 2543 ex
427 2493 511 2574 quo
542 2465 746 2572 excipietis
785 2482 983 2573 quantum
1018 2466 1177 2572 linguae

109 2625 272 2705 graecae
294 2615 333 2676 et
355 2597 563 2677 hebraicae
585 2599 750 2706 peritia,
771 2617 931 2706 praeter
953 2599 1028 2677 alia
1044 2661 1053 2697 ,
1068 2599 1180 2705 juvet

110 2728 158 2810 ad
189 2731 375 2810 veritates
408 2732 526 2810 sacris
565 2732 607 2809 in
641 2731 752 2810 libris
782 2731 998 2815 occultatas
1040 2758 1179 2810 conse-

110 2861 311 2970 quendas3
344 2863 520 2971 indeque
547 2864 644 2944 haec
661 2861 791 2944 studia
813 2865 992 2944 excolere
1020 2864 1180 2972 incipie⁴

109 2997 185 3096 tis,
217 3013 258 3076 et
285 2999 327 3075 in
354 2997 538 3077 societate
559 2998 773 3078 christiana
797 3026 842 3077 ea
868 3025 1102 3106 promovere
1120 3025 1180 3076 ve

109 3128 181 3208 luti
209 3131 319 3226 vias,
349 3131 499 3238 quibus
529 3148 686 3210 nostrae
714 3128 805 3210 fidei
839 3130 1022 3238 dogmata
1057 3131 1180 3236 magis

109 3262 390 3370 explanantur.
432 3264 591 3346 Gaudet
620 3264 775 3344 animus
809 3291 947 3362 meus,
978 3263 1075 3342 dum
1110 3291 1180 3342 vos

111 3413 204 3474 ante
234 3423 296 3474 me
324 3400 565 3504 compositos
601 3398 801 3505 inspicio,
842 3415 881 3476 et
907 3397 1095 3476 sollicitos
1130 3394 1181 3476 ad

111 3529 196 3608 illas
233 3529 388 3637 regulas
426 3529 743 3639 comparandas,
784 3559 887 3639 quae
918 3557 987 3608 vos
1023 3529 1073 3610 ad
1111 3531 1181 3609 ha-

111 3691 200 3742 rum
228 3663 456 3770 linguarum
480 3665 782 3772 acquisitionem
801 3662 1058 3762 conducunt3
1081 3691 1182 3742 com·

111 3813 271 3902 pertum
300 3797 428 3892 habeo
445 3800 639 3906 vosipsos
660 3798 785 3906 pluris
805 3798 978 3878 facturos
1003 3799 1181 3878 essehoc

110 3927 310 4028 studium,
342 3929 429 4008 illos
449 3930 610 4030 imitati,
642 3932 713 4037 qui
733 3932 809 4009 hac
831 3945 957 4009 aetate
979 3946 1180 4037 praestant

112 4054 374 4152 muneribus,
403 4056 532 4154 curis,
564 4053 857 4153 sollicitudine,
887 4072 972 4133 tum
1001 4055 1043 4134 in
1071 4081 1179 4132 sacra

113 4186 243 4268 studia
273 4187 585 4286 incumbendo,
624 4205 710 4267 tum
747 4191 793 4268 iis
824 4188 1056 4294 erigendis,
1087 4205 1126 4266 et
1158 4215 1179 4266 a
