3094 5184
593 377 749 432 ...25..

118 497 153 552 ut
171 497 268 552 terres
290 492 445 566 gentesque
467 486 522 547 snb
542 489 694 564 imperinm
715 501 800 548 suum
819 483 1019 563 traduxerint,
1039 487 1071 544 tn
1089 485 1195 562 quihus

6 627 7 650 2
117 603 259 666 magnam
267 585 456 646 hebraeorum
471 589 593 662 ooplarn.
611 587 723 660 Renpee
737 584 794 646 suh
810 583 974 645 Ptolemaeo
990 582 1197 660 Philadelpho,
1235 591 1237 598 '

6 711 8 748 i
119 690 173 764 qui
193 687 332 746 suceessit
351 683 515 744 Ptolemaeo
534 683 613 760 legi
628 683 709 758 illio,
737 680 932 742 Alexandriae
951 686 1067 742 eentum
1093 683 1200 757 vigiam

6 807 8 848 i
122 784 218 846 millia
245 782 435 842 hebraeorum
455 780 646 841 nensebnntur
665 781 772 855 partim
797 794 835 838 ex
860 779 896 838 iis
917 778 1069 856 indigenae
1096 785 1200 854 erant,

116 883 227 958 partim
247 879 285 940 ab
306 879 372 940 eliis
395 878 580 956 regionibus,
603 891 637 938 ao
656 879 826 952 praesertim
844 891 860 935 e
880 875 996 951 Media,
1018 875 1155 952 Perside,
1175 891 1195 936 a

115 979 230 1040 Judaee
251 991 385 1054 quoque,
406 975 626 1037 etllimusalem
646 973 881 1050 itinerandum,
901 974 1194 1051 quaeoPtolemeeo
1259 997 1263 1004 ·

8 1103 11 1115 ·
116 1076 192 1153 Lagi
211 1073 284 1152 fillo,
304 1074 392 1150 dolo,
413 1089 448 1134 ae
467 1072 569 1134 haudo
588 1079 729 1149 nemnem
745 1072 802 1134 fuit
821 1072 1040 1150 utilihrnxrr.;
1063 1071 1197 1150 Antiqui

6 1201 13 1238 r
117 1175 215 1232 tetum
236 1171 356 1230 Pierius
378 1170 456 1230 tuem
480 1169 561 1232 dinit.
588 1170 730 1243 Quemvis
757 1175 853 1230 autern
880 1171 1037 1230 deernimus
1061 1169 1199 1230 hebraeo-

11 1301 14 1309 ·
117 1283 186 1330 min
204 1268 295 1328 hostis
315 1273 390 1328 esset
402 1267 476 1344 Legi
489 1267 583 1344 iilius,
604 1268 721 1328 illorum
740 1267 829 1328 iidem
847 1273 946 1328 tamen
959 1273 989 1326 et
1002 1269 1197 1328 sinceritatem

6 1385 7 1390 ¹
119 1372 260 1443 expertus
279 1365 404 1443 henigne
434 1367 465 1426 ln
494 1381 543 1426 eos
563 1368 623 1443 egit
642 1367 736 1443 adeo,
767 1372 802 1426 ut
818 1371 919 1442 postea
933 1364 1034 1441 judaei
1053 1365 1138 1426 multi
1162 1381 1199 1426 ex

117 1463 330 1542 Hierosolymis
350 1470 470 1540 sponte,
492 1464 765 1525 alleetiethooitate
777 1464 870 1540 eneti,
885 1470 914 1522 et
926 1463 1083 1522 Ptolemaei
1095 1461 1199 1522 libera·

116 1562 200 1624 tinere
216 1563 249 1622 ln
268 1560 435 1639 Aegyptum
454 1561 576 1637 protecti
595 1563 665 1622 sint.
687 1561 753 1622 Non
774 1561 868 1620 solum
888 1563 959 1620 istos
974 1553 1115 1620 &novole
1139 1566 1200 1620 tra·

116 1659 211 1720 eterit
229 1657 410 1718 Ptolemaeus
439 1658 535 1735 idem,
567 1673 671 1720 verum
698 1661 787 1718 etiam
816 1659 881 1718 iilos
914 1657 1046 1718 Mate
1074 1656 1198 1718 donatos

6 1743 12 1832 s
117 1755 194 1816 elios
213 1755 244 1814 ln
267 1755 376 1816 enllnns
396 1771 463 1816 suos
486 1758 648 1832 enoptauit,
669 1755 743 1815 elios
756 1755 794 1815 ed
816 1756 952 1814 milidone
971 1753 1090 1831 adlegit.
1116 1754 1198 1814 Idem

117 1851 225 1914 aooldit
248 1852 305 1913 sub
329 1853 493 1914 Ptolemaeo
517 1855 678 1930 dramate,
706 1853 872 1914 Ptolemaeo
897 1853 1118 1929 Philometore,
1144 1851 1199 1912 suh

12 2016 17 2028 ¹
117 1949 291 2027 Cleopatra,
311 1965 347 2016 oo
366 1953 485 2026 iusuper
505 1951 561 2012 sub
579 1964 767 2012 romanorum
786 1953 908 2027 imperto
926 1951 1043 2011 hebraei
1071 1951 1200 2028 aegyptti

116 2047 330 2125 neuqudutnte
342 2049 472 2108 manime
480 2047 563 2108 imiti
576 2055 656 2124 snut,
665 2062 810 2124 quemme
823 2051 911 2110 etiem
920 2050 1102 2123 potissimum
1114 2047 1199 2106 leena

14 2216 17 2224 Λ
121 2145 266 2206 Dominus
278 2151 376 2206 nomer
394 2149 533 2222 expertus
551 2150 596 2205 est
614 2149 696 2221 tum,
718 2159 787 2204 oum
805 2145 929 2204 Heeedls
949 2149 1080 2204 metuam
1100 2150 1200 2222 tyram

10 2230 12 2243 '
116 2243 217 2304 aldem
234 2259 251 2304 e
269 2243 381 2306 ludens
396 2241 512 2320 ingiam
531 2244 650 2304 seneeslt
661 2243 694 2300 in
706 2241 892 2318 Aegyptum,
905 2257 942 2300 ae
955 2241 996 2300 ihi
1009 2245 1092 2302 trime
1104 2255 1198 2316 usmis

117 2341 159 2402 ad
189 2347 315 2404 moriem
345 2341 475 2418 eiusdem
504 2339 628 2402 Herodis
647 2346 778 2400 meatus
799 2345 868 2400 est..·
883 2337 1056 2415 Appianas,
1088 2342 1119 2398 et
1147 2338 1199 2397 lu·

117 2441 216 2500 annos
227 2439 358 2500 historiei
369 2439 424 2499 hoo
436 2438 514 2498 idem
526 2443 687 2515 natantes,
701 2437 809 2515 mulius
822 2436 1030 2498 eddendnsest
1039 2436 1198 2514 Polybium,

6 2535 8 2542 “
117 2539 172 2614 qul
195 2536 271 2597 libro
294 2553 325 2596 v.
352 2537 496 2596 &manns
517 2535 758 2612 ‹le-Caeieeyriae
785 2535 926 2611 populls,
954 2537 997 2594 att
1019 2533 1201 2596 iilosioisse

117 2637 336 2712 promptissimo
354 2636 495 2711 obsequio
512 2649 584 2711 erga
602 2623 783 2696 Ptolemaeos
801 2631 929 2711 Aegypti
951 2649 1052 2709 reges,
1071 2632 1200 2699 eosdmn·

6 2769 8 2780 ·
116 2747 178 2809 qne
197 2735 311 2792 neronis
332 2731 481 2794 remmoth
500 2733 638 2792 mutinam
657 2730 827 2792 honorasse.
850 2729 907 2790 Sed
924 2745 1028 2806 pamm
1042 2737 1119 2792 esset
1134 2732 1199 2808 qai·

115 2827 188 2888 dem
208 2835 358 2905 tmnmnu,
383 2834 413 2888 et
434 2828 642 2905 heumitetem
661 2844 732 2905 enge
748 2826 890 2913 hebraeos
911 2827 1115 2888 menandriana
1134 2844 1200 2914 aare

118 2927 204 2986 duan
223 2925 374 3004 enegihas
395 2926 566 2986 Ptolemaeis
592 2929 733 3002 praestita
761 2928 897 3004 normae,
928 2933 976 2986 ast
1002 2926 1127 3004 mnplins
1146 2943 1200 2986 no·

10 3077 14 3099 ,
115 3023 164 3084 his
184 3021 226 3084 tbi
245 3026 389 3084 messione
406 3025 581 3101 legislationis
600 3025 820 3101 emendandi,
842 3030 887 3084 est
906 3024 1040 3084 miranda
1056 3024 1198 3100 libertae,

10 3108 13 3116 ’
117 3137 211 3199 quarn
231 3139 249 3182 n
268 3124 350 3200 regio
368 3124 490 3198 irnperio
510 3122 698 3184 obtinuerunt
719 3121 836 3192 hebraei
856 3122 957 3198 adeo,
992 3129 1026 3182 ut
1050 3125 1082 3180 in
1105 3122 1196 3185 hetto·

6 3263 7 3266 ,
117 3221 254 3296 politam
272 3219 455 3296 maerentum
474 3225 673 3280 nonanuetnm
693 3216 780 3278 hinnit
795 3217 940 3292 templum
967 3217 1022 3276 snb
1046 3216 1122 3276 (tote
1147 3215 1199 3276 Se·

118 3317 238 3381 oerdote
252 3317 605 3395 alteri-hierosolymitano
627 3315 732 3376 dmile.
754 3314 852 3375 Nullo·
864 3314 950 3374 meio
970 3319 1067 3374 antem
1087 3319 1131 3372 est
1143 3327 1197 3388 pn·

6 3399 9 3412 '
117 3416 402 3478 aerumnosum
420 3413 884 3494 offlenoeaeeengnus
903 3414 1005 3490 meus
1036 3410 1195 3488 nieme,

8 3549 11 3559 ·
116 3527 215 3590 neque
232 3514 348 3574 minam
369 3514 552 3574 oonoordtmn
575 3527 707 3572 servasse
725 3526 794 3570 oum
814 3509 893 3586 illis,
914 3512 965 3586 qni
984 3511 1131 3586 regionem
1149 3523 1197 3568 no·

118 3610 223 3670 lebant
242 3609 379 3670 Judaeae
401 3611 487 3670 Absit
507 3623 592 3670 omne
613 3609 680 3670 hoe.
701 3608 737 3667 In
750 3609 859 3670 ‹tivieis
872 3623 1006 3683 semper,
1024 3612 1056 3666 et
1070 3607 1198 3681 annania

119 3708 354 3771 institutionibus
377 3707 476 3783 firmi,
503 3710 620 3783 suisque
643 3708 676 3765 ln
702 3705 874 3782 seminetis,
904 3702 1198 3780 annumerantibus,

113 3806 233 3882 ludaeis
246 3806 509 3882 hierosolymitanis
526 3812 716 3881 oongruentes
730 3810 960 3880 sesegesserunt
977 3803 1125 3880 aegyptti,
1152 3800 1199 3860 vei

6 3959 9 3978 ,
117 3906 226 3980 satius,
246 3904 355 3964 eisdem
374 3903 488 3980 legibus
505 3905 663 3978 vixerant,
684 3915 757 3977 quas
778 3901 896 3979 Moyses
906 3900 1055 3960 diuinitus
1068 3903 1199 3974 noneolas

118 4001 152 4060 in
173 4005 275 4060 monte
294 4000 374 4062 Sinai
400 4001 459 4061 illis
481 3997 650 4060 tredlderet.
678 3997 800 4058 illorum
822 3998 959 4058 historiae
982 3994 1199 4072 honorabant,

119 4097 317 4161 Emtesiaenei
335 4098 493 4175 prologos,
514 4095 644 4172 Emetolo
663 4095 769 4154 Pomm
789 4098 820 4154 in
839 4094 914 4154 libro
932 4093 1058 4168 meter,
1079 4091 1199 4167 Seniue·

122 4199 208 4272 glute
226 4196 284 4256 dno
306 4211 411 4272 senes,
432 4211 505 4272 qnos
527 4196 557 4252 in
578 4193 743 4270 Aegyptum
765 4192 911 4252 eludens
921 4190 964 4250 ed
976 4190 1199 4266 tegminterpre·

121 4293 268 4357 tottnnein
281 4291 488 4369 perfiniendam
502 4293 620 4352 voravit
634 4289 835 4366 Ptolomaeus3
852 4287 1002 4364 seriptum
1009 4283 1200 4348 Mnennlraeo·
