3070 5180
833 433 874 444 ..
893 415 936 459 n
955 430 996 442 ..

373 515 453 595 riis.
485 518 545 594 De
572 515 677 612 aliis,
702 516 775 622 qui
797 514 867 594 illo
889 533 1069 622 tempore
1089 516 1300 614 vixerunt,
1330 533 1370 595 et
1396 513 1450 596 de

373 678 416 729 re
438 666 573 729 nostra
591 667 778 755 egerunt,
809 666 992 745 nonest,
1014 645 1126 755 quod
1147 650 1269 728 verba
1288 650 1444 731 faciam.

426 784 649 888 Hucusque
670 783 808 861 aetatis
824 785 867 860 in
893 783 1068 861 Ecclesia
1095 783 1243 862 Christi
1267 783 1449 864 studium

340 917 342 922 ’
373 917 601 1023 linguarum
634 916 734 996 adeo
768 917 1032 996 necessarium
1063 919 1310 997 aestimatum
1345 918 1446 1017 fuir,

375 1068 420 1132 ut
435 1051 615 1130 Clemens
628 1052 735 1157 Papa
756 1049 808 1128 V.
835 1050 1005 1128 aliorum
1027 1048 1265 1150 doctorum,
1287 1053 1358 1159 qui
1381 1081 1451 1130 au-
1532 1089 1533 1094 ¹

375 1201 626 1282 tecesserant,
641 1184 824 1290 exemplo
838 1184 883 1261 in
894 1185 1152 1264 oecumenico
1160 1184 1340 1264 Viennae
1355 1213 1451 1264 con·
1530 1203 1533 1215 ·

376 1319 468 1398 cilio
482 1317 698 1397 saechV.
717 1316 972 1424 initio,hujus
983 1315 1105 1396 studii
1118 1314 1451 1425 adprobationem
1528 1322 1533 1348 ‘

263 1539 264 1542 Ἴ
375 1449 549 1549 addidit,
576 1467 615 1528 et
629 1449 879 1529 confirmavit
899 1447 1102 1557 quidquid
1116 1469 1234 1529 antea
1250 1453 1295 1529 in
1313 1451 1450 1531 Eccle-
1533 1486 1534 1493 ¹

375 1586 431 1662 sia
453 1582 505 1663 de
528 1585 599 1669 his.
613 1601 820 1691 peractum
842 1600 938 1662 crat.
967 1585 1055 1691 Ipse
1078 1585 1184 1662 enim
1209 1585 1252 1662 in
1274 1584 1379 1663 libro
1389 1583 1445 1664 V.
1529 1563 1533 1598 ³

376 1719 731 1816 constitutionum,
760 1744 864 1824 quae
887 1715 1031 1796 deinde
1046 1717 1325 1796 Clementinoe
1340 1719 1451 1798 Con·
1531 1725 1535 1765 ³

376 1852 609 1930 stitutiones
628 1869 791 1929 vocatae
815 1867 935 1949 sunt,
963 1851 1081 1929 titulo
1102 1851 1233 1957 primo
1256 1848 1307 1929 de
1330 1851 1452 1958 Magi·
1532 1859 1533 1862 ’

376 1987 466 2063 stris
484 1987 561 2064 hoc
587 1983 789 2064 decretum
809 2013 885 2091 pro
913 1982 1054 2063 studiis
1075 1985 1304 2091 linguarum
1331 1985 1374 2064 in
1392 1984 1450 2063 di-

376 2120 491 2198 vinae
517 2117 745 2226 Scripturas
768 2119 1160 2226 interpretationem,
1190 2136 1230 2198 et
1251 2146 1326 2227 per
1355 2121 1451 2198 uni·
1531 2163 1532 2168 ¹

376 2280 535 2331 versum
582 2252 785 2360 Evangelii
826 2253 1163 2360 praedicationem
1203 2251 1406 2334 mandavit
1437 2285 1445 2332 :
1530 2267 1534 2303 ³

322 2481 325 2487 .
379 2387 522 2465 «Inter
548 2385 835 2465 sollicitudines
855 2387 1001 2465 nostris
1022 2387 1199 2466 humeris
1216 2386 1451 2466 incumben·
1533 2373 1534 2378 ¹

376 2536 434 2598 tes
456 2538 517 2599 eto
521 2581 706 2603 .....
740 2548 824 2598 non
846 2520 1083 2628 ambigimus
1108 2521 1210 2627 quin
1237 2517 1287 2598 ad
1313 2521 1451 2628 hujus
1528 2531 1530 2538 ’

375 2651 485 2733 modi
522 2670 705 2733 nostrum
739 2652 981 2733 desiderium
1009 2652 1319 2761 exequendum,
1352 2650 1451 2733 divi·
1533 2694 1535 2699 ·

375 2817 522 2867 norum
545 2788 801 2895 eloquiorum
823 2788 874 2866 sit
894 2789 1090 2894 expositio
1115 2816 1316 2895 congrua,
1347 2788 1450 2896 ipso
1532 2821 1533 2828 ¹

375 2949 548 3030 rumque
574 2919 704 3000 fidelis.
731 2919 975 3029 praedicatio
1006 2920 1222 3002 admodum
1257 2939 1451 3030 opportu-

376 3083 442 3134 na.
479 3053 557 3134 Sed
592 3083 666 3134 nec
696 3057 957 3164 ignoramus,
988 3056 1090 3163 quin
1118 3072 1156 3134 et
1183 3057 1290 3135 haec·
1313 3059 1449 3163 promi

376 3207 595 3267 noscantur
625 3189 824 3287 inaniter,
854 3217 1062 3296 vacuaque
1089 3188 1245 3287 redire,
1284 3191 1317 3267 si
1348 3191 1451 3267 auri-

281 3345 283 3350 ’
374 3321 452 3400 bus
466 3313 644 3430 linguam
662 3322 867 3429 loquentis
884 3323 1158 3430 ignorantium
1176 3322 1446 3429 perferantur.
1532 3342 1533 3346 ’

376 3447 557 3563 Ideoque
577 3455 707 3553 illius,
738 3457 854 3563 cujus
880 3457 1007 3535 vicem
1030 3455 1074 3532 in
1097 3455 1239 3554 terriS,
1270 3457 1362 3535 licet
1382 3458 1451 3535 im-

378 3587 530 3686 meriti,
561 3589 747 3694 gerimus,
769 3589 968 3668 imitantes
991 3591 1243 3698 exemplum,
1274 3589 1347 3698 qui
1369 3589 1452 3668 itu-

376 3748 441 3799 ros
463 3747 536 3828 per
553 3723 783 3802 universum
804 3719 1001 3800 mundum
1022 3722 1072 3802 ad
1095 3721 1450 3831 evangelizandum

375 3855 617 3961 Apostolos,
647 3857 690 3934 in
713 3856 823 3934 omni
846 3857 1073 3963 linguarum
1101 3884 1246 3964 genere
1273 3856 1360 3937 fore
1383 3885 1451 3935 vo

375 3986 451 4065 luit
467 3985 664 4086 eruditos3
685 3989 782 4067 viris
798 3990 1001 4070 catholicis
1016 3992 1199 4069 notitiam
1215 3991 1447 4096 linguarum

375 4120 643 4218 habentibus,
684 4122 834 4230 quibus
870 4141 1045 4202 utuntur
1080 4120 1258 4202 infideles
1289 4123 1450 4229 'praeci-

374 4282 482 4364 pue,
505 4252 712 4335 abundare
731 4275 914 4338 sanctam
939 4256 1169 4338 affectamus
1199 4257 1443 4354 Ecclesiam,
