3086 5182
132 1407 320 1470 Psoeosmo
342 1427 366 1470 1.
389 1411 436 1474 De
456 1411 573 1472 Canem
585 1410 752 1472 divinornm
769 1411 970 1474 Bibliornma
987 1413 1092 1476 Ftaoio

182 1510 319 1583 censita,
342 1503 378 1568 de
399 1507 537 1570 Philonis
561 1511 695 1588 aeqyptii
718 1511 751 1569 in
773 1509 873 1570 incre
886 1513 1039 1588 opinione,
1059 1530 1094 1573 ac

191 1604 261 1666 otiis
281 1604 472 1667 ieircemam
492 1609 610 1685 scriptis
632 1606 674 1668 ad
692 1604 770 1670 iam
786 1625 878 1687 nsqne
896 1613 1023 1670 aetatem
1032 1629 1045 1685 ;
1066 1616 1097 1671 et

191 1703 379 1765 haecomnia
397 1709 543 1766 accnratts
561 1704 830 1782 observationibms,
854 1705 1094 1786 qaoadfieripo·
1148 1743 1150 1748 ,
1192 1744 1194 1748 -

194 1805 266 1877 test,
291 1801 450 1864 tradantur
452 1847 981 1865 ...........
1023 1821 1091 1884 pag.

132 1915 321 1961 esoeosmo
344 1918 383 1962 11.
406 1903 453 1964 De
471 1905 661 1978 necessitate,
684 1903 798 1981 omnine
817 1905 957 1964 cersiom‘s
973 1919 1096 1982 arnonae

190 1997 387 2078 Septnaainta
412 2003 626 2078 intentatam,
655 1999 692 2059 de
713 1999 794 2075 lesco,
818 2004 849 2060 et
874 2003 1007 2076 ratione,
1034 2017 1094 2079 qna

192 2097 264 2159 daec
281 2099 409 2176 conflata
417 2095 485 2176 fnit
500 2103 532 2159 ct
547 2103 667 2177 accepta
685 2097 724 2158 ab
742 2098 876 2160 maniano
886 2098 1008 2178 judaeis
1025 2104 1095 2160 ante

190 2195 393 2276 Redemptoris
412 2194 592 2273 adocntnm;
618 2213 633 2256 c
653 2195 760 2275 qnidsas
779 2195 991 2276 qnodamnzodo
1014 2195 1093 2257 Scri-

186 2299 347 2374 ptaramm
371 2299 501 2356 veteram
526 2295 886 2358 Deciens-Canonicacam
911 2293 1095 2374 adprobatur

192 2395 354 2455 anctoeitas
374 2392 477 2455 divina
491 2437 1031 2456 ...........
1077 2418 1090 2446 u

130 2509 318 2554 enoeosmo
341 2510 395 2552 111.
418 2494 465 2555 De
484 2497 613 2554 transita
630 2497 770 2555 castonis
787 2493 956 2556 Bibliooam
975 2491 1096 2552 onaan

192 2589 296 2651 dmnac
319 2609 338 2652 a
362 2608 515 2670 synaqoaa
537 2591 677 2653 debraico
703 2595 736 2652 in
763 2590 876 2654 Cdeisti
899 2592 970 2653 Jcsn
993 2589 1095 2650 Eccle-

190 2690 290 2763 siam;
310 2687 347 2750 de
366 2689 450 2749 ittins
468 2693 643 2750 acetositate
663 2690 701 2751 ab
722 2689 887 2768 Apostotis,
911 2695 942 2750 ct
957 2707 976 2750 a
986 2689 1096 2768 primis

191 2787 383 2865 scriptorib-as
404 2785 607 2849 ecclesiasticis
628 2789 839 2868 comprobata3
865 2793 894 2850 et
915 2788 952 2849 de
974 2804 1095 2849 namna

191 2882 358 2946 divinornm
377 2885 534 2961 librorum,
559 2890 611 2966 qni
630 2905 665 2947 ea
679 2892 810 2948 cessione
828 2891 1032 2964 continenter,
1053 2885 1093 2947 ab

194 2981 328 3043 Ecclesia
350 2983 451 3044 eadem
473 2989 601 3063 accepto.
624 2986 681 3046 His
701 2985 854 3046 addantns
871 2983 1096 3046 animadversio

193 3098 245 3140 nes
269 3080 413 3159 quaedam
438 3085 471 3142 ia
497 3080 611 3142 Esdrae
639 3082 807 3157 Caesonem,
837 3099 912 3160 qaae
931 3081 1096 3160 ptarimnm

192 3178 235 3240 ad
252 3183 384 3240 nostram
404 3185 609 3257 ornamentum
631 3178 786 3258 consonent
811 3224 1031 3240 .....
1078 3203 1090 3230 »ι

132 3293 317 3340 enoeosmo
340 3294 384 3339 ιν.
407 3280 582 3340 Praemissis
605 3283 702 3356 notis,
730 3277 836 3356 qaibns
860 3277 1025 3338 adversarii
1049 3275 1094 3337 dt·

1157 1814 1169 1864 1

191 3377 387 3455 qnosecndam
417 3395 476 3439 csse
505 3377 610 3439 dicant
625 3376 825 3443 ,divinitatem
852 3377 1091 3455 Scriptaraenm,
1161 3403 1164 3409 ·

192 3477 337 3536 stataitar
366 3475 420 3537 teas
446 3476 616 3556 Sniptnm
640 3475 757 3538 decerni
783 3475 899 3536 divinas
922 3492 978 3553 par
1003 3473 1096 3534 sonam

193 3575 382 3636 traditionem
408 3575 655 3654 ecclesiasticam,
681 3579 770 3637 sicati
791 3577 940 3654 primaevi
967 3572 1096 3634 doctores

193 3671 230 3732 de
255 3672 372 3734 (Iamne
393 3673 578 3750 Bibtimnm,
602 3677 633 3734 et
650 3672 687 3734 de
707 3673 777 3734 otiis
801 3670 947 3732 similione
971 3687 1035 3730 eam
1058 3674 1096 3729 te·

197 3770 325 3832 mendam
343 3789 403 3832 esse
423 3771 614 3833 donarant.
660 3819 667 3833 .
709 3806 720 3819 ·
763 3814 1034 3832 ......
1081 3794 1093 3819 »

133 3885 320 3930 enoeosmo
343 3889 372 3930 v.
395 3871 564 3949 Scriptnercc
581 3873 890 3934 Deciano-Cononicae
905 3873 1010 3931 ceteris
1027 3870 1096 3929 Foe-

143 4051 145 4056 .
193 3967 272 4028 deris
289 3968 464 4030 indictione
481 3987 598 4048 craece,
623 3974 670 4030 nti
689 3987 767 4031 nnnc
789 3974 904 4031 tannem
924 3967 1093 4042 habentne,

193 4067 351 4129 semotam
380 4069 500 4146 tinqnac
525 4069 629 4130 stitnm
652 4067 839 4148 profanat,
875 4073 905 4128 et
931 4083 1029 4128 mann
1052 4064 1098 4125 di·

195 4165 280 4226 cendi
299 4169 518 4246 proprietates,
546 4185 599 4228 nee
625 4184 684 4227 non
707 4165 969 4244 paralietismnm,
997 4179 1094 4242 qnam

195 4263 353 4326 admodnm
373 4268 559 4328 siccatorio
578 4263 689 4325 Biatiis
716 4263 850 4324 manibus
861 4306 870 4338 ,
894 4279 968 4340 qnae
988 4259 1029 4320 ad
1045 4273 1096 4318 nos
