2964 5174
809 314 990 366 -114-

367 429 449 490 xime
466 427 636 488 intulerunt.
659 425 703 486 De
719 424 776 484 hec
793 437 826 484 re
843 429 949 484 testem
964 422 1105 484 hebemus
1123 423 1305 503 Ciceronem,
1317 433 1426 493 oratione

368 545 423 604 pro
440 527 550 586 Archia
566 532 783 604 poeto,o.1o.:
801 523 937 582 «Graeca
956 522 1094 599 leguntur
1107 524 1139 580 in
1158 524 1291 584 omnibns
1310 525 1364 586 iere
1372 547 1427 606 gen·

365 626 462 686 obus:
481 651 494 676 υ
506 624 560 685 Vel
575 626 672 701 potins
684 622 825 682 Senecam
839 621 877 682 ad
894 620 1031 680 Helviam
1050 627 1200 680 testatum:
1215 648 1228 673 ει
1239 624 1313 696 Quid
1327 627 1375 686 sibi
1389 647 1428 690 vo

365 725 433 786 lunt
454 727 485 782 in
504 723 608 782 mediis
625 721 819 782 barbarorum
836 719 1005 797 regionibus
1021 733 1143 795 graecae
1159 720 1266 780 urbest
1284 723 1355 796 Quid
1369 727 1430 788 inter

364 822 450 882 indos
470 837 628 898 persasque
647 819 853 880 macedonicus
868 818 1001 876 sermoi»
1025 815 1185 892 Scriptores
1195 823 1429 895 quoqueecclesia·

364 923 452 980 sticos
474 935 560 996 syros
584 920 717 994 priorum
737 923 867 976 aetatum
892 917 1032 992 scrutati,
1064 919 1139 974 teste
1169 916 1312 994 Eusebio,
1331 920 1429 984 elleuica

364 1018 466 1094 lingua
483 1020 635 1094 scripsisse
656 1018 837 1076 noverimus.
859 1014 1003 1074 Tatianus
1028 1016 1160 1092 assyrius
1182 1016 1300 1076 sacculo
1325 1022 1430 1080 smunm

363 1115 425 1174 divi
446 1115 555 1174 Justini
582 1114 760 1191 diaeipulns,
787 1119 817 1172 et
843 1111 954 1172 Christi
981 1114 1094 1188 socius,
1122 1120 1233 1189 quanto
1252 1121 1374 1192 tempore
1390 1135 1430 1178 suo

363 1229 433 1274 cum
451 1214 595 1291 Magistro
615 1219 748 1272 versatus
766 1218 829 1287 est,
851 1210 955 1270 dende
973 1210 1011 1268 cb
1028 1226 1063 1270 eo
1081 1211 1211 1288 alienus,
1225 1219 1260 1272 ut
1272 1215 1313 1272 ait
1327 1214 1430 1290 Epipha-

364 1317 451 1392 nius,
476 1315 605 1390 primum
621 1313 653 1368 in
674 1310 887 1386 Mesopotamia
907 1323 1016 1366 novam
1035 1315 1146 1368 miani
1163 1310 1288 1370 condere
1301 1327 1431 1389 aggressus

366 1419 429 1489 est,
450 1415 481 1472 et
494 1415 584 1488 juxte
606 1410 820 1486 Hieronymum
838 1408 1046 1466 encratitarum
1068 1405 1241 1468 Potriarcha
1255 1408 1328 1485 init,
1351 1427 1430 1488 graece

367 1515 494 1588 scripsit.
517 1512 592 1572 item
609 1509 790 1569 Bnrdesauss
808 1509 841 1566 in
859 1505 1072 1582 Mesopotamia
1089 1509 1170 1566 omni
1187 1506 1335 1570 doctrinae
1350 1525 1432 1586 mucre

368 1611 535 1686 excellens,
568 1614 598 1668 et
614 1607 763 1684 intingue
782 1607 899 1683 syriace
916 1603 1125 1664 disertissim
1144 1605 1273 1681 piurima
1287 1610 1431 1685 seriptupu

364 1711 422 1770 trio
448 1723 582 1768 sermone
605 1706 775 1782 evulgavit,
798 1719 874 1780 quae
893 1702 1030 1779 discipuli
1047 1707 1111 1780 ejus
1135 1706 1167 1761 in
1188 1719 1326 1780 graccum
1346 1723 1431 1766 senno

366 1823 435 1866 nen
449 1809 663 1866 converterunt.
688 1791 887 1880 Hieronymus
905 1803 938 1860 in
956 1800 1137 1877 praefatione
1159 1801 1229 1860 libri
1250 1803 1364 1863 secundi
1383 1804 1432 1879 Epi

366 1903 460 1964 stolae
476 1902 515 1962 ad
532 1902 645 1979 geistes
664 1900 702 1960 de
723 1901 824 1977 lingua
839 1915 956 1976 graeca,
966 1900 1020 1974 cit,
1038 1900 1180 1958 orientem
1195 1915 1312 1958 mnern
1325 1917 1432 1960 sermoue

366 2016 471 2078 grceco
488 1999 580 2075 ioqui.
601 1997 783 2074 Ephraemns
798 2012 916 2073 quoque
932 1996 1089 2059 Nisibenus
1108 1997 1196 2072 plura
1214 1994 1351 2056 idiomate
1369 2014 1431 2074 grae·

368 2099 471 2158 amco
492 2073 601 2171 mint,
616 2097 732 2154 eueni
750 2094 863 2154 enoria
879 2110 915 2154 ae
936 2095 1032 2154 mom
1056 2095 1115 2153 nra
1130 2096 1163 2152 m
1179 2097 1281 2154 varios
1294 2094 1432 2172 scopum

367 2194 459 2256 libros
476 2196 590 2272 syriace
599 2193 734 2270 reliquit,
753 2199 787 2252 ut
806 2191 885 2251 inira
902 2192 1179 2251 munadvertemus.
1208 2191 1288 2252 Sileo
1309 2199 1396 2254 autem
1407 2193 1432 2250 ie

368 2291 474 2370 Syriae
489 2291 678 2352 occidentalis
693 2289 903 2366 scriptoribus,
917 2289 1025 2367 quibus
1041 2305 1147 2366 graeca
1160 2291 1265 2367 lingua
1281 2293 1391 2352 omniuo
1401 2290 1431 2348 ia·

368 2391 493 2450 mitioris
511 2395 585 2449 erat.
607 2389 703 2466 Hurjus
721 2391 764 2448 rei
779 2394 867 2448 testes
886 2388 983 2448 Lucus
1006 2388 1220 2465 anuoehenus,
1240 2389 1369 2466 Quoius
1387 2388 1431 2447 Au·

367 2487 495 2548 tiochisc
511 2489 681 2563 episcopus,
703 2486 882 2562 Theophilus
889 2488 967 2563 ,·qui
981 2489 1091 2562 pariter
1110 2491 1228 2562 sextus,
1251 2488 1300 2546 vel
1318 2489 1432 2562 septimus

368 2585 438 2646 huic
460 2586 597 2645 sedeciae
617 2583 765 2661 proeiuit,
784 2582 909 2661 alique,
929 2583 1087 2662 dequibus
1105 2585 1193 2644 modo
1214 2585 1367 2646 dicendum
1383 2587 1430 2644 erit.

368 2684 414 2744 Ex
434 2683 515 2744 hisce
537 2683 674 2744 cornibus
699 2681 898 2761 dignoscitur,
921 2684 1017 2760 numm
1039 2686 1116 2742 inter
1137 2700 1224 2760 syros
1244 2691 1309 2744 erat
1321 2684 1433 2760 vulgatus

374 2796 481 2840 sermo.

410 2879 465 2938 liis
492 2879 717 2955 animiversis,
738 2879 976 2940 emisufloeubns
991 2881 1113 2940 minine
1132 2885 1196 2940 erat
1219 2893 1338 2940 neccsse
1353 2878 1386 2938 ed
1399 2878 1432 2936 Bi·

367 2975 495 3036 biimum
516 2979 681 3038 versionem
699 2976 867 3053 simplicem
887 2977 1060 3055 confugere,
1081 2984 1111 3036 et
1127 2976 1295 3054 Scriptrmas
1317 2977 1432 3036 Dentercs

369 3077 402 3134 iu
419 3074 477 3134 hcc
489 3074 667 3136 desideratos
681 3092 737 3136 sua
748 3079 781 3134 in
793 3079 942 3153 oratoria,
957 3076 1004 3136 vel
1017 3076 1154 3136 ecclesius
1166 3075 1273 3136 orandi
1286 3091 1371 3136 cause
1380 3089 1432 3150 quo

368 3171 444 3232 tidie
456 3174 709 3252 convenientium,
724 3174 883 3252 negligere,
898 3191 965 3234 com
978 3176 1011 3232 in
1023 3179 1161 3250 promptu
1174 3174 1234 3234 illis
1247 3179 1344 3234 essent
1361 3170 1433 3231 Bibiia

370 3287 489 3349 gracco,
515 3287 618 3332 eornm
640 3272 759 3333 lectioni
781 3275 904 3333 msucfis
924 3272 963 3332 nb
981 3273 1108 3334 insontia
1126 3272 1235 3350 quibus
1255 3273 1323 3332 libri
1340 3269 1434 3330 Dentri

369 3370 473 3430 inserti
492 3376 587 3430 eram.
609 3369 687 3432 Huic
699 3374 742 3431 rei
755 3371 926 3432 fidemiacit
938 3373 1122 3448 potissimam
1141 3372 1272 3432 ioannes
1286 3370 1432 3449 Chrysosto

366 3481 434 3526 mus
451 3469 504 3544 qui
521 3467 560 3544 (i)
574 3467 612 3527 de
633 3468 811 3530 obscuritate
834 3469 1059 3545 Prophetiarum
1077 3469 1244 3547 dissmeus,
1268 3468 1433 3545 Sepmngiuu

366 3565 511 3626 vemionis
527 3567 749 3628 universitatem
763 3567 954 3643 comprobat:
973 3593 987 3620 α
1001 3567 1079 3627 Nam
1088 3583 1108 3626 a
1118 3569 1263 3645 principio
1275 3573 1358 3627 vetus
1365 3568 1432 3624 teste·

367 3667 499 3722 mentum
518 3661 656 3724 hebreico
674 3668 872 3741 conscupmm
898 3672 943 3726 est
968 3665 1122 3742 idiomate,
1150 3681 1207 3726 nos
1231 3670 1330 3726 autern
1350 3673 1433 3740 groco

365 3757 471 3836 lingue
487 3775 659 3835 expressum
672 3765 852 3838 accepirnus.
863 3806 871 3822 .
883 3806 911 3822 ..
928 3761 987 3822 Ubi
1003 3779 1075 3823 vero
1091 3761 1225 3824 Christos
1244 3759 1433 3833 eventuroset

368 3857 541 3916 universum
560 3857 662 3919 orbem
688 3866 834 3920 terrerum
857 3860 896 3920 ad
920 3877 952 3920 se
971 3866 1129 3921 vocaturus
1148 3877 1209 3920 non
1228 3877 1281 3938 per
1302 3854 1432 3935 Apostolos

372 3959 506 4032 tanturn,
524 3955 578 4016 sed
597 3962 627 4016 ct
641 3973 693 4033 per
710 3957 871 4035 Prophetes
890 3973 1006 4036 qnoque
1021 3959 1109 4034 (nam
1125 3965 1155 4018 et
1173 3958 1217 4018 ilii
1232 3974 1288 4018 nos
1309 3956 1346 4017 nd
1364 3951 1433 4013 iidem

367 4052 543 4128 cognitionis
563 4052 672 4114 Christi
690 4054 857 4132 deducunt)
872 4062 944 4116 tuuc
960 4057 1100 4132 temporis
1119 4061 1271 4132 nmquam
1293 4050 1432 4126 adimes

396 4243 432 4306 (i)
448 4245 575 4296 romili.
588 4259 613 4309 p.
626 4251 679 4298 16³.
693 4247 758 4298 uuit.
771 4247 850 4302 Paris.
