3086 5182
842 345 1022 396 -iot-

393 461 519 520 insertus
541 463 586 518 est
607 455 717 517 murae
741 461 770 514 et
796 453 1040 516 Machabaeorum
1063 454 1165 514 testim
1188 457 1351 534 apocryphus.
1371 463 1413 524 Al.

393 559 548 618 miratione
567 554 656 617 valde
677 555 783 633 dignus
806 559 851 614 ost
871 551 963 613 codex
985 565 1107 628 grauem
1126 553 1158 610 in
1178 549 1330 616 bibliotheca
1343 561 1416 621 rmlo

394 655 516 714 bunensi
538 654 671 730 signatus
692 651 730 711 ll.
755 659 802 710 ia.
821 654 908 726 juxta
927 648 1125 709 Lambecimn.
1147 649 1254 709 Ibidem
1272 653 1357 730 legitur
1377 659 1418 718 ool.

396 751 529 828 loquium
548 767 574 810 s.
593 749 755 810 Pambonis
774 747 888 808 abbatis
905 748 1033 825 aegyptii
1046 760 1114 807 cunr
1126 747 1248 826 quodam
1260 766 1306 810 suo
1315 751 1420 830 iirnpuo

395 850 432 910 de
456 851 578 910 conficis
605 849 717 925 sacris,
745 864 820 927 quae
847 849 873 907 is
896 844 1092 906 Alexandriae
1118 848 1150 904 in
1176 847 1289 906 ecclesia
1310 865 1332 908 s.
1355 850 1422 912 iiarct

393 948 557 1009 audiverat.
578 945 689 1007 Deinde
706 947 738 1005 in
755 961 790 1006 ee
803 944 1001 1020 maausaipto
1018 944 1155 1022 leguntur
1172 943 1329 1004 Psalterium
1340 947 1422 1026 uiaque

393 1046 465 1106 novi
489 1061 524 1106 ae
547 1046 653 1105 veteris
679 1043 815 1104 Foederis
844 1046 981 1120 cantica,
1009 1041 1172 1120 inquibus
1198 1043 1281 1104 trium
1305 1059 1422 1120 puerum

394 1139 524 1221 hymnus
544 1158 561 1202 e
581 1141 703 1203 Daniele
722 1141 902 1218 desumptus.

436 1241 476 1300 Hi
490 1240 604 1302 coilees
616 1243 712 1319 graeci
730 1245 875 1300 rmustate
893 1239 965 1301 olari
978 1239 1135 1316 habentur,
1154 1245 1256 1316 atquc,
1267 1255 1300 1300 ne
1313 1241 1389 1302 dicam
1401 1245 1425 1304 ic

398 1339 532 1416 plurimis
552 1339 637 1416 aliis,
658 1341 721 1398 sire
737 1340 849 1398 mancis
867 1340 930 1398 sive
942 1339 1079 1415 integris,
1093 1353 1194 1398 omnes
1206 1353 1298 1398 secum
1311 1339 1426 1402 coniumt

394 1437 561 1515 Scripturas
586 1437 737 1500 Deuteras.
766 1435 989 1497 Observandum
1014 1441 1113 1496 tamen
1138 1441 1183 1496 est
1209 1437 1292 1496 relate
1313 1437 1425 1500 utilibus

395 1536 603 1614 apocryphos,
618 1538 669 1614 qui
691 1534 799 1596 ibidem
820 1537 921 1595 inserti
940 1541 1022 1611 suut,
1045 1541 1074 1595 et
1092 1536 1244 1612 speciatim
1261 1533 1427 1598 deriraect

396 1633 642 1694 Machabaeorum
662 1634 769 1709 tertio,
788 1647 850 1692 non
867 1631 983 1692 obicere
1005 1632 1117 1692 canoni
1136 1632 1427 1709 internumerato

392 1745 434 1791 cx
452 1731 490 1791 D.
511 1731 684 1810 Hieronymi
705 1745 797 1806 aevo,
822 1729 932 1790 unibus
951 1729 1054 1790 tierent
1078 1731 1277 1806 auctoritatis,
1295 1736 1322 1790 et
1338 1745 1354 1790 a
1371 1747 1428 1791 rano
1485 1731 1486 1790 f

395 1845 518 1890 numero
543 1835 756 1906 respuerentur.
780 1827 903 1904 Insuper
924 1827 1108 1904 nomnium,
1129 1827 1243 1888 codices
1268 1828 1333 1888 alios
1349 1827 1428 1888 libio
1485 1835 1486 1884 ἲ

395 1941 475 2004 rum,
494 1929 546 2004 qul
567 1929 730 1988 versionem
743 1933 792 1986 ιο.
805 1925 1047 2002 praeseferebant,
1068 1932 1098 1986 et
1111 1941 1129 1986 a
1141 1927 1215 1986 viris
1228 1927 1331 2003 doctu,
1341 1943 1383 1987 sen
1397 1943 1428 1987 ao

397 2041 464 2086 rum
481 2039 563 2101 cura,
582 2022 757 2100 elaboratos,
775 2039 835 2082 non
857 2026 1004 2084 ecnubere
1024 2023 1090 2082 illos
1112 2022 1214 2100 libros,
1234 2030 1267 2084 ut
1283 2022 1375 2084 iatetor
1385 2023 1428 2084 Cu

300 2157 302 2164 ,
395 2122 530 2182 siodorus
551 2123 583 2180 in
595 2120 751 2182 libriselie
768 2121 884 2182 Divinb
902 2120 1136 2181 Institutionibus
1149 2127 1204 2181 --ct
1222 2121 1430 2200 Hieronymmb

397 2219 599 2280 emendatione
626 2216 815 2296 Septuaginta
830 2261 840 2296 ,
868 2224 899 2279 ιιι
925 2221 969 2280 uti
994 2221 1106 2280 eruitur
1133 2235 1150 2279 a
1178 2222 1364 2296 mmusuipro
1384 2235 1429 2298 syro

397 2315 584 2395 otroaqteb
603 2317 635 2376 ln
654 2315 830 2376 bibliotheca
849 2317 1034 2378 ambrosiana
1050 2322 1186 2393 serrato,
1209 2317 1280 2378 aueo
1295 2323 1327 2378 ιιι
1341 2315 1430 2376 Walter

397 2413 713 2492 tom.r1.Polyglottae
731 2414 930 2492 scripseritis
946 2413 1021 2474 libro
1038 2415 1147 2475 Hdraa
1160 2415 1341 2494 apocrypho:
1358 2413 1428 2474 «illu

398 2520 496 2574 autem
520 2513 647 2590 praefari
670 2513 819 2592 volumus,
844 2513 923 2574 bunc
946 2513 1053 2574 librum
1076 2513 1176 2576 abesse
1200 2531 1219 2575 a
1243 2514 1337 2575 multis
1356 2513 1432 2574 uilo

258 2631 262 2638 ·
398 2627 466 2672 rum
487 2611 710 2688 exemplaribus.
727 2637 740 2666 ι

437 2709 506 2785 §.tt
517 2709 598 2770 Nihil
607 2715 662 2789 est,
673 2711 752 2788 quod
765 2725 866 2772 rursus
878 2711 1059 2776 detersione
1072 2714 1169 2776 latina
1180 2713 1337 2794 bibliorum
1350 2713 1434 2789 euque

398 2807 570 2884 antiquitate
591 2805 755 2886 disseram,
775 2823 844 2869 eum
866 2812 959 2887 sutis,
979 2813 1074 2888 prima
1091 2811 1192 2889 Parte,
1214 2812 1323 2873 dicum
1339 2812 1379 2870 sii
1395 2807 1432 2868 lc·

398 2909 563 2965 rumtarnen
587 2905 737 2967 solendum
759 2913 803 2967 est
827 2922 887 2967 non
910 2923 1003 2969 unum
1024 2908 1138 2987 inisse,
1162 2911 1215 2988 qui
1239 2925 1277 2970 ex
1300 2903 1435 2987 graecus*

396 3005 550 3081 ptuaginta
566 3006 598 3064 in
614 3005 739 3065 latinum
758 3019 921 3066 sennonem
937 3003 1102 3083 Scripturas
1113 3011 1229 3068 veteres
1242 2999 1435 3079 aemulari

399 3099 560 3179 plurimos,
575 3107 615 3163 1ιιι
637 3104 678 3163 ait
701 3102 883 3180 Augustinus
907 3103 982 3164 libro
1003 3103 1114 3165 11.·Ds
1131 3104 1273 3166 Doctrina
1290 3103 1435 3165 ebutium·

398 3211 426 3258 ο.
448 3199 594 3274 itu-«Qui
611 3198 774 3277 Scripturas
793 3217 831 3260 ex
846 3199 972 3262 hebraea
985 3201 1087 3280 lingua
1103 3203 1135 3262 iu
1154 3217 1291 3280 graewn
1306 3201 1435 3271 rement,

398 3298 547 3356 numerari
567 3303 707 3374 possunt3
720 3297 812 3358 latini
832 3313 902 3358 uero
921 3300 1093 3375 interpretes
1114 3300 1197 3360 nullo
1210 3299 1334 3360 ruodo.-
1352 3297 1384 3357 In
1398 3293 1436 3353 illic

398 3409 487 3468 porro
514 3409 550 3453 ea
575 3395 746 3456 censebatur
771 3438 781 3472 ,
810 3411 886 3472 quac
911 3399 1014 3456 ceteris
1042 3411 1097 3457 usu
1124 3397 1296 3473 praevalens
1316 3438 1325 3472 ,
1349 3393 1436 3453 aornim

399 3489 492 3550 'Vetus
502 3491 596 3570 Italo,
606 3509 658 3554 seu
675 3492 814 3570 rolpoto,
830 3496 969 3571 inscripta
982 3493 1050 3572 mit,
1069 3496 1181 3554 ratione
1197 3510 1291 3554 novae
1304 3487 1439 3567 Hieronymi

391 3587 597 3650 translationis
618 3607 635 3651 e
656 3591 803 3652 eodleibus
824 3590 968 3652 hebraicis
983 3591 1139 3669 conflatae,
1161 3608 1238 3670 puae
1252 3597 1348 3670 postea
1365 3585 1439 3647 inlit-

399 3681 487 3745 clesia
510 3689 646 3750 invaluit.
672 3690 792 3751 Veteres
812 3691 926 3751 codims
946 3689 1106 3750 Bibliorurn
1127 3692 1253 3767 latium,
1271 3695 1376 3766 praeter
1392 3685 1440 3744 Pit

397 3780 604 3846 m-Canonicas
621 3786 797 3865 Scripturas,
815 3787 887 3848 alias
903 3788 1201 3849 DeuteroCanonleas
1213 3791 1368 3863 continere,
1378 3787 1441 3843 tutu

398 3886 467 3940 sunt
487 3879 689 3961 Augustinus,
711 3893 740 3945 et
759 3889 886 3946 momine
905 3886 1119 3964 Hieronymus,
1138 3889 1190 3964 qni
1208 3885 1381 3963 maeiaiicnc
1395 3877 1441 3938 libri

391 3975 522 4055 -lnulth,
538 3981 586 4039 ait
605 3981 713 4042 multos
735 3983 849 4044 codices
867 3982 955 4060 bipes
974 3983 1042 4044 libri
1061 4000 1097 4044 ac
1113 3988 1189 4045 inter
1209 3999 1242 4044 se
1260 3983 1441 4055 rarlosperit

392 4075 466 4135 *dere
487 4075 540 4136 Dei
560 4077 741 4158 Ecclesiam
762 4081 842 4158 qnod
857 4083 975 4160 innuit,
995 4088 1121 4159 quarum
1138 4082 1318 4143 auctoritatis
1335 4077 1442 4138 molto

396 4171 528 4235 historia.
555 4175 591 4236 lu
609 4179 788 4254 exquirendo
806 4186 904 4240 autom
927 4195 1006 4240 nuno
1027 4179 1114 4257 illos,
1134 4182 1185 4256 qui
1203 4180 1371 4257 supersunt,
1387 4166 1442 4231 cuii

396 4285 444 4330 ees
468 4273 577 4334 lamnae
599 4278 742 4338 versionis
762 4283 830 4338 aute
852 4279 1085 4356 Hieronymum,
1106 4279 1222 4339 adstant
1244 4275 1327 4338 nobis
1342 4266 1442 4335 ririib·
