3022 5178
508 409 548 420 -
572 384 623 436 rar
648 407 687 418 -
784 415 785 418 ,

83 495 168 558 Scribit
182 497 266 554 enim:
280 519 292 544 «
305 493 364 552 Par
377 487 433 552 luit
452 509 522 568 eos,
537 495 589 568 qui
601 492 680 552 iacto
697 509 716 552 a
731 491 960 556 divinationibus
977 500 1079 573 initio,
1094 489 1135 557 ab

82 596 251 672 apameiiam,
264 607 461 670 equorumque
474 593 579 650 insana
592 591 711 650 libidine
725 608 785 649 non
799 592 1023 671 abhorruerunt,
1039 598 1133 670 ipsam

80 694 177 752 lenum
194 693 356 752 idolatriam
372 691 534 765 attingere,
558 691 609 764 qui
627 689 797 750 divitimum
817 690 999 752 instabilitati
1020 693 1143 755 fallaci.

80 789 344 866 bdsqileddellliem
358 789 451 863 cquis,
466 785 535 840 Ἀλλ’
550 787 579 840 ου’
598 788 631 856 τῷ
637 791 743 856 ’δυνατῷ
757 787 899 862 συντριβεῖν
916 790 1059 866 πολέμους,
1074 795 1095 850 i.
1105 810 1132 852 e.

80 887 184 946 sednon
198 886 275 962 ei,(i)
292 885 429 961 quibella
443 890 538 960 potest
555 890 714 960 conterere,
722 891 777 944 etc.
785 911 796 935 n
811 887 846 946 In
857 888 1136 962 cap.111.Geneseos

78 985 106 1042 de
116 985 208 1044 arbore
218 986 249 1042 in
265 967 360 1042 medio
372 982 505 1043 Paradisi
516 984 573 1042 sita
584 999 721 1060 arguens,
733 987 994 1060 transgressionem
1004 989 1135 1061 priorum

78 1089 173 1157 pauum
195 1082 391 1157 demonstrat,
407 1087 437 1140 et
453 1080 699 1142 Machabaeorum
717 1087 861 1158 martyres
883 1085 913 1140 in
934 1085 1135 1145 auctoritatem

77 1183 160 1240 sumit:
183 1179 271 1239 «Non
286 1181 382 1254 enim,
401 1181 515 1255 inquit,
535 1179 647 1237 arboris
667 1178 792 1254 qualitas
812 1181 1072 1256 transgressionem
1092 1188 1134 1240 te-

76 1281 141 1354 nuit,
160 1277 208 1338 sod
222 1295 256 1338 ea
277 1277 512 1338 commorabatur
534 1279 566 1334 in
584 1281 756 1352 praecepto,
776 1276 854 1352 quod
872 1280 898 1336 si
916 1282 983 1354 quis
1001 1283 1132 1356 pervica-

77 1377 124 1434 cior
139 1375 205 1434 haec
226 1377 394 1452 negaverit,
409 1391 480 1436 sanc
493 1374 537 1434 illi
550 1375 629 1436 leros
643 1373 819 1434 videbuntur
834 1374 1080 1436 Machabaeorum
1091 1378 1134 1437 la-

25 1495 26 1544 g
76 1472 162 1550 bores,
186 1476 236 1550 qui
258 1474 380 1552 indigna
404 1473 590 1550 patiebantur
625 1471 663 1531 ob
688 1478 816 1548 spretam
850 1489 968 1534 carnem
991 1477 1135 1554 suillam,

25 1551 27 1580 '
77 1588 146 1646 quam
167 1574 229 1647 quis
255 1571 342 1632 facile
364 1576 577 1648 aspernaretur.
600 1569 699 1634 Sancti
723 1587 783 1630 non
796 1570 984 1632 intuebantur
999 1581 1135 1636 naturam

76 1667 129 1746 ribi,
138 1685 200 1728 cum
213 1686 314 1730 omnes
329 1669 482 1747 diligenter
500 1668 673 1744 reputabant
688 1668 760 1745 legis
773 1673 1043 1747 transgressionem,
1057 1672 1136 1737 hane

76 1767 269 1844 refugiebant.»

104 1863 126 1938 S.
145 1865 220 1926 liVl.
235 1866 291 1926 liic
309 1870 450 1940 moratus,
470 1866 578 1940 lactor,
594 1870 713 1939 patrum
726 1867 876 1924 sententiis
890 1867 1057 1940 ponderatis
1071 1871 1131 1928 sin-

75 1961 188 2039 gillatim,
202 1967 252 2023 vix
266 1981 359 2023 unum
377 1965 516 2040 repereris
530 1979 567 2022 ex
584 1965 703 2022 vetustis
718 1962 863 2022 Ecclesiae
878 1966 1067 2039 scriptoribus
1081 1969 1140 2042 qui.
1185 2007 1187 2012 -

74 2057 256 2134 aliquomodo
279 2063 316 2121 de
332 2061 414 2120 libris
425 2060 718 2121 Deutero-Canonicis
740 2077 800 2120 non
820 2061 921 2120 iecerit
942 2066 1131 2139 mentionem,

74 2155 155 2216 videas
176 2161 294 2236 insuper
313 2160 393 2236 quali
416 2161 635 2232 aestimatione,
654 2158 771 2233 qualive
791 2160 963 2222 auctoritate
980 2159 1024 2218 illi
1043 2159 1134 2219 dona-

74 2257 151 2314 verint
166 2257 280 2318 easdem
297 2258 471 2334 Scripturas.
495 2257 558 2316 Etsi
577 2272 647 2314 vero
665 2254 816 2314 latendum
837 2258 894 2331 sit,
918 2257 1053 2316 ecclesias
1082 2273 1133 2334 pa·

74 2351 239 2416 hostrorum
265 2363 296 2416 et
315 2372 485 2434 graecorum
507 2353 662 2430 scripturis
690 2358 790 2429 utpote
815 2354 956 2413 divinitus
984 2356 1136 2431 inspiratis

74 2465 127 2512 usas
142 2453 227 2514 baisse
246 2455 411 2530 Sapientiae
431 2459 460 2512 et
481 2452 676 2512 Ecclesiastici
702 2451 792 2526 libro,
826 2450 977 2526 prophetia
995 2451 1133 2530 Baruch‚

73 2547 179 2611 Dmieiis
195 2560 224 2614 et
242 2553 348 2612 Esther
370 2551 584 2626 additionibus,
615 2555 644 2608 ot
662 2549 906 2608 Machabaeorum
933 2550 1080 2628 lristoriis,
1106 2558 1136 2612 et

73 2653 157 2709 annua
167 2650 227 2710 iere
239 2651 359 2712 silentes
375 2649 465 2708 luisse
478 2648 515 2706 de
528 2647 650 2722 iudith,
663 2655 692 2706 et
702 2646 811 2707 Tobiae
822 2649 929 2724 gestis3
945 2653 1074 2712 chaman
1088 2667 1134 2708 ar·

73 2755 222 2817 gumentum
234 2765 297 2809 non
310 2749 441 2824 exsurgit
452 2747 591 2806 adversus
603 2746 756 2804 amborum
768 2745 910 2804 librorum
934 2751 1136 2808 auctoritatem

72 2857 99 2902 er
120 2847 280 2908 eorumdem
308 2852 425 2922 patrum
446 2846 580 2921 silentio,
611 2843 728 2920 quanm
750 2843 966 2920 scripturarum
996 2861 1134 2922 quarum·

72 2939 125 3002 lam
142 2952 271 3006 veterum
287 2947 414 3020 pariter,
429 2959 504 3020 quae
520 2959 538 3000 a
550 2942 666 3019 judaeis
681 2949 710 3002 ct
725 2942 891 3004 christianis
909 2945 1070 3004 universim
1089 2946 1135 3004 di·

73 3041 143 3102 vinae
164 3044 329 3119 habentur,
351 3059 433 3118 raro,
457 3042 504 3101 vel
522 3058 674 3116 nunquam
694 3043 870 3100 mentionem
892 3041 1033 3102 iecerunt.
1058 3043 1134 3102 Scri·

71 3141 147 3209 phiris
163 3142 285 3218 iosuae,
303 3141 459 3216 iudicum,
474 3140 573 3214 Ruth,
593 3139 725 3214 Regum,
740 3138 1000 3215 Paralipomenon,
1014 3139 1130 3215 Esther,

70 3237 151 3308 quivis
168 3246 285 3316 patrum
304 3241 411 3314 scripta
430 3239 529 3315 legens
544 3236 665 3312 viderit,
689 3243 797 3313 quanto
820 3238 915 3295 rarius
936 3239 992 3312 ipsi
1011 3239 1058 3296 usi
1074 3236 1135 3296 lue·

71 3333 132 3409 rint,
151 3353 237 3412 quam
254 3337 367 3413 Moysis
384 3335 485 3410 libris,
506 3333 716 3411 Agiographis,
735 3340 764 3392 et
790 3335 917 3392 manime
937 3333 1133 3410 propheticis,

71 3443 178 3502 qnorum
195 3436 353 3495 sententias
356 3435 551 3522 acervatim,
572 3439 606 3492 ut
620 3433 662 3492 ita
679 3433 792 3507 dicam,
820 3431 859 3490 ad
880 3445 935 3490 sua
951 3432 1030 3492 dicta
1048 3431 1132 3490 robo-

71 3529 148 3588 rande
173 3534 314 3610 collegere
336 3537 443 3607 patres.
466 3531 620 3590 Praeterea
638 3531 682 3590 illi
699 3530 766 3588 libri
787 3530 935 3605 historici,
956 3545 1030 3605 quos
1054 3529 1133 3605 dixi,

70 3627 158 3708 muita,
167 3635 262 3709 varia,
275 3632 436 3708 mirabilia,
451 3631 650 3707 stupendaque
660 3629 738 3690 lacta
752 3629 924 3705 ostendunt,
938 3645 1063 3706 quorum
1077 3645 1136 3688 mc·

70 3731 148 3786 moria
169 3734 260 3800 sacris
281 3731 448 3790 doctoribus
469 3731 631 3789 necessaria
652 3730 717 3788 visa
735 3728 855 3803 fuisset3
873 3728 1080 3802 nihilominus,
1102 3733 1137 3800 ut

69 3831 142 3885 acha
156 3831 277 3904 notavi,
296 3845 364 3887 cum
380 3844 429 3886 oos
454 3843 543 3903 prope
563 3833 660 3886 essent
677 3827 862 3902 evangelicae
883 3826 1040 3900 historiae,
1062 3841 1134 3900 qua·

69 3934 124 3980 rum
138 3933 215 4000 gesta
227 3928 322 4003 magis
341 3925 471 3988 fidelium
490 3927 594 3984 animis
613 3923 862 3999 obsequebantm,
879 3923 932 3981 illa
947 3929 1047 3982 vetera
1069 3939 1130 3979 mo·

69 4029 193 4083 numento
210 4027 367 4100 reliquere,
386 4031 420 4083 ut
434 4025 519 4084 novis
533 4023 636 4082 darent
651 4038 780 4098 operam.
799 4021 865 4080 Non
880 4026 924 4080 est
941 4036 1011 4096 ergo
1028 4021 1135 4078 miran-

69 4115 146 4196 dum,
167 4125 194 4182 si
210 4123 330 4198 Scriptis
350 4123 458 4182 Tobiae
473 4129 502 4182 et
521 4121 623 4184 tudun
641 4127 751 4180 veteres
764 4120 882 4196 quidam
902 4127 998 4195 patres
1016 4134 1074 4178 non
1088 4119 1135 4176 usi

92 4311 121 4370 (i)
137 4314 192 4364 lud¹
212 4329 234 4364 o.
249 4319 310 4366 livi.
326 4325 346 4366 i.

105 4393 215 4456 Poral.
757 4406 788 4456 ii
