3022 5178
514 381 694 434 -165—

92 492 207 552 diluant
223 491 260 550 ab
281 487 411 550 lloclesla
431 490 523 550 latina
541 493 574 550 ln
602 505 750 550 sacromm
774 489 913 550 librorum
940 493 1094 567 censione,
1113 499 1141 552 et

91 592 166 666 prhno
177 603 274 648 causas
293 589 435 664 scrutari,
447 587 554 664 quibus
573 587 710 648 ecelesiae
735 589 884 648 orientalis
904 595 1021 665 patres,
1035 592 1096 648 suis
1110 591 1140 647 iu

89 686 297 763 quaestionibus,
324 686 485 746 Bibliorum
510 685 859 746 Dentato-Canonicomm
878 689 1080 748 auctoritatem
1108 693 1142 746 ut

89 783 198 844 diuinam
214 791 407 861 sumpserunt,
427 799 462 843 ac
476 785 541 860 pari
553 790 681 859 tempore
695 791 779 844 extra
789 783 935 843 Canonem
951 784 1084 844 divinum
1099 799 1142 843 re·

26 899 27 904 ¹
88 887 214 956 putarunt.
236 881 275 941 Ut
290 881 363 942 haec
388 883 488 941 omnia
514 882 718 958 absolvantur,
740 884 835 957 primo
854 883 918 942 loco
948 881 1032 942 nobis
1059 897 1141 957 sepo·

26 993 28 1020 u
88 978 179 1038 nendos
193 981 246 1038 erit
260 980 428 1040 diuinarum
448 979 663 1056 Scripmrarum
678 983 784 1039 veteris
801 979 1075 1040 testamentiCanoa
1092 979 1141 1036 he·

26 1091 28 1102 ’
87 1074 192 1151 braicos,
204 1078 311 1136 scilieet
332 1077 381 1136 ille
397 1079 476 1152 ipse,
495 1079 546 1153 qui
565 1077 604 1136 ab
619 1077 766 1152 hebraeis,
782 1084 811 1135 et
824 1093 842 1136 a
853 1077 1018 1136 christianis
1034 1077 1142 1151 pariter

86 1173 176 1249 ubsque
188 1174 246 1232 ulla
255 1175 456 1250 haesitatione,
475 1175 563 1234 nullis
573 1174 772 1250 obstantibus,
784 1181 884 1250 utpote
897 1173 1038 1232 diuinitus
1054 1174 1143 1248 inspi-

26 1277 28 1302 ’
86 1277 168 1345 ratus,
184 1278 244 1331 erat
261 1275 293 1330 in
310 1273 458 1347 confesso,
477 1278 506 1331 et
518 1273 591 1331 alter
608 1273 659 1348 qui
671 1272 881 1331 ecclesiasticus
891 1271 1017 1346 dieitur,
1035 1271 1141 1346 quippe

25 1385 27 1412 =
85 1369 124 1442 qul
135 1369 221 1428 solum
234 1369 272 1428 ab
287 1369 416 1430 Ecclesia
433 1369 599 1429 Christiana
614 1385 651 1428 ex
667 1351 873 1445 Apostolorum
894 1367 1050 1427 traditione
1066 1383 1142 1426 oom-

25 1471 27 1510 ?
84 1465 201 1539 probatur
226 1467 355 1528 divmus.
378 1469 464 1527 Hunc
487 1475 585 1528 autem
603 1468 751 1527 canonem
770 1467 995 1526 ecclesiasticum
1026 1467 1141 1524 nouisse

84 1569 105 1622 et
122 1565 286 1640 approbasse
303 1569 414 1642 primae
432 1569 534 1625 aetatis
551 1567 667 1642 fideles,
681 1565 765 1626 nobis
780 1568 892 1640 primus
909 1569 1037 1645 praestat
1054 1579 1140 1639 argu·

84 1668 194 1720 mentum
209 1663 347 1741 Origenes
366 1663 404 1723 ad
414 1663 586 1723 Africanum
604 1663 751 1739 scribens,
770 1671 804 1722 ut
821 1679 909 1738 supra
930 1661 1012 1737 dixi,
1035 1664 1067 1718 in
1083 1661 1141 1719 illis

25 1777 27 1794 ·
83 1759 177 1818 uerbis:
193 1761 258 1820 «De
274 1778 333 1837 quo
350 1778 404 1820 nos
424 1763 498 1821 scire
511 1768 624 1837 oportet
637 1761 778 1820 hebraeos
791 1760 883 1819 Tobia
899 1776 959 1818 non
972 1762 1034 1834 uti,
1049 1775 1142 1834 noque

25 1867 27 1904 2
83 1855 181 1932 ludith,
199 1875 251 1917 nec
265 1862 344 1918 enim
360 1859 413 1918 hos
425 1858 514 1919 libros
526 1861 613 1918 etiam
630 1861 662 1917 in
679 1859 853 1936 apocryphis
868 1858 1002 1917 hebraice
1013 1874 1073 1915 uon
1089 1855 1141 1914 ha·

24 1989 26 2006 ·
84 1952 139 2014 bont
151 1955 265 2033 judaei,
291 1965 325 2017 ut
340 1958 377 2017 ab
398 1959 469 2034 ipsis
489 1957 632 2017 discentes
652 1960 858 2034 cognovimus,
874 1957 925 2016 sed
944 1959 1082 2032 quoniam
1096 1971 1142 2014 ec-

83 2051 170 2112 clesiae
183 2054 274 2114 'lobia
294 2061 435 2131 utuntur,
456 2056 606 2115 sciendum
626 2063 670 2114 est
689 2072 820 2132 quoque,
839 2061 895 2113 etc.
910 2079 923 2104 »
940 2054 1014 2113 Item
1040 2055 1143 2129 repetit

24 2163 26 2200 a
82 2147 111 2206 de
123 2149 264 2211 susannae
284 2151 426 2228 historia,
452 2152 523 2210 dum
548 2155 589 2211 ait
614 2152 736 2228 judaeos
754 2169 771 2209 e
790 2150 906 2210 Conone
925 2151 1092 2209 diuinorum
1108 2151 1142 2208 ll·

24 2261 26 2298 r
83 2242 183 2305 brorum
211 2265 376 2325 resecasse,
397 2248 572 2308 christianos
589 2265 675 2325 uero,
694 2252 770 2308 inter
787 2263 860 2324 quos
879 2251 956 2324 ipse,
976 2251 1142 2325 suscipere,

82 2347 104 2398 ct
119 2353 212 2404 contra
224 2364 273 2406 eos
292 2348 457 2423 prolerre.»
475 2346 554 2406 Alibi
568 2363 657 2424 agens
672 2345 790 2405 sedulus
801 2349 942 2422 interpres
959 2345 996 2421 (1)
1012 2345 1048 2404 de
1061 2345 1143 2404 libris

83 2437 143 2499 teus
159 2443 195 2501 ab
211 2447 328 2520 impiis,
347 2450 376 2502 et
391 2445 536 2520 quomodo
555 2461 572 2503 a
590 2445 755 2503 christianis
772 2446 828 2519 ipsi
843 2443 1026 2502 discernendi
1042 2449 1141 2518 erant,

82 2544 204 2618 praecipit
219 2545 367 2602 neminem
385 2545 429 2602 uti
448 2543 551 2602 debere
565 2544 602 2601 ad
615 2543 864 2602 confirmationem
878 2542 1047 2619 dogmatum
1061 2541 1144 2599 libris

81 2639 121 2710 qul
138 2646 202 2698 sunt
217 2647 304 2700 extra
320 2640 511 2699 canonizatus
526 2640 700 2717 Scripturas.
721 2639 812 2699 Paulo
831 2646 897 2716 post
919 2637 1009 2698 uerba
1034 2638 1143 2697 iaciens

80 2733 109 2792 de
125 2735 319 2814 Hierusalem,
338 2754 413 2814 quae
426 2741 552 2814 mystica
565 2745 608 2798 est
622 2745 715 2797 mater
733 2746 851 2814 nostra,
873 2743 990 2795 monet:
1010 2737 1099 2795 «liae
1112 2737 1144 2794 in

80 2831 244 2896 Hierusalem
265 2854 329 2896 esse
346 2839 512 2914 imperitos,
527 2840 649 2914 impios,
668 2853 727 2895 non
745 2842 905 2895 metuentes
924 2835 1018 2894 Deum
1037 2834 1091 2910 (ad
1104 2837 1143 2893 si·

80 2933 258 2994 militudinem
270 2935 552 3011 titiusfflcrusetem,
569 2952 644 3011 quae
661 2934 810 2993 occidebat
824 2932 1003 3010 Prophetas,
1025 2939 1054 2991 et
1071 2933 1142 3007 lapi·

80 3027 155 3090 dabat
171 3033 238 3108 eos)
258 3035 311 3110 qui
331 3034 466 3092 occidunt
489 3041 518 3092 et
538 3034 669 3109 lapidant
687 3033 783 3092 uerbis
809 3035 871 3091 sine
885 3032 1004 3108 'judicio
1024 3031 1144 3105 prolatis

79 3127 146 3187 viros
158 3129 247 3189 uerbo
261 3135 291 3190 et
305 3131 366 3189 vita
375 3137 543 3207 provectos,
557 3136 585 3189 ct
598 3132 784 3190 ecclesiarum
796 3129 913 3206 quidem
922 3127 1069 3186 Canonem
1083 3141 1144 3183 non

79 3229 259 3306 requirentes,
276 3235 332 3288 etc.
347 3255 360 3279 »
377 3229 573 3307 ffieronymus
586 3229 622 3288 de
639 3229 713 3288 libro
726 3227 834 3286 Tobiae
848 3229 889 3284 ait
902 3225 985 3283 illum
999 3223 1036 3282 ab
1053 3223 1142 3282 eccle·

78 3323 186 3384 siasticis
204 3329 278 3385 uiris
296 3329 397 3402 accipi.
425 3328 498 3385 item
515 3329 546 3384 in
563 3327 622 3385 ssnc
641 3328 783 3384 versionis
800 3323 960 3382 bibliorum
981 3337 1018 3379 cx
1038 3319 1143 3378 codici·

77 3415 122 3478 bus
131 3421 273 3484 hebraicis
287 3427 339 3482 ait:
354 3423 496 3500 «Explicit
509 3424 609 3484 Canon
621 3424 773 3483 hebraicae
787 3423 948 3481 ueritatis.»
959 3418 1067 3478 Deinde
1073 3421 1143 3494 jun·

77 3517 112 3590 git
132 3518 254 3580 Sanctus
272 3538 372 3581 omnes
389 3521 551 3597 Scripturas
568 3521 708 3582 Deuteras
727 3522 833 3579 ueteris
845 3518 1010 3578 testamenti
1030 3515 1068 3574 ab
1087 3515 1140 3574 llc·

76 3613 153 3674 clesia
163 3619 489 3696 receptasqatauffinus
499 3620 534 3678 de
541 3619 690 3678 Susannae
697 3619 817 3677 historia
826 3615 1142 3689 contraHieronymum

97 3809 129 3872 lt)
138 3809 200 3861 Edit.
225 3813 304 3860 Maur.
325 3813 394 3861 Tom.
406 3814 449 3860 ill.
463 3825 487 3874 p.
503 3815 556 3861 488.
570 3811 596 3860 in
607 3813 765 3860 Mattlracum.
777 3835 808 3849 -
818 3807 853 3871 (2)
869 3811 961 3857 Revera
974 3803 1074 3868 quando
1088 3803 1143 3853 llic·

76 3901 182 3953 touymus
193 3893 343 3958 praelatione
359 3894 385 3942 tu
402 3892 491 3947 librum
511 3891 596 3940 Judith
614 3891 664 3940 ait:
681 3911 692 3934 u
709 3891 757 3940 Sed
768 3890 826 3953 quia
834 3886 947 3950 synodus
962 3889 1063 3940 niceam
1079 3885 1145 3935 hunc

74 3965 155 4022 libmm
167 3973 194 4022 in
208 3987 313 4024 numero
323 3975 463 4022 sanctarum
477 3969 656 4034 scripturarum
677 3972 764 4036 legitur
785 3973 953 4034 computasse,
972 3965 1083 4030 acquievi
1101 3977 1143 4026 po·

73 4049 188 4102 ductori
204 4056 302 4104 uestrae
316 4072 328 4096 u
342 4052 456 4102 credebat
469 4053 494 4101 et
507 4051 578 4102 brrno
600 4051 699 4102 tenebat
718 4050 809 4101 Christi
832 4051 965 4102 Ecclesiam
984 4048 1070 4110 utpote
1081 4041 1145 4106 judi·

73 4141 120 4178 cern
136 4131 161 4180 in
175 4132 250 4182 rebus
268 4131 325 4184 fidei
342 4132 514 4194 constitutam,
535 4145 606 4195 posse
619 4145 734 4196 quoque,
753 4131 847 4181 etiarrm
861 4129 1013 4183 obstantibus
1031 4125 1144 4187 iudaeis,

74 4207 156 4262 addere
168 4212 268 4262 illorum
282 4211 375 4262 canoni
392 4211 468 4262 libros
483 4212 559 4275 alios,
579 4225 641 4275 quos
651 4211 698 4276 ipsi
709 4223 758 4260 non
772 4210 934 4278 recipiebant,
946 4205 1061 4269 aquibus
1076 4213 1142 4265 their

73 4287 116 4338 tius
131 4291 227 4354 patefiet
243 4295 418 4346 ecclesiasticus
435 4293 570 4346 bibliorum
588 4294 681 4342 (lanou.
