2964 5174
549 377 709 434 -591-

92 501 136 546 rea
153 483 299 562 procedit,
318 487 361 546 sie
378 487 466 546 etiam
484 487 566 562 ipse,
580 492 613 546 ut
625 485 745 562 quidem
763 499 854 562 vapor
869 485 998 545 exoritur
1011 485 1048 546 de
1061 489 1171 548 virtute

89 585 174 660 ipsius
195 583 268 660 Dei,
287 585 330 642 sie
348 589 377 642 et
390 583 537 660 Sapientia
553 600 589 642 ex
608 600 642 644 eo
658 583 816 660 procedens
836 601 873 644 ex
886 585 949 661 ipsa
964 584 1018 642 Dei
1032 584 1167 644 substan·

92 683 316 758 degeneratur.
337 680 385 740 Sie
404 681 612 758 nihilominus,
633 687 663 740 et
681 681 842 742 seeundum
861 681 1082 740 similitudinem
1106 699 1169 741 ror·

88 781 193 856 puralis
208 780 386 856 aporrhaeae
399 796 462 838 esse
475 780 581 839 dicitnr
595 779 756 856 aporrhaea
768 780 876 856 gloriae
890 779 1103 855 omnipotentis
1116 798 1169 857 pu·

90 893 120 935 ra
136 877 298 953 quaedam,
318 883 347 936 et
362 879 485 938 sincera.
501 903 513 928 ν

123 974 215 1034 Libro
234 975 362 1034 seeundo
379 976 415 1034 de
433 975 586 1049 Principiis
602 974 639 1052 (1)
657 976 713 1034 ait:
734 974 889 1050 «Denique
908 977 1024 1050 proprie
1037 976 1169 1035 laudabi-

87 1071 149 1130 liter
167 1074 298 1132 animam
318 1075 388 1149 poni
407 1073 563 1150 Scripturis
583 1075 713 1149 sanetis,
736 1075 849 1148 require
867 1076 894 1132 si
908 1073 993 1132 faeile
1014 1076 1168 1151 invenias3

85 1171 297 1246 culpabilitoter
315 1179 413 1232 autem
429 1173 595 1248 frequenter
615 1174 761 1247 occurrit,
789 1178 823 1230 ut
838 1172 880 1230 ibi
900 1187 917 1230 e
934 1171 1009 1230 libro
1027 1173 1169 1232 Ecclesia·

86 1270 165 1328 stioi:
185 1269 225 1346 (υ)
242 1270 376 1330 ·Anima
394 1270 474 1329 mala
488 1269 584 1346 perdit
601 1286 686 1344 eum,
706 1271 757 1344 qni
774 1269 902 1344 possidet
919 1285 1004 1345 eum,
1025 1275 1054 1328 et
1071 1273 1171 1330 anima

85 1383 159 1442 quae
177 1373 280 1442 peceat
292 1369 518 1443 ipsa'morietur.
534 1393 546 1420 ν
560 1368 689 1427 Humilia
700 1384 768 1426 νινε.
786 1370 818 1426 in
831 1368 1008 1428 Hieremiam
1024 1368 1062 1445 (3)
1073 1370 1170 1444 ipsum

85 1464 190 1524 librum
225 1467 380 1543 compellat
407 1467 530 1526 dicens:
564 1492 577 1518 ιι
607 1467 697 1540 Ἡμεῖς
727 1465 752 1518 δέ
774 1464 818 1520 οὐκ
849 1465 1005 1540 ὀνειδίζομεν
1035 1467 1080 1520 καί
1109 1469 1168 1528 τοῦς

87 1567 288 1636 μετοικοῦντας,
319 1568 365 1620 καί
385 1566 608 1640 ἐπιστρέφοντας,
630 1569 762 1638 λτγοῦσος
789 1569 835 1628 τής
862 1568 964 1638 γραφῆς
984 1565 1020 1637 μή
1053 1563 1170 1638 ὀνειδίζει

88 1654 220 1730 ἄνθρωπον
240 1657 440 1732 ἀποστρίφοντα
460 1659 512 1714 οἶαί
533 1657 681 1735 ἁμαρτίας,
701 1661 721 1717 i.
743 1674 770 1717 θ.
792 1657 853 1718 NOS
872 1665 970 1717 alitem
989 1674 1049 1716 non
1067 1673 1169 1734 expio·

1 1776 3 1786 ’
86 1758 223 1833 bromus,
237 1764 266 1817 et
279 1758 338 1816 illis
354 1760 404 1832 qui
418 1759 626 1832 poenitentiam
642 1763 751 1834 agunt,
767 1763 796 1816 et
813 1763 1038 1834 eonvertuntur,
1056 1755 1171 1816 dicente

1 1888 2 1892 =
85 1857 250 1933 Scriptura:
269 1856 307 1932 (4)
325 1855 394 1916 -Νο
413 1858 588 1933 improperes
607 1859 672 1914 viro
696 1857 876 1914 eonvertenti
900 1871 919 1913 a
945 1857 1083 1931 pereatis.
1099 1878 1112 1904 ν
1136 1855 1171 1912 In

87 1955 250 2014 Hieremiae
263 1947 354 2012 verba
364 1970 428 2030 cap.
452 1970 481 2012 v:
502 1979 514 2004 ι
524 1954 647 2014 Domine
664 1952 741 2013 oouli
758 1955 802 2012 tui
820 1952 986 2012 adiidem.»
1001 1951 1168 2010 Homil.v1.

86 2053 281 2112 Ecclesiastiei
296 2051 374 2112 diota
389 2052 426 2128 (5)
443 2055 648 2128 interpretatur
666 2053 816 2128 inquiens:
837 2048 963 2123 ιἺδομιν
989 2049 1012 2104 εί
1038 2047 1171 2122 δυνάμεθα

86 2149 280 2223 διηγήσασθαι,
297 2153 322 2204 τί
346 2149 449 2204 ἔστιτί
469 2153 553 2204 πονεῖν
569 2149 620 2204 οἷαί
640 2149 775 2222 μαστίγων
798 2152 872 2202 Θεοῦ·
894 2148 1017 2220 μακαρίον
1036 2148 1063 2201 δὲ
1082 2148 1107 2202 ον’
1126 2169 1172 2202 πο-

88 2245 187 2306 νοῦντις
203 2244 257 2298 οἱπὸ
271 2242 405 2316 μαστίγων
426 2245 501 2296 Θεοῦ·
530 2247 609 2314 φησιν’
626 2243 708 2314 γοὶρή
723 2241 824 2314 σοφία,
851 2241 892 2302 τίς
911 2240 1029 2294 δωσιίπί
1055 2243 1102 2293 rori
1121 2243 1174 2294 δια·

85 2335 213 2405 νοήματος
233 2355 283 2404 μου
299 2333 460 2406 μα’στυγας,
478 2334 523 2387 καί
537 2332 580 2388 ι’σί
597 2339 642 2386 τῶν
658 2333 766 2406 χειλέων
787 2354 837 2407 μου
862 2333 995 2406 σφραγίδα
1017 2333 1173 2404 πανοῦργων,

86 2423 127 2479 ίνα
147 2427 191 2480 ἐπί
215 2427 269 2488 τοῖς
286 2423 435 2497 ἀγνοήμασι
453 2427 505 2496 μου
525 2425 562 2497 μή
578 2423 726 2498 φείσωνται,
742 2425 786 2478 καί
798 2426 828 2478 αἱ
846 2423 970 2496 ἁμαρτίαι
986 2443 1036 2491 μου
1053 2423 1090 2495 μή
1111 2421 1174 2477 οἷσο-

87 2519 184 2574 λεσωσί
201 2539 252 2592 με;
272 2523 388 2592 αροσχες
413 2523 454 2586 rqi·
472 2519 512 2582 τίς
535 2519 607 2574 δυ’σει
623 2517 667 2572 ε’πί
688 2521 734 2574 τοι]
756 2523 928 2590 διανοήματος
945 2519 999 2590 μοι)
1017 2517 1173 2589 μα’στιγας;

88 2611 175 2664 aiteio
192 2607 246 2664 εἶσι
262 2610 390 2684 μοὶστιγες
405 2613 433 2664 ru
453 2609 580 2682 διανόημα
598 2613 801 2685 μαστιγοῦσαι,
816 2612 837 2668 i.
856 2627 882 2668 θ.
903 2609 1061 2669 Viderimus
1079 2609 1104 2666 Si
1124 2623 1173 2666 ex·

88 2728 195 2786 ponere
208 2710 376 2788 valeamus,
398 2712 469 2788 quid
489 2714 526 2771 sit
543 2711 639 2770 dolere
664 2729 683 2770 a
703 2712 827 2788 flagellis
840 2712 912 2786 Dei,
931 2711 1002 2769 dicit
1025 2711 1102 2768 enim
1123 2707 1173 2767 Sa·

87 2811 212 2884 pientia:
230 2841 242 2852 ·
256 2811 327 2883 Quis
348 2811 430 2870 dabit
445 2826 531 2886 super
548 2812 722 2888 cogitatione
739 2827 805 2870 mea
822 2809 957 2886 flagella,
976 2815 1005 2868 et
1027 2825 1113 2885 super
1132 2809 1172 2869 la·

87 2908 136 2968 hia
151 2924 220 2968 mea
233 2907 384 2986 signacula
395 2915 570 2985 astutorum,
584 2916 617 2968 ut
631 2909 861 2986 ignorationibus
877 2910 949 2968 meis
963 2925 1023 2967 non
1037 2914 1171 2984 pareant,

89 3015 116 3066 et
136 3013 258 3082 peomta
278 3024 344 3066 mea
358 3023 418 3066 non
437 3006 559 3083 perdant
574 3009 642 3066 me?
661 3005 786 3066 Attende
799 3006 892 3082 illud,
911 3008 977 3082 quis
993 3004 1075 3066 dabit
1086 3021 1174 3081 super

88 3107 218 3181 cogitatu
238 3122 303 3164 meo
320 3105 457 3181 flagella?
471 3106 548 3182 Ergo
568 3111 637 3164 sunt
651 3105 787 3182 flagella,
805 3120 881 3180 quae
898 3107 1103 3182 cogitationem
1119 3104 1172 3161 fla·

87 3204 209 3279 gellant.
228 3228 241 3252 ν
266 3202 395 3261 Homilia
413 3220 481 3261 xm.
500 3205 531 3262 in
549 3203 745 3278 Hieremiam,
760 3218 795 3261 ea
810 3201 901 3261 verba
917 3227 930 3252 ι
947 3202 1172 3277 praevaricatio·

88 3314 167 3377 nem,
184 3306 213 3360 et
225 3302 373 3360 miseriam
384 3301 528 3361 invocabo
545 3327 557 3353 ν
574 3303 779 3378 interpretatus
793 3299 932 3376 Origenes
944 3301 1052 3374 arguit:
1073 3322 1085 3348 ι
1104 3298 1175 3352 Θέλω

86 3399 255 3472 παράδειγμα
270 3403 354 3454 δοῦναι
371 3399 424 3454 οἷσί
446 3402 491 3462 τῆς
507 3403 609 3474 γραφῆς
624 3399 721 3454 δικαίου
737 3401 784 3454 τοι]
801 3397 932 3460 συνθήκας
945 3395 1116 3460 ἄθετοῠντος,
1133 3395 1177 3452 ίνα

86 3492 248 3564 παραστήσω
271 3495 321 3556 πῶς
345 3492 441 3555 ἐκεῖνος
466 3495 500 3562 τῷ
514 3493 575 3565 ἔργῳ
594 3491 704 3546 ἀθεσίαν
724 3491 909 3546 ἕσιναλέσατο.
924 3487 1025 3549 Ἰουδήθ
1043 3487 1174 3554 συνθήκας

87 3581 162 3636 ἔθετο
186 3585 250 3658 πρός
266 3585 308 3638 τόν
320 3586 487 3657 Ὁλοφέρνην,
500 3585 566 3638 ὥστε
581 3587 688 3640 τοσῶνδε
704 3584 801 3656 ήωέρων
815 3581 973 3658 ε’ξερχομὲνη
994 3579 1123 3655 ἔυχεσθαι
1141 3585 1177 3653 τῷ

87 3677 149 3743 Θεῷ,
168 3675 214 3728 καί
229 3657 297 3745 μετοὶ
314 3677 426 3730 τοσοῖσδε
443 3677 541 3751 ήμέρας
562 3679 654 3738 ἑαυτήν
672 3677 789 3751 παρέξειν
811 3681 841 3754 τῇ
861 3677 933 3750 κοίτῃ
949 3678 995 3730 τοῦ
1007 3675 1174 3750 Ὀλοφέρνου·

88 3765 185 3826 ταύτας
209 3767 255 3828 τοὶς
283 3765 414 3830 συνθήκας
432 3769 444 3821 ὁ
462 3769 619 3843 Ὀλοφέρνης
636 3769 787 3836 ὑπεδέξατο·
810 3769 926 3824 ἀπέλυσε
941 3769 986 3827 τήν
1002 3764 1105 3826 ’δουδήθ
1129 3765 1176 3822 ε’ντί

88 3857 133 3920 τοῖς
160 3857 243 3930 ειίχοῖς
268 3855 315 3925 ἔξω
338 3858 575 3933 τῆςτταρεμβολής·
599 3863 624 3914 τί
645 3860 722 3935 ἔχριον
743 3859 851 3921 ποιήσαι
873 3863 917 3920 τήν
930 3858 1174 3932 Ἰουδήθςτηρῆσαν

89 3948 132 4010 τοὶς
149 3945 300 4013 συνθήκας,
321 3952 363 4008 καί
390 3949 520 4011 aiseium
543 3953 638 4019 αιίτοίς,
654 3953 831 4026 ω’μολογήται,
846 3951 884 4007 ὅτι
901 3951 1041 4012 οἷθετήσαι·
1064 3952 1111 4013 τοὶς
1126 3951 1175 4024 γοὶρ

90 4041 151 4112 τρίς
163 4038 324 4116 Ὀλοφέρνον
340 4041 482 4110 diaetam,
501 4045 628 4120 μακοίριον
648 4045 678 4106 ήν
693 4045 738 4101 ε’ντί
758 4049 803 4100 τοῦ
816 4049 893 4124 Θεοῦ,
909 4049 930 4105 i.
944 4063 970 4105 e.
987 4043 1062 4105 Volo
1075 4059 1172 4102 exem·

117 4233 150 4296 (1)
169 4238 241 4286 Tom.
251 4239 273 4286 1.
284 4251 309 4301 p.
321 4245 400 4288 95‚-
410 4238 445 4303 (2)
464 4241 531 4290 Euri.
542 4254 565 4291 o.
575 4243 617 4292 VI.
632 4246 654 4292 t.
666 4267 696 4280 ·-·
715 4241 750 4306 (3)
766 4214 836 4294 Tora.
848 4245 892 4294 ΙΙΙ.
904 4256 929 4306 p.
943 4249 996 4294 tan.
1008 4267 1038 4280 -
1054 4241 1088 4304 (4)
1104 4241 1179 4306 Fauii

93 4315 185 4364 eviii.
197 4323 221 4364 e.
234 4343 265 4354 -
275 4316 310 4378 (5)
321 4319 385 4367 Eoei.
397 4332 419 4368 o.
430 4321 518 4370 xxm.
532 4328 554 4370 κ.
602 4336 605 4365 ι
