3022 5178
833 383 1014 441 -174-

386 497 460 559 forte
487 499 619 574 capiatur
642 501 761 572 cautis,
778 498 855 556 sicut
867 499 1007 573 scriptum
1021 502 1075 556 est.
1090 521 1103 548 ν
1120 497 1199 558 llaec
1216 499 1331 575 epistola
1341 501 1436 567 11111111

389 597 447 656 fult
464 595 502 656 ab
528 596 638 655 lieleno
654 595 740 653 Tarsi
763 599 793 654 et
814 594 965 672 llymeneo
982 595 1249 673 Hierosolymorum
1266 601 1405 677 epiecopis,
1424 622 1439 664 a

386 693 526 771 Gregorio
544 699 574 752 et
589 691 776 751 Athenodoro
789 692 868 768 apud
884 692 1011 750 Pontum
1028 695 1186 769 episcopis,
1200 711 1219 754 a
1235 695 1351 756 Nicoma
1364 700 1439 760 lconi

383 795 527 868 antistite,
547 791 745 851 aMalchione
758 791 947 850 antiochenae
964 791 1245 868 scholaepraefecto,
1265 794 1378 872 alisque
1389 798 1440 873 plr-

383 891 464 948 rimis
483 891 641 966 episcopis,
662 888 838 966 presbyteris
856 895 886 946 et
904 887 1053 964 dmconis,
1073 891 1124 965 qui
1150 889 1331 950 Antiochiam
1347 909 1435 953 conre-

384 1003 451 1046 ncre
468 1028 478 1062 ,
493 994 526 1046 ut
551 993 653 1046 contra
667 987 845 1045 haereticum
864 986 990 1046 Paulum
1007 987 1212 1062 disceptarent.
1240 989 1276 1047 ln
1292 989 1376 1048 altera
1391 994 1439 1067 epi·

382 1084 458 1144 stola
477 1083 634 1161 synodica,
655 1099 744 1160 quam
762 1083 927 1144 Alexander
950 1082 1156 1142 alexandrinus
1178 1087 1325 1160 episcopus
1341 1101 1375 1144 ex
1386 1086 1438 1146 hle

385 1181 526 1241 xandriae
545 1181 690 1257 Concilio,
716 1197 794 1241 anno
819 1180 927 1240 Christi
954 1188 1008 1240 311
1035 1181 1074 1239 ad
1091 1184 1259 1258 episcopum
1272 1183 1439 1261 byzantium

382 1281 498 1356 scripsit
518 1280 650 1340 eamdem
668 1276 861 1338 Ecclesiastici
877 1277 1056 1354 Scriptorum
1072 1282 1186 1355 repetit,
1205 1280 1252 1340 his
1268 1281 1360 1342 verbis
1375 1301 1439 1344 surn-

384 1379 452 1453 ptis:
473 1404 485 1428 a
503 1376 559 1436 Sed
571 1385 601 1437 et
614 1385 705 1454 esua,
717 1377 789 1436 dicit
798 1377 876 1436 Deus
888 1376 1070 1454 Abrahamo,
1082 1393 1236 1437 numerare
1247 1395 1308 1439 non
1321 1385 1437 1456 potuisse:

384 1477 439 1530 Kar*
450 1476 510 1537 ἔτι,
530 1477 615 1548 ἄμμον
636 1475 796 1540 Seterrae,
812 1476 856 1530 καί
876 1477 1008 1546 σταγόνας
1024 1475 1109 1538 ὑετοῦ,
1132 1481 1211 1550 φησί,
1226 1476 1265 1540 εἰς
1280 1476 1437 1551 ν’ξοριθμήοεη

381 1569 403 1628 l.
418 1585 444 1628 e.
461 1567 498 1626 Et
514 1570 631 1643 insuper
647 1583 766 1628 arenam
782 1568 885 1641 maris,
899 1571 929 1625 et
946 1566 1039 1626 stillas
1054 1567 1181 1644 plurim,
1196 1567 1268 1628 dicit
1284 1568 1372 1647 Deus,
1386 1574 1437 1647 quis

380 1665 611 1726 enumerabitl»

421 1763 529 1824 Contra
542 1762 699 1839 quemdam
711 1761 916 1838 philosophum
940 1762 1074 1822 edanum
1089 1760 1209 1822 Concilil
1230 1763 1386 1841 nicaenilr)
1398 1783 1436 1840 pa·

381 1866 441 1920 tras
463 1860 578 1920 Baruch
603 1862 801 1920 testimonium
824 1865 1022 1934 apposuerunt
1042 1859 1187 1920 dieentes:
1207 1859 1344 1922 “Clarius
1358 1865 1436 1937 accipe

381 1962 580 2018 testimonium
594 1959 794 2018 authenticum
807 1958 861 2016 soli
869 1973 1009 2033 personae
1022 1958 1091 2017 Filii
1103 1961 1295 2035 propositum,
1306 1961 1436 2020 ostmdrns

381 2057 477 2132 ipsum
497 2075 560 2118 esse
579 2063 727 2116 auctorem
744 2058 874 2114 omnium
895 2056 1040 2116 factarum
1062 2058 1338 2133 creaturarum,‘ttr
1359 2059 1436 2131 pippe-

381 2179 444 2211 ποοι
460 2155 484 2208 ι’ν
508 2153 590 2224 βίβλῳ
610 2154 736 2226 Βαρούχ,
755 2152 784 2206 εἰι
804 2154 935 2225 στόματος
946 2154 1072 2227 Ἱερεμίου
1087 2157 1218 2227 προφήτου
1234 2157 1362 2226 λεγοντος·
1379 2157 1436 2210 o‘rn·

380 2249 547 2310 τοισνιιοοὶσοις
563 2247 607 2306 τήν
622 2247 669 2318 γῆν
686 2244 723 2310 εἷς
744 2247 786 2298 τόν
805 2244 885 2298 uldra
900 2245 993 2318 χρόνον
1009 2245 1147 2306 ε’νέπληοεν
1162 2246 1243 2306 αὐτην
1265 2251 1354 2302 κτηνῶν
1368 2268 1435 2319 τειρο-

378 2339 486 2394 ποδῶν·ο’
494 2338 661 2392 ἀποστέλλων
678 2338 706 2390 τό
721 2339 771 2410 φῶς
783 2336 828 2390 καὶ
842 2337 973 2407 πορεύεται
982 2337 1083 2408 ...percat
1101 2341 1185 2394 τοῦτο
1197 2339 1242 2394 ε’πί
1259 2341 1304 2404 εἰς
1317 2342 1362 2410 γῆς
1374 2337 1432 2412 ἅφθη

379 2431 423 2484 νιοί
449 2432 505 2491 τοῖς
538 2426 680 2500 ἀνθρώποις
705 2427 921 2499 πυνανεοτροίφη,
935 2430 955 2487 i.
972 2445 998 2486 C.
1015 2428 1097 2488 Sicut
1111 2431 1253 2508 scriptum
1271 2433 1357 2492 estin
1375 2429 1432 2490 111110

379 2528 512 2603 Baruch,
532 2544 569 2586 ex
582 2543 632 2585 ore
650 2525 811 2585 Hieremiae
829 2524 990 2600 Prophetae
1013 2525 1150 2589 dicentis:
1168 2527 1253 2602 -Qui
1274 2530 1435 2605 praepararit

376 2633 483 2687 terram
494 2629 526 2684 in
541 2633 690 2686 aeternum
708 2630 838 2700 tempus,
849 2625 970 2700 replerit
980 2629 1190 2702 eamjumentis
1203 2627 1429 2704 quadrupedibus,

377 2727 428 2801 qui
445 2728 533 2784 mittit
545 2726 640 2783 lucem
654 2731 683 2783 et
699 2723 815 2782 radit..
826 2766 850 2781 ..
867 2723 1019 2798 posthaec
1029 2725 1061 2782 in
1077 2731 1156 2784 terra
1173 2730 1328 2802 apparuit,
1344 2733 1370 2786 et
1380 2742 1432 2786 ern

377 2822 543 2882 hominihus
556 2828 743 2881 conversatus
752 2828 805 2880 est.
819 2845 831 2870 »
845 2819 898 2879 llis
911 2821 1008 2880 verbis
1022 2823 1197 2898 respondens
1211 2824 1392 2900 philosophus
1402 2823 1431 2880 lo

376 2922 491 2996 quitus:
511 2925 564 2974 «Ὀ
580 2921 653 2984 ὖιός,
668 2920 749 2992 φημὶ,
764 2915 1001 2998 συνανεσοροίφθοι,
1019 2917 1106 2982 tabor
1122 2920 1224 2992 εἴρηκαν
1240 2923 1273 2975 οιὶ
1299 2919 1365 2975 θεῖαι
1384 2943 1431 2992 ppo·

374 3018 442 3090 φοιί,
456 3017 526 3088 adpo*
547 3015 687 3080 πιστωθεὶς
704 3017 731 3082 ἒξ
749 3015 831 3072 αὐτῶν
846 3017 1033 3090 οἱποδίδεγμαι,
1053 3021 1074 3078 ἰ.
1090 3036 1116 3078 e.
1132 3019 1240 3078 Filium
1255 3019 1320 3078 dieo
1336 3034 1430 3079 eonver-

375 3123 494 3192 satum,
510 3123 544 3174 ut
562 3116 680 3175 divinae
697 3121 819 3176 testatae
834 3123 903 3176 sunt
920 3116 1104 3192 scripturae,
1126 3122 1156 3176 et
1172 3132 1226 3194 ego
1245 3133 1283 3176 ex
1300 3119 1365 3192 ipsis
1381 3132 1429 3191 pcr-

373 3229 476 3274 suasus
493 3214 663 3290 approbavi.
678 3239 690 3264 ιι
707 3215 775 3273 Alia
790 3217 956 3273 testimonia
969 3230 1006 3272 ex
1022 3214 1079 3272 hoc
1096 3214 1171 3272 libro
1187 3214 1226 3272 eb
1239 3217 1363 3272 invicem
1376 3227 1428 3270 con·

371 3312 579 3372 tradicentibus
592 3315 718 3372 citantur
731 3319 761 3372 et
771 3315 961 3388 accipiuntur.
972 3312 1065 3372 Paulo
1077 3317 1143 3388 post
1152 3318 1250 3386 patres
1262 3318 1359 3372 contm
1368 3325 1428 3368 erm

372 3409 439 3469 dem
454 3426 491 3470 ex
511 3413 602 3469 reteri
621 3417 796 3470 testamento
813 3411 850 3469 de
863 3409 998 3486 operibus
1011 3409 1110 3468 Sancti
1127 3409 1270 3486 Spiritus,
1289 3409 1427 3486 Sapientiae

371 3512 573 3569 auctoritatem
586 3511 752 3570 adstruunt:
771 3511 831 3570 «Et
845 3527 946 3570 rursus
959 3512 990 3568 in
1008 3512 1099 3570 reteri
1111 3515 1295 3571 testamento:
1312 3509 1426 3569 -Coelrn

373 3612 402 3664 et
417 3613 525 3666 terram
545 3624 599 3684 ego
613 3608 730 3684 impleo,
747 3608 818 3666 dicit
834 3607 995 3680 Dominus;
1010 3607 1061 3662 Kar*
1078 3608 1091 3660 ὁ
1108 3610 1233 3680 baroptis
1250 3609 1277 3662 11
1289 3608 1385 3666 aava
1396 3605 1426 3664 ab

372 3703 388 3757 ὅ
406 3707 524 3774 πληρῶν,
543 3704 625 3776 λέγει·
647 3708 748 3776 πνεῦμα
762 3704 849 3776 κυρίου
864 3704 1009 3778 πεπλήρωκε
1029 3708 1074 3766 τήν
1092 3705 1261 3776 οἰκουμένην,
1275 3707 1297 3764 l.
1307 3720 1333 3762 e.
1347 3703 1379 3761 El
1389 3699 1425 3760 Sd·

371 3801 470 3861 lomon
490 3805 660 3880 ostendens,
688 3807 754 3881 quis
773 3804 894 3880 implet,
912 3803 1002 3863 dicit:
1020 3802 1169 3880 ·Spiritns
1185 3803 1303 3862 Domini
1326 3798 1424 3876 replerit

369 3899 469 3959 orbem
484 3907 638 3964 terrarum:
649 3934 660 3946 -
671 3902 762 3962 Crede
779 3902 861 3960 etrde
883 3908 1023 3978 potestate
1042 3900 1164 3978 Spiritus
1188 3900 1305 3977 Sancti,
1324 3905 1351 3958 et
1367 3897 1424 3954 hau
1476 3955 1477 3960 ,

370 3999 465 4074 recipe
481 3999 518 4059 de
533 4002 597 4076 ipso
614 4003 795 4076 testimonia,
816 4006 871 4060 etc.
892 4024 904 4050 ι
924 3999 961 4075 (a)
1476 3981 1477 4043 l

377 4226 412 4288 (1)
428 4227 518 4277 labbei
540 4229 599 4278 tom.
623 4231 654 4278 ll.
668 4242 692 4291 p.
706 4235 742 4282 lo.
765 4232 790 4280 et
801 4232 866 4280 Eool.
886 4244 908 4280 e.
918 4233 937 4280 l.
948 4243 973 4279 r.
987 4238 1009 4280 2.
1028 4255 1058 4265 -
1075 4230 1109 4293 (1)
1121 4229 1210 4279 labbei
1221 4232 1290 4278 Tom.
1302 4230 1332 4277 ll.
1344 4240 1365 4290 p.
1378 4227 1417 4272 tsi.

365 4331 396 4342 -
412 4306 446 4368 (ο)
465 4308 601 4358 Sententiae
630 4307 691 4358 istae
718 4323 747 4359 ex
770 4309 876 4359 Historia
904 4310 994 4362 Gelasii
1021 4309 1126 4372 cyziceni
1149 4310 1174 4360 ln
1192 4310 1293 4372 Dialogo
1320 4302 1421 4358 ranem
