3022 5178
532 373 712 424 -237-

410 574 748 638 PROPOSITIO
780 579 818 638 X.

100 770 209 832 Concilio·
249 769 403 830 tridentini
428 770 466 830 sle
490 771 653 849 Scripturas
683 773 838 834 cononicis
865 772 1038 850 donemus,
1070 779 1159 852 atque

129 885 295 942 summm,
320 867 426 946 poton
448 869 502 930 hoo
519 869 668 932 &cremon
687 871 767 932 ultro
790 875 914 932 sessione
931 877 1039 950 quarto
1049 872 1157 949 timia-

129 970 187 1028 tnn
209 971 268 1040 est,
293 966 477 1044 explanatio.

126 1159 150 1236 s.
170 1163 194 1220 1.
210 1163 275 1222 lam
289 1167 354 1240 jam
371 1163 519 1240 quoddam
539 1170 701 1224 monstrum
722 1167 859 1224 etartari
876 1167 943 1224 sinu
960 1166 992 1223 in
1013 1171 1156 1224 terrarum

93 1257 152 1318 orbe
168 1261 322 1336 apparebat
339 1262 539 1337 horrendum,
554 1266 617 1338 jann
633 1279 712 1322 nova
728 1279 828 1340 pugna
840 1263 986 1322 Ecclesiae
1002 1261 1056 1322 Dei
1070 1263 1158 1320 insta·

88 1354 135 1426 bat
149 1358 298 1436 terribilis,
318 1364 383 1437 jam
400 1376 459 1420 vox
476 1359 606 1436 maligna
632 1361 753 1422 Lutheri
773 1361 929 1420 resonabat
946 1360 1086 1434 auribus,
1105 1361 1156 1434 qui

92 1452 175 1526 pulvis
191 1462 218 1514 et
237 1458 312 1516 cinis
332 1457 479 1533 superbit,
494 1471 529 1516 ac
545 1460 575 1515 ln
589 1457 725 1532 superbia
744 1459 854 1533 elatus,
868 1458 1041 1519 humilitatis
1054 1457 1157 1515 matris

91 1562 166 1626 mae,
185 1569 275 1628 mam
292 1552 331 1613 ab
346 1553 472 1614 infantia
490 1554 610 1616 edoctus
626 1561 704 1631 erat,
724 1558 829 1614 misere
847 1555 1038 1616 obliviscitur.
1057 1554 1155 1629 Haeo,
1237 1607 1241 1618 ,

91 1650 173 1708 omnis
193 1654 304 1726 peccati
327 1654 442 1712 initium
469 1653 898 1730 satannianorum
918 1671 937 1712 a
960 1659 1039 1714 recta
1061 1655 1156 1710 viaet

90 1758 105 1800 n
122 1753 215 1806 mnan
233 1750 431 1826 institutione,
447 1765 536 1826 mam
555 1753 639 1810 annis
654 1752 754 1810 multis
769 1754 801 1810 in
814 1754 961 1828 integrum
975 1753 1154 1826 servaverat,

89 1840 177 1902 infelix
193 1853 354 1924 averteret,
376 1863 410 1906 ac
428 1850 519 1908 mutis
532 1848 617 1908 mulis
633 1850 711 1908 viam
731 1853 868 1925 pararet,
882 1863 958 1925 quae
974 1865 991 1906 e
1005 1848 1094 1924 longa
1107 1861 1155 1904 ae·

88 1941 137 1997 tute
150 1944 235 2002 totius
248 1944 396 2004 Ecclesiae
409 1945 555 2004 excidium
566 1949 678 2005 minuta
689 1953 773 2024 sunt,
788 1952 817 2006 et
829 1962 909 2005 nunc
923 1949 1084 2020 minantur,
1096 1947 1155 2004 uisi

86 2032 192 2096 firmiter
209 2039 360 2101 fundatae.
384 2041 522 2102 Adoievit
548 2043 603 2101 hoc
625 2050 804 2124 mansuum,
826 2048 856 2103 et
884 2045 969 2126 quad
987 2057 1155 2118 gangraena

85 2132 154 2194 nulio
167 2136 316 2198 detentum
335 2139 485 2199 obstaculo
500 2142 532 2197 in
548 2139 740 2198 occidentales
758 2141 861 2216 plagas
876 2139 1030 2215 serpebat,
1050 2138 1155 2198 multo-

88 2244 194 2308 rumque
212 2238 329 2296 animos
349 2237 387 2295 ad
409 2237 464 2296 hoc
481 2243 599 2312 paratos
623 2239 793 2312 inveniens,
813 2239 865 2312 qui
884 2237 957 2297 illud
974 2238 1153 2312 enutrirent,

86 2331 178 2400 partim
194 2332 346 2392 doctrinae
364 2337 459 2410 speeie
474 2333 611 2408 allectos,
628 2336 736 2410 partim
754 2350 869 2394 morum
894 2335 1155 2394 ecclesiasticorum

86 2424 247 2490 nictatione
266 2433 369 2508 tritos,
384 2431 457 2490 alios
477 2431 585 2491 vilibus
598 2434 722 2508 negotiis
736 2432 848 2507 elatos,
869 2447 903 2492 ac
919 2447 988 2507 prae
1002 2432 1048 2490 his
1061 2433 1154 2490 omni·

85 2521 130 2584 bus
147 2527 273 2590 obtinuit
289 2530 473 2592 sacerdotum
491 2532 678 2606 ignorantia,
692 2547 768 2606 quae
785 2537 856 2591 tuno
875 2533 1013 2606 temporis
1031 2531 1155 2589 nimium

84 2619 274 2702 Redemptoris
293 2628 371 2686 ovile
390 2627 561 2703 occupabat.
576 2627 715 2686 Attamen
733 2627 789 2686 hoc
808 2630 918 2702 impetu
936 2643 1029 2703 neque
1046 2626 1155 2686 Christi

82 2721 192 2783 uerbum
210 2725 316 2801 desiit,
332 2725 411 2801 quod
426 2725 462 2784 de
477 2741 547 2786 suae
561 2725 708 2784 Ecclesiae
720 2724 858 2784 firmitate
875 2731 904 2782 et
920 2724 1111 2784 diuturnitate
1123 2726 1155 2784 in

82 2815 226 2898 Evangelio
246 2826 420 2900 praestitum
440 2823 510 2884 fuit:
532 2847 544 2874 α
558 2823 595 2882 Et
610 2839 663 2900 ego
678 2823 830 2883 vobiscum
849 2839 915 2882 sum
932 2822 1075 2900 usquead
1088 2837 1155 2882 oon·

81 2907 296 2982 summationem
314 2921 432 2982 saecuti.
447 2947 458 2972 »

113 3015 139 3089 S.
158 3018 196 3076 11.
219 3019 311 3078 Modo
331 3035 421 3096 vero,
443 3022 533 3078 variis
553 3021 586 3076 in
600 3019 668 3078 iidei
691 3019 837 3094 oraculis,
857 3035 932 3094 quae
953 3019 991 3078 ab
1013 3019 1068 3080 hac
1085 3020 1155 3079 haa-

81 3113 274 3176 saturasse
291 3115 391 3192 hiere,
411 3117 484 3176 iilud
508 3119 603 3175 inerat
626 3122 729 3176 eontra
748 3117 907 3175 bibliorum
926 3116 1156 3176 beatem-Cano-

82 3210 205 3272 uicorum
225 3216 432 3291 divinitatem,
447 3217 554 3292 quiippe
571 3215 650 3291 quod
659 3257 668 3291 ,
678 3218 767 3291 juxta
780 3215 898 3274 illorum
916 3217 1094 3290 opinionem,
1107 3230 1156 3272 ve·

79 3307 165 3371 ittam
181 3318 302 3387 patrum
324 3312 473 3372 doctrinae
500 3312 669 3372 obsistebat.
694 3314 758 3372 Hoc
777 3329 874 3373 rerum
895 3320 993 3389 statu,
1012 3313 1156 3372 Ecclesiae

79 3400 253 3472 Christianae
272 3426 392 3470 noemae
408 3411 464 3471 fuit
480 3419 514 3470 ut
534 3413 671 3471 torrentis
688 3413 830 3486 impetum
848 3411 1005 3487 cohiberet,
1019 3412 1069 3487 qui
1087 3409 1154 3467 hor·

81 3506 138 3562 tum
150 3505 312 3568 salvatoris
330 3509 499 3570 conclusum
513 3510 658 3570 vastabat.
675 3509 867 3570 Oacumenica
880 3509 1010 3587 synodus
1025 3507 1156 3572 Tridentt

77 3610 232 3676 opportuno
252 3607 358 3666 collata
381 3614 434 3666 est.
455 3608 631 3685 Priusquam
654 3624 723 3668 vero
747 3607 804 3666 hoc
829 3609 979 3684 negotium
998 3607 1154 3666 subeamus

76 3700 288 3774 srptnnundum
297 3747 306 3780 ‚
330 3705 465 3766 lectorem
483 3707 666 3767 monebimus
686 3724 746 3766 non
759 3707 859 3766 multis
873 3707 958 3766 annis
976 3711 1045 3764 ante
1062 3707 1157 3763 conci-
1224 3725 1229 3731 ’

77 3792 142 3856 liam
161 3802 372 3879 tridentinum,
391 3805 537 3881 synodum
555 3821 763 3880 senonensem,
779 3805 869 3863 etiam
888 3803 998 3863 dicum
1015 3804 1155 3878 parisien-

75 3911 131 3956 sem
150 3909 255 3962 aontra
274 3903 495 3964 lutheranorum
514 3905 664 3979 haereses,
681 3909 710 3965 et
723 3919 777 3980 pro
794 3902 999 3962 reionnatione
1012 3901 1156 3960 &nimiae

75 3996 248 4061 celebratam
266 4017 330 4062 asse
350 4003 405 4062 sub
420 4001 563 4062 cardinali
582 4003 710 4062 nanno
735 4018 754 4060 a
773 4001 872 4060 Prata.
901 4001 965 4060 Hoc
983 4003 1014 4059 tn
1032 4000 1155 4058 concilio

76 4097 188 4160 volume
206 4108 323 4179 patres,
342 4102 517 4162 christianos
538 4101 576 4160 ab
596 4099 764 4160 haeresibus
785 4099 999 4160 suborientibus
1022 4114 1155 4173 praemu-

75 4196 152 4273 nire,
167 4215 204 4258 ac
216 4203 320 4260 ceteris
333 4201 479 4276 exceptis,
493 4215 569 4276 qnae
588 4199 636 4258 hic
649 4205 715 4259 aeta
727 4205 808 4274 sunt,
832 4212 944 4258 cunone
968 4203 1084 4272 quana,
1104 4195 1155 4256 ubi

74 4289 436 4374 decreveruutScripturae
453 4304 584 4358 auctores
603 4297 744 4360 divinitus
763 4298 918 4372 inspiratas
938 4311 1012 4372 esse,
1031 4294 1087 4354 hoc
1102 4294 1152 4352 ad·
