2964 5174
534 413 574 425 ..
594 389 632 442 49
653 411 693 426 .-

76 499 319 576 vigintiquatuor
337 497 427 558 libros
446 498 605 558 seeundum
626 513 780 558 numerum
805 513 976 576 graecarum
990 501 1153 564 diterarum

75 612 291 656 munumerere.
313 595 394 654 Nibil
418 601 517 671 postea
534 598 611 672 agit,
633 593 704 672 quid
726 596 773 655 vel
796 598 941 672 quommo
965 597 1072 659 Christi
1097 601 1151 659 lie·

74 696 156 754 dosia
175 694 267 754 libros
285 709 384 754 saeros
403 696 508 753 veteris
528 697 693 754 testamenti
712 696 865 754 censuerit.
888 694 1035 771 Quidquid
1054 703 1152 757 autem

74 791 116 852 bio
138 795 272 870 seripslt,
293 809 310 852 e
327 793 409 852 libris
425 792 576 870 Origenis,
591 801 665 869 quos
676 795 738 870 ipse
750 793 914 868 transtulit,
930 795 977 852 vel
990 797 1022 852 in
1040 796 1076 854 lis
1088 811 1153 854 ver·

73 896 149 950 ntus
163 896 225 966 est,
244 893 276 950 ln
293 907 348 950 sua
365 891 472 966 scripta
489 891 659 966 subintulit,
675 888 830 964 dequibus
851 905 904 950 suo
917 891 981 950 loeo
994 908 1088 951 sermo
1102 894 1152 954 ha-

73 986 200 1064 bebitur,
223 993 254 1047 et
272 987 351 1048 illius
370 988 504 1048 (leonine
525 987 740 1064 explanabitur.

108 1086 135 1159 S.
158 1085 213 1144 lli.
233 1085 406 1163 Hieronymi
417 1091 526 1163 aetate,
545 1086 680 1161 illiusque
697 1084 845 1160 quandem
860 1088 1066 1164 unicissimus,
1081 1091 1151 1148 sori·

72 1185 155 1244 bebai
167 1186 354 1262 melisensis
370 1185 522 1264 presbyter
535 1185 672 1246 Rudinus
689 1186 827 1244 historiae
838 1186 1048 1247 ecclesiastieae
1062 1189 1151 1248 libros

71 1283 160 1358 duos,
179 1287 255 1344 etin
272 1284 383 1360 aliquot
401 1283 533 1343 Psalmos
551 1285 777 1358 oommentaria,
798 1288 827 1342 et
848 1284 906 1342 alie
925 1285 956 1342 ln
975 1284 1081 1361 quibus
1099 1303 1152 1362 pro

71 1379 226 1456 seripturis
247 1381 539 1442 nentem-Canonium
560 1381 745 1439 auctoritates
763 1395 864 1439 eorum
881 1382 1037 1441 nonnullas
1051 1383 1150 1458 reiert,

71 1478 226 1556 domoque
244 1481 434 1554 inspiratione
452 1481 579 1538 munitas
602 1479 703 1537 eredit.
726 1480 762 1538 ln
782 1479 899 1538 Psalmo
917 1497 987 1539 xv11
1008 1481 1150 1540 Eoolesia·

72 1577 175 1636 siioum
191 1575 230 1652 (1)
246 1575 308 1638 adit
327 1577 412 1636 dietis
428 1577 501 1636 illis:
522 1601 535 1627 a
551 1576 696 1652 Scriptum
715 1582 776 1654 est,
795 1577 1040 1652 quemadmodum
1053 1579 1152 1638 Proto·

73 1673 233 1733 cmmieos
257 1673 399 1750 appellat:
416 1675 477 1732 ·in
496 1673 632 1732 omnibus
649 1674 785 1749 operibus
802 1678 861 1733 tuis
877 1691 1038 1734 memorare
1053 1679 1150 1735 novis·

74 1773 145 1830 sima
165 1777 230 1830 tue.
251 1797 263 1822 ν
290 1771 468 1832 Sententlem
489 1771 570 1831 illam
579 1771 689 1830 Psalmi
707 1789 816 1832 xxxvr:
836 1797 849 1822 «ι
866 1772 1035 1832 Considerat
1051 1789 1151 1848 peooa·

73 1871 249 1945 torjustum.
267 1893 279 1921 n
295 1869 342 1930 Sle
355 1872 575 1945 interpretaur:
596 1870 697 1929 «Dicit
712 1869 791 1945 quod
802 1873 833 1929 in
846 1870 921 1930 libro
932 1869 1094 1948 Sapientiae
1111 1871 1149 1948 (2)

73 1966 251 2040 praedictum
266 1973 323 2026 est:
342 1966 473 2028 ·Gravls
492 1972 536 2026 est
558 1968 645 2026 etlam
662 1967 747 2026 nobis
767 1968 804 2026 ad
824 1968 998 2044 videndum,
1012 1971 1152 2044 quoniam

71 2063 217 2124 dmbnlbs
243 2071 287 2124 est
317 2064 383 2124 allis
410 2066 472 2125 vita
490 2067 598 2141 ipsius,
619 2071 648 2124 et
665 2067 835 2124 immutatae
857 2072 926 2125 sunt
954 2068 1020 2125 viae
1040 2071 1112 2142 ejus.
1135 2091 1147 2118 s

71 2160 104 2218 ln
121 2160 230 2223 Oseem
246 2162 441 2222 Eeeleslastlei
459 2161 568 2222 librum
593 2160 630 2238 (a)
654 2169 755 2221 voeat:
784 2187 796 2211 «
822 2161 879 2220 Sed
897 2177 1037 2220 eonomur
1055 2164 1151 2222 faeere

72 2260 144 2318 siem
162 2261 305 2335 seriptum
321 2265 380 2320 est:
395 2289 408 2304 ·
421 2259 541 2335 Sapiens
561 2257 682 2318 audiens
698 2259 821 2318 verbum
834 2258 981 2318 oollaudat
995 2265 1024 2318 et
1035 2259 1151 2336 edjieiet

72 2356 105 2414 ad
127 2357 214 2418 illud.
233 2381 246 2408 ι
269 2357 306 2417 ln
325 2357 672 2418 Psalmumv11.rursns
694 2355 889 2416 Eoolesiastiei
906 2356 1085 2432 Scriptorum
1106 2373 1150 2416 re·

73 2453 139 2514 lert:
158 2479 171 2505 ιι
189 2454 311 2514 Initium
329 2457 424 2514 omnis
437 2457 547 2530 peccaui
565 2455 712 2530 superbis.
724 2479 737 2505 e
754 2453 833 2514 Alibi
847 2461 944 2514 autem
962 2455 1063 2514 eadem
1076 2471 1143 2513 ver·

72 2551 107 2610 ba
123 2567 283 2628 emmaus,
303 2552 359 2612 boo
372 2553 458 2611 modo
470 2555 639 2628 praesumit:
660 2578 672 2604 ει
687 2552 829 2629 Magnum
842 2552 899 2612 hoe
911 2551 1048 2613 delictum
1063 2560 1151 2629 eaput

70 2655 153 2726 elque
161 2665 253 2710 eausa
261 2651 392 2710 omnium
403 2650 584 2726 delictorum,
597 2653 789 2726 scriptumest
799 2651 891 2709 enlm:
904 2651 1047 2711 ·lnitium
1055 2653 1150 2709 omnis

72 2750 179 2821 peoeati
198 2746 349 2824 superbia;
368 2753 398 2807 et
420 2751 553 2823 aequasi
576 2749 639 2808 leve
659 2747 771 2825 aliquid
789 2754 972 2808 contemnas:
989 2749 1147 2824 ·lnitinm,

69 2847 178 2922 inquit,
200 2845 354 2922 superbiae
372 2846 498 2905 hominis
523 2853 686 2921 apostatare
703 2863 722 2905 e
738 2846 809 2905 Deo.
828 2869 841 2898 u
868 2845 948 2905 Alibi
965 2851 1064 2905 autem
1079 2844 1151 2904 Rui-

69 2941 141 3002 linns
162 2944 260 3004 Biblia
278 2943 443 3004 Posteriora
460 2951 573 3020 censet,
594 2950 695 3020 utpote
716 2943 835 3019 divina,
858 2959 874 3002 e
900 2944 1006 3019 quibus
1024 2941 1098 3002 illud
1118 2944 1149 3000 in

68 3041 192 3118 symboli
211 3041 418 3117 Apostolorum
438 3045 616 3118 expositione
641 3043 797 3102 enunciare
828 3041 991 3116 oredimus,
1014 3043 1150 3116 inquiens

68 3141 150 3214 juxta
158 3137 277 3200 aarum
288 3139 388 3199 verba:
406 3139 511 3212 «Quod
522 3145 552 3200 et
561 3139 706 3216 Propheta
719 3138 918 3214 praedixerat,
929 3138 980 3198 ubi
996 3139 1052 3196 eit:
1067 3137 1147 3196 ·Hie

70 3235 142 3296 Dens
159 3243 278 3312 noster,
299 3239 350 3312 qui
373 3239 403 3296 in
424 3243 503 3298 terra
522 3240 604 3298 visus
621 3244 681 3315 est,
704 3244 733 3296 et
751 3253 818 3296 oum
840 3234 1007 3294 hominibus
1028 3249 1149 3293 eonver-

71 3339 158 3396 sstus.
180 3359 193 3386 υ

106 3433 261 3510 Attamen,
281 3451 348 3494 eum
371 3435 558 3494 haecomnia
575 3436 617 3494 ita
634 3436 707 3509 sint,
724 3433 860 3494 liufflnus
874 3434 949 3490 inter
968 3431 1050 3505 illos,
1060 3434 1149 3505 juxte

68 3529 266 3606 adremarios,
286 3530 425 3607 habetur,
444 3533 494 3607 qui
508 3530 620 3590 Canem
633 3528 768 3589 hebraieo
787 3528 908 3604 iavart,
928 3527 1000 3586 dum
1013 3527 1045 3584 in
1064 3541 1147 3600 prse-

68 3625 140 3688 dieto
152 3627 291 3706 symbolo
310 3628 514 3704 Apostolorum
536 3628 594 3688 illis
614 3627 699 3686 dictis
719 3625 877 3686 semidam
892 3625 1061 3702 Scripturas
1078 3638 1146 3682 oen·

68 3726 174 3786 sionem
205 3726 279 3786 insit
306 3725 465 3786 Bibliorurn
486 3726 653 3786 divinorum
674 3729 761 3802 juxta
785 3739 952 3802 synagogae
979 3722 1148 3798 volumiua3

68 3827 92 3880 et
112 3823 149 3882 nb
168 3823 217 3882 his
235 3830 315 3885 seeat
332 3822 509 3899 Sapientiae,
530 3824 741 3898 Ecclesiastioi,
764 3821 889 3898 Tobiae,
912 3819 1015 3882 iudith
1033 3825 1062 3878 et
1079 3819 1143 3878 Ma·

68 3919 259 3982 ehsbseorum
275 3921 381 3997 libros,
398 3921 590 3998 subjungens:
611 3921 719 3994 «Quae
732 3923 831 3980 omnia
843 3919 901 3997 legi
915 3918 1033 3996 quidem
1045 3919 1077 3975 in
1089 3916 1145 3974 Ee·

70 4017 151 4078 etesia
163 4019 339 4094 voluerunt,
353 4033 414 4078 uon
428 4025 526 4078 tamen
545 4018 669 4094 prolerri
686 4019 724 4078 ad
742 4019 943 4077 auctoritatem
960 4031 998 4076 ex
1017 4015 1064 4074 his
1078 4011 1145 4072 iidei

71 4115 307 4178 oonssrmandam.
327 4139 340 4168 υ

95 4323 126 4388 (ι)
141 4329 195 4378 see.
207 4341 229 4378 e.
243 4329 297 4378 vn.
311 4331 349 4379 ro.
361 4327 534 4391 -msapa
545 4329 576 4378 n.
592 4333 628 4379 re,
640 4325 714 4390 -(e)
725 4328 779 4377 see.
792 4339 814 4376 e.
827 4325 891 4374 xx1¹
907 4329 942 4373 rs.

109 4410 180 4470 Pars
191 4411 220 4472 1.
842 4415 859 4466 4
