2964 5174
773 433 813 445 ..
832 407 872 462 46
892 431 932 446 .-

310 527 376 586 niae
387 523 528 600 episeopis
541 517 788 598 suifragantibus,
802 536 839 580 ex
854 519 1023 580 Innocentio
1039 517 1149 596 Primo,
1166 519 1328 580 Romanae
1349 518 1400 580 Ec·

310 623 413 684 clasiae
430 620 588 696 Pontifice,
606 620 658 696 qui
675 618 713 678 ob
735 617 791 679 hoc
806 617 845 680 ad
865 619 1044 694 lixuperirun
1059 617 1230 682 tolosanum
1250 609 1397 694 scribens,

310 721 444 782 eumdem
468 720 609 780 llbmmm
632 717 778 780 canonem
805 719 971 793 constituit,
993 733 1031 776 ex
1061 718 1196 778 ecclesiae
1225 716 1401 794 hispanicae

310 818 504 895 antistitibus,
522 818 572 894 qui
591 817 754 877 versionem
770 815 899 892 ejusdem
915 815 1087 893 Hieronymi
1108 816 1250 876 videntur
1270 818 1402 894 primum

310 918 482 994 accepisse,
505 915 586 976 nulla
611 931 681 974 vero
710 911 789 976 iacta
811 908 1027 990 Scripmr'arum
1060 915 1341 992 animadversione,
1370 922 1402 976 ut

310 1015 389 1074 inira
401 1015 560 1074 uidendum
570 1015 634 1074 erit.
649 1014 688 1072 Et
699 1013 772 1074 haec
796 1013 896 1072 omnia
908 1014 1027 1088 insuper
1040 1019 1106 1072 acta
1119 1007 1199 1090 sunt,
1215 1029 1291 1074 cum
1305 1011 1402 1074 adhuc

311 1114 343 1172 in
358 1114 436 1172 vivis
448 1112 565 1189 degeret
578 1112 785 1190 Hieronymus.
802 1112 898 1185 Quare
911 1113 1014 1170 merito
1029 1113 1133 1187 conjici
1145 1117 1244 1188 potest
1257 1111 1401 1174 sancum

234 1236 237 1238 ’
311 1215 378 1270 ante
394 1208 472 1270 illius
497 1216 621 1271 mortem
641 1225 733 1288 aequo
753 1211 877 1270 sensisse
899 1207 935 1267 de
955 1207 1056 1268 Bibliis
1074 1208 1399 1285 Demere-Canonium,

311 1323 451 1383 suamque
467 1311 498 1367 in
516 1308 572 1368 hac
589 1325 621 1369 re
642 1308 813 1370 universalis
826 1308 972 1369 Ecclesiae
988 1306 1056 1368 fidei
1071 1306 1315 1378 accommodasse
1333 1322 1398 1370 seu·

311 1409 482 1546 unffi&
494 1488 525 1545 in
536 1488 734 1563 quaestionem
751 1491 939 1563 revocantes,
961 1501 1036 1562 quae
1049 1486 1135 1546 divus
1154 1485 1304 1560 interpres
1321 1485 1354 1542 in
1366 1482 1399 1542 li·

311 1581 380 1642 bros
397 1583 559 1644 Salomonis
573 1585 665 1644 dixit:
694 1610 706 1636 a
723 1584 832 1662 Legat,
854 1601 973 1660 nempe,
992 1584 1029 1644 ad
1044 1583 1280 1644 aedificationem
1294 1579 1398 1658 plebis,

312 1697 373 1739 non
386 1681 424 1740 ad
438 1683 639 1742 auctoritatem
658 1682 829 1760 dogmatum
842 1683 1102 1743 ecclesiasticorum
1115 1677 1363 1740 confirmandam.
1382 1703 1395 1730 a

312 1778 350 1837 lit
366 1778 447 1838 aliud
466 1781 498 1838 in
517 1780 655 1840 Tobiam:
684 1805 697 1832 α
715 1780 804 1858 Cujus
819 1782 975 1840 auctoritas
991 1779 1030 1838 ad
1044 1777 1209 1838 roboranda
1225 1777 1299 1852 illa,
1326 1790 1398 1851 quae

313 1875 344 1934 in
358 1879 570 1937 contentionem
586 1880 719 1956 veniunt,
734 1881 831 1938 minus
848 1878 952 1939 idonea
962 1877 1121 1955 judicatur.
1140 1901 1152 1928 υ
1168 1875 1293 1935 Praeter
1306 1871 1394 1948 illud,

271 2037 281 2058 x
312 1973 391 2048 quod
408 1977 574 2051 saepissime
593 1978 625 2035 in
643 1978 704 2036 suis
720 1977 834 2052 scriptis
854 1973 1153 2037 liemaro-Canonium
1170 1972 1342 2048 Scripturas
1355 1987 1396 2028 ar·

312 2073 453 2148 cessierit,
475 2077 573 2148 utpote
600 2073 701 2132 divina
726 2075 896 2134 auctoritate
917 2072 1077 2150 praeditas,
1104 2071 1161 2130 boc
1186 2073 1393 2148 argumentum

312 2166 367 2226 sub
379 2169 553 2230 dilemmatis
564 2171 658 2246 specie
676 2172 708 2228 in
727 2171 822 2228 medio
841 2185 994 2246 ponamus
1011 2169 1066 2230 Vel
1080 2169 1294 2246 Hieronymus,
1315 2181 1393 2241 prae

312 2263 398 2324 dictis
417 2267 560 2328 similibus
576 2268 689 2344 verbis,
711 2269 852 2328 diuinitirs
872 2270 1027 2344 inspiratas
1046 2267 1100 2326 has
1118 2267 1299 2326 Posteriores
1319 2261 1391 2323 Scri-

312 2367 413 2436 pturas
432 2365 572 2442 eredidit,
596 2383 648 2426 seu
668 2365 751 2425 aliter
775 2367 876 2426 sensit.
901 2365 933 2425 Si
956 2366 1057 2424 divina
1075 2366 1267 2441 inspiratione
1288 2363 1392 2438 scripta

313 2457 403 2520 fuisse
422 2461 494 2520 haec
512 2453 898 2540 Bibliacredebatsanctus,
917 2480 1033 2524 necesse
1054 2469 1098 2522 est
1116 2463 1270 2523 sustollere
1287 2460 1390 2520 discre-

310 2561 454 2636 pantiam,
466 2577 556 2638 quam
568 2561 755 2638 illesuperius
768 2569 947 2624 commentus
961 2569 1015 2640 est,
1030 2568 1058 2622 et
1072 2563 1144 2622 alias
1158 2559 1391 2637 causas,scilicet

312 2657 408 2733 viros,
424 2658 505 2735 loca,
518 2675 570 2720 seu
582 2665 711 2736 tempora
724 2667 867 2738 repetere,
881 2664 956 2721 inter
966 2677 1039 2738 quas
1053 2661 1180 2718 maxime
1197 2665 1276 2718 esset
1292 2661 1389 2716 notan·

312 2753 351 2813 da
370 2755 524 2830 prudentia
540 2758 620 2816 haud
638 2758 755 2818 illomm
772 2761 942 2820 auctoritate
959 2776 1058 2820 coram
1076 2759 1190 2836 judaeis
1212 2754 1333 2830 utendi,
1355 2753 1389 2812 si·

311 2853 373 2912 cuti
388 2851 499 2911 dictum
521 2861 579 2930 est,
602 2872 672 2915 nam
693 2856 764 2916 dum
786 2857 953 2918 divinarum
979 2857 1193 2933 scripturarum
1214 2853 1302 2914 titulo
1321 2849 1387 2910 insi·

310 2948 393 3024 gnita
408 2956 477 3010 sunt
495 2950 532 3010 ab
552 2952 668 3029 eodem,
682 2954 764 3013 nulla
777 2954 942 3016 differentia
954 2957 1028 3014 inter
1046 2954 1161 3013 Priores
1174 2958 1203 3012 et
1215 2951 1388 3010 Posteriores

311 3043 476 3120 Scripturas
498 3055 542 3108 est
561 3049 755 3128 adnittenda,
779 3055 917 3129 quoniam
933 3069 1011 3112 unus
1030 3053 1163 3128 idemque
1180 3049 1324 3126 Spiritus,
1345 3060 1386 3104 es·

310 3145 404 3202 sentia
423 3146 629 3225 immutabilis,
651 3152 765 3225 sapiens
774 3176 788 3224 ,=
801 3152 919 3228 suisque
938 3153 971 3208 in
991 3149 1087 3210 verbis
1108 3148 1270 3208 infallibilis
1290 3149 1386 3204 auctor
1419 3179 1421 3186 ·

310 3243 465 3315 primarius
483 3251 574 3323 esset,
594 3263 628 3306 ac
647 3249 771 3324 simplex
781 3250 1006 3309 instrumentum
1022 3250 1144 3324 scriptor
1158 3251 1299 3306 maneret.
1315 3242 1385 3302 Con·

310 3342 356 3397 ira
374 3356 460 3418 vero,
472 3343 498 3400 si
510 3343 596 3404 divus
615 3350 697 3421 pater
713 3344 808 3404 Bibiia
820 3346 920 3406 eadem
933 3347 1050 3405 nonnisi
1066 3345 1175 3422 ingenii
1192 3343 1314 3403 humani
1332 3340 1385 3399 loe·

309 3442 373 3495 tum
399 3455 434 3497 ac
464 3447 577 3515 praeter
608 3443 827 3518 inspirationem
861 3450 1007 3520 noverat,
1035 3444 1127 3502 cidem
1158 3441 1240 3501 nulla
1276 3442 1384 3500 ratione

310 3547 349 3592 ex
385 3536 445 3613 iis,
463 3543 562 3614 utpote
585 3538 679 3598 divini
702 3541 791 3618 libri,
816 3546 846 3600 et
866 3541 1079 3617 scripturarum
1107 3547 1229 3617 partita,
1263 3537 1384 3615 plurima

309 3633 475 3692 maumonii
485 3635 627 3695 sumenda
639 3636 751 3714 forent,
765 3655 859 3715 neque
868 3641 1002 3715 nonine,
1022 3655 1115 3716 neque
1134 3635 1293 3697 honoribus
1305 3635 1382 3710 paria

309 3729 502 3810 existimanda
518 3732 576 3792 illis
591 3733 846 3797 Proto-Canonicis
878 3739 961 3813 quasi
985 3737 1053 3798 libri
1072 3738 1164 3796 divini
1180 3779 1189 3814 ,
1208 3739 1316 3812 scripta
1339 3747 1381 3790 sa·

309 3841 384 3903 eru,
404 3827 451 3886 vel
463 3829 644 3908 prophetica,
667 3839 700 3892 ut
720 3839 805 3893 antea
824 3837 916 3912 egisse
938 3836 1071 3912 ostendi;
1090 3835 1130 3894 ad
1146 3851 1312 3909 summum,
1333 3829 1380 3888 do·

309 3927 372 3980 otor
395 3926 611 4004 aestimatione,
641 3933 671 3988 et
698 3933 868 3991 auctoritate
891 3949 940 3992 eos
960 3939 1146 4008 exornasset,
1165 3949 1255 4010 quam
1272 3926 1380 4004 scriptis

296 4021 301 4025 ”
308 4017 453 4094 Ecclesiae
464 4023 632 4101 doctorum,
645 4028 695 4102 qui
712 4044 779 4086 eum
791 4036 1024 4106 praecesserunt,
1039 4032 1213 4108 impertivit,
1228 4028 1306 4106 quod
1321 4023 1378 4084 nul·

310 4114 363 4176 libi
382 4117 462 4196 feeit,
483 4117 538 4180 nec'
550 4125 736 4199 excogitauit.

348 4213 451 4294 Certo,
471 4217 555 4278 nobis
577 4220 749 4298 Hieronymi
762 4223 871 4300 zelum,
896 4230 924 4284 et
948 4227 1079 4284 aninum
1098 4225 1176 4284 illius
1196 4227 1375 4286 effervescen-

264 4355 265 4358 ,
308 4316 377 4390 iem,
393 4319 479 4392 atque
490 4321 612 4380 aetatem
624 4320 869 4400 condonantibus,
882 4323 982 4386 doctor
996 4326 1107 4386 cunctis
1129 4331 1243 4400 praesto
1254 4325 1306 4384 erit
1318 4327 1385 4398 tum¹
