3094 5184
837 343 997 402 ..80-

414 465 449 530 ln
470 471 780 544 postremooap.111.
810 461 882 522 dieii
905 459 1086 521 historiens:
1120 483 1132 509 α
1167 451 1204 519 iss
1229 465 1415 530 emtamuatm

372 571 418 626 est
436 568 512 624 inter
531 562 615 624 linha
634 567 663 622 et
682 559 885 638 Scythopolis,
907 565 1020 620 eierat
1046 557 1089 618 ibi
1113 562 1186 630 μῆνα
1204 557 1294 630 impis
1311 579 1416 628 mensem

374 663 488 725 dierum
510 669 596 722 ete.»
622 660 702 720 liaeo
730 658 874 719 voeabula
903 675 1030 718 monem
1059 656 1175 718 diuum
1200 657 1321 720 hebraeis
1344 659 1418 724 olom

287 784 291 790 ·
372 761 530 840 peculiaria
549 757 705 834 hahentur,
725 758 810 835 qnasi
829 757 949 832 dioeret,
967 770 1019 833 per
1039 771 1168 816 mensem
1181 757 1317 834 integrum
1333 763 1421 822 mansi

373 861 415 920 ihi
433 862 578 922 exereitus
591 857 768 918 holofernis.
787 855 825 933 (1)
842 856 888 915 Ita
899 857 931 914 in
947 854 1083 915 Numerio
1105 855 1211 932 legitur
1228 871 1237 914 z
1261 879 1274 906 s
1292 865 1363 922 uiti
1383 867 1420 927 'ill

376 967 465 1029 mant
488 961 509 1019 i.
531 973 558 1018 e.
580 956 680 1034 Usque
700 956 739 1017 ad
759 970 889 1014 mensem
908 952 1034 1013 dierum.
1048 976 1062 1003 ι

416 1054 522 1134 Populi
540 1071 641 1134 preses
663 1055 708 1133 (1)
732 1071 768 1116 ao
790 1051 1008 1114 humiliationes
1027 1065 1168 1110 enarrans
1192 1051 1310 1126 seriptor
1333 1053 1368 1112 sit
1386 1051 1425 1113 Se·

379 1155 538 1231 seriores,
563 1155 674 1216 indutis
704 1155 828 1228 saeris,
858 1150 966 1210 oilerre
993 1149 1165 1212 holocausta
1184 1151 1232 1204 ses
1249 1147 1427 1224 iniunxerat,

375 1256 421 1312 ml
443 1255 490 1318 τάς
508 1252 589 1325 sixti<
598 1288 608 1320 ,
626 1252 671 1307 καί
692 1253 725 1305 sa
742 1250 851 1306 ἑκούσια
862 1249 966 1322 δόματα
978 1249 1025 1302 τοῦ
1037 1250 1116 1310 λαοῦ,
1131 1252 1195 1310 (με,
1211 1251 1428 1331 analduitflflp‚et

375 1363 446 1418 vota
460 1361 490 1417 et
500 1357 669 1418 voluntaria
678 1355 756 1414 done
769 1353 881 1430 popuii.
894 1351 974 1410 liaeo
988 1351 1095 1426 potiori
1104 1351 1334 1426 interpretatione
1345 1351 1429 1415 ionae

375 1459 447 1532 tur,
468 1456 635 1532 praemissis
655 1451 808 1528 fontibus,
828 1450 906 1512 unde
929 1447 1073 1508 transisse
1097 1454 1177 1508 sunt
1199 1449 1253 1503 Τοῦ
1270 1447 1428 1522 isrsispspes

374 1553 396 1613 i.
418 1569 446 1614 a.
463 1554 662 1631 pereores‘tois's
682 1550 838 1628 respondet
858 1557 944 1614 iiiiii
965 1556 1025 1614 iiii
1047 1551 1069 1608 1.
1091 1567 1119 1610 e.
1141 1546 1220 1608 dimo
1239 1549 1272 1608 ire
1290 1547 1428 1628 dismas

375 1649 457 1727 pulis
480 1648 604 1726 dieite,
625 1649 736 1710 seilioet
758 1647 928 1708 holocausta
945 1645 1127 1726 qnotdiam.
1151 1644 1254 1717 Ἐυχὲς
1278 1647 1375 1709 aare
1393 1668 1430 1710 an-

376 1754 435 1808 tem
461 1747 541 1826 quod
562 1763 665 1826 graece
684 1749 810 1806 sumitur
829 1759 884 1823 pro
903 1745 1060 1825 member,
1085 1753 1115 1808 et
1129 1748 1217 1808 simui
1233 1751 1382 1827 prouoiis,
1398 1749 1432 1810 hio
1498 1797 1499 1806 ,

377 1849 519 1924 eeeipitur
538 1863 591 1924 pro
610 1843 698 1906 retro
719 1849 786 1906 uoto
804 1848 977 1923 memoro,
997 1851 1027 1906 et
1046 1847 1102 1906 hae
1123 1846 1332 1924 signiileahone
1349 1849 1432 1925 gaulo

376 1947 409 2004 in
428 1945 530 2022 lingua
549 1943 705 2020 hebraica,
726 1943 778 2003 ubi
800 1953 865 2011 iii
886 1943 976 2004 aeder
988 1948 1088 2004 nouem
1109 1946 1172 2004 slve
1183 1946 1338 2023 promissio
1350 1946 1383 2006 ed
1396 1947 1433 2006 aii

377 2042 449 2120 quid
471 2041 634 2120 agendum,
658 2042 800 2118 aeolpitnr
823 2057 878 2118 pro
901 2057 934 2102 re
958 2048 1029 2103 voto
1048 2045 1213 2120 promissa,
1240 2045 1283 2103 uti
1306 2059 1350 2103 es.
1370 2046 1433 2122 pin

375 2141 524 2202 lautino:
550 2165 563 2192 ι
584 2139 615 2200 Si
634 2155 672 2200 ex
685 2145 776 2216 voto,
795 2139 842 2199 vei
856 2146 959 2217 sponte
972 2140 1068 2202 hostia
1083 2140 1192 2201 oblatio
1212 2143 1278 2219 eius
1300 2145 1351 2202 erit
1361 2148 1406 2202 ete.
1423 2169 1432 2194 ι

381 2237 462 2300 idem
487 2237 554 2298 aliis
573 2241 605 2297 in
626 2238 708 2300 loeis.
851 2275 854 2280 -

418 2337 610 2417 Assyriorum
630 2337 849 2400 multitudinem
868 2338 1006 2400 dasenbit
1025 2355 1106 2416 saeer
1126 2340 1286 2402 historiens
1300 2339 1432 2401 illesum«

377 2445 429 2500 itis
454 2444 614 2513 ιἰλείξουσιν
639 2441 710 2501 οὗτοι
729 2448 759 2500 sc*
780 2445 913 2520 πρόσωπον
941 2447 989 2510 τῆς
1011 2451 1061 2518 γῆς
1081 2449 1188 2513 πάσης,
1203 2451 1251 2503 sai
1279 2449 1336 2504 οὔτε
1357 2449 1384 2503 rel
1402 2447 1435 2523 lgr

377 2545 412 2600 roi
436 2544 552 2616 ὑψηλαὶ,
573 2547 631 2601 orire
650 2547 680 2600 αι’
700 2547 859 2620 φάραγγες,
889 2547 949 2604 οὔτε
969 2549 993 2602 os'
1011 2548 1099 2615 βουνοῖ
1124 2549 1361 2610 assumeremus*
1377 2549 1434 2621 βάρος
1503 2570 1504 2652 p

378 2640 462 2696 aisis
484 2639 524 2717 (a)
536 2640 592 2700 ie.
614 2639 700 2700 Nune
720 2639 856 2702 claudent
875 2643 924 2702 isti
943 2642 1049 2702 faeiem
1068 2648 1165 2702 terrae
1183 2645 1305 2721 omnis,
1324 2651 1351 2704 et
1367 2659 1437 2721 umus

378 2748 493 2803 montes
512 2739 642 2816 exeelsl,
664 2755 758 2816 neque
778 2743 950 2818 voragines,
972 2757 1066 2818 neque
1086 2741 1175 2802 eolles
1194 2742 1376 2803 sustinebunt
1389 2758 1439 2818 pus

369 2839 436 2918 ,dns
456 2853 596 2898 somma
620 2837 738 2915 Integra
760 2837 833 2898 haee
854 2841 1000 2899 sententia
1022 2838 1213 2900 hebraeorum
1235 2841 1336 2917 phrasi
1350 2838 1439 2900 oonlor·
1502 2905 1504 2916 Ι

378 2943 497 3013 matur,
517 2952 592 3014 quae
605 2939 774 3013 saepissime
789 2938 820 2996 in
839 2953 940 2997 eorum
958 2938 1107 2998 eodioibus
1126 2940 1277 3017 ooeurrit,
1298 2941 1438 2999 amantes

378 3033 556 3096 vocabulum
577 3033 657 3106 ideas
672 3033 811 3114 modes,
832 3035 912 3112 quod
930 3052 1035 3112 pamm
1052 3036 1195 3096 satisfacit
1209 3037 1321 3097 latinae
1333 3051 1365 3096 ae
1379 3051 1438 3113 grae

381 3149 432 3195 eae
456 3133 596 3212 dietioni;
617 3136 734 3194 sivero
754 3133 828 3194 illud
844 3149 862 3193 e
878 3132 1008 3194 ienhhus
1028 3133 1172 3194 hebraicis
1193 3143 1271 3200 'm
1293 3128 1442 3212 prooessit

378 3235 557 3310 arserimus,
577 3239 693 3310 praesto
710 3233 766 3291 erit
784 3231 970 3309 significatio,
985 3239 1098 3308 praeter
1117 3232 1249 3310 diuum,
1271 3233 1361 3293 altera
1374 3235 1442 3290 meta

378 3329 499 3408 phoriea
519 3328 812 3409 septemontium,
833 3331 878 3388 uti
892 3332 1032 3406 aoeipitur
1054 3347 1073 3391 a
1097 3330 1244 3408 Propheta
1263 3331 1394 3404 Nahum,
1413 3326 1439 3402 (1)

379 3435 409 3489 et
429 3429 585 3492 multitudo
599 3429 754 3489 transfossi
775 3437 844 3494 'rin
866 3437 957 3499 πῃ)
980 3432 1002 3490 1.
1024 3447 1051 3491 e.
1074 3437 1104 3490 et
1123 3447 1197 3490 oeus
1220 3431 1285 3490 sive
1306 3423 1442 3488 multitudo

379 3527 531 3590 remearis
551 3527 701 3588 oolleotive
720 3533 871 3606 sumptum
889 3545 944 3607 pro
967 3526 1211 3606 transferremus,
1236 3534 1267 3588 et
1282 3526 1442 3606 neudoeeau

380 3628 477 3704 eopia.

420 3723 568 3784 Excubiae
589 3741 660 3784 vero
682 3724 874 3804 Assyriorum
897 3725 1042 3786 dnoehant
1067 3724 1221 3785 Jnslithsm
1250 3724 1290 3800 (5)
1312 3723 1350 3782 ad
1374 3719 1443 3779 iloto

381 3817 516 3898 fernam,
537 3825 649 3900 etipsa
675 3825 848 3900 loquebatur
877 3824 915 3884 ad
943 3842 993 3884 ees
1021 3824 1143 3884 disens:
1174 3823 1267 3900 «ligo
1291 3817 1443 3882 veniamin

378 3925 536 3995 eonspeetu
562 3921 640 3981 illins
664 3925 821 3982 enunciare
843 3923 935 3982 verba
960 3925 1093 3982 serimus
1194 3926 1225 3981 et
1250 3923 1313 3997 ipse
1337 3919 1443 3996 potietur

379 4016 515 4078 omnibus
537 4019 706 4098 montibus,
728 4024 773 4076 καὶ
797 4020 827 4076 oo’
843 4021 994 4093 διαφωνήσει
1020 4022 1066 4074 τῶν
1090 4018 1183 4093 ἀνδρῶν
1206 4016 1288 4074 αὑτοῦ
1312 4015 1376 4088 σάρξ
1389 4011 1442 4086 μία,

421 4212 455 4274 (1)
477 4217 550 4264 Num.
575 4230 596 4264 e.
617 4219 659 4267 xi.
686 4225 724 4268 iii.
748 4244 778 4256 -
798 4218 832 4284 (i)
851 4219 938 4270 iudith
961 4221 1091 4271 c.1v.14.
1113 4245 1143 4259 -
1162 4217 1197 4284 (3)
1216 4218 1304 4270 ludilh
1324 4215 1405 4267 evii.
1426 4211 1443 4258 l·

374 4319 403 4330 -
421 4294 456 4357 (1)
486 4297 591 4347 sunm
612 4313 634 4346 o.
659 4299 702 4346 ru.
728 4305 751 4348 a.
774 4325 804 4338 -
826 4297 931 4363 (struo.
945 4301 1001 4350 ex
1035 4304 1071 4351 ss.
