3096 5168
808 361 848 373 ···
869 345 923 388 xv}
945 359 985 372 ····

360 473 444 526 non
470 441 583 552 quod
607 442 722 522 multi
749 459 844 522 sunt
870 443 997 540 Caeli,
1021 443 1230 522 nonenim
1249 444 1327 524 hoc
1353 470 1431 524 nos

360 578 498 658 docuit
514 578 654 656 heatus
672 574 848 682 Moyses,
871 573 942 682 sed
961 572 1074 681 quod
1089 603 1174 654 mos
1185 592 1253 655 est
1271 575 1433 684 linguae

361 711 571 790 hebraicae
591 737 714 790 unam
737 735 819 787 rem
836 709 1044 787 nominare
1065 707 1212 814 plurali
1236 736 1430 806 numer0;

361 845 458 951 quia
478 845 510 922 si
524 841 638 922 multi
656 858 804 940 essent,
834 868 920 920 non
937 839 1129 920 omisisset
1147 839 1318 948 Spiritus
1335 840 1437 920 San-

362 993 449 1058 ctus
478 1004 551 1084 per
583 975 759 1084 linguam
796 975 1042 1082 Prophetae,
1077 974 1244 1080 quinat
1273 974 1436 1056 illorum
1546 1047 1547 1054 ,

362 1109 639 1190 formationem
669 1137 743 1189 uos
771 1107 945 1188 doceret.
985 1107 1093 1187 Haec
1116 1106 1325 1217 diligenter
1355 1137 1437 1188 ser·

365 1262 469 1343 vate,
487 1243 675 1341 obsecro,
696 1260 743 1320 ut
766 1243 923 1350 possitis
940 1244 1148 1323 obstruere
1180 1271 1250 1322 ora
1272 1269 1434 1341 eorum,

364 1379 436 1484 qui
458 1378 657 1456 contraria
678 1375 947 1456 ecclesiasticis
968 1373 1164 1454 doctrinis
1173 1374 1375 1490 efferunt,
1396 1394 1437 1454 et
1545 1445 1547 1492 ,

365 1509 532 1606 videatis
549 1512 736 1588 virtutem
755 1537 915 1608 eorum,
938 1536 1043 1616 quae
1063 1509 1106 1591 in
1124 1497 1329 1615 Scriptura
1346 1536 1438 1586 con·

364 1645 557 1724 tinentur.
580 1678 598 1718 a
630 1644 805 1722 Noverat
827 1640 945 1721 divus
970 1642 1143 1722 loannes
1163 1669 1348 1749 syrorum
1367 1642 1439 1720 lin·

366 1805 503 1884 guam,
532 1774 644 1883 quod
667 1776 761 1855 alibi
793 1777 897 1855 clare
921 1775 1141 1883 excipitur,
1171 1803 1217 1854 ac
1240 1777 1356 1855 ctiam
1382 1775 1437 1854 ob

366 1911 576 1990 hebraicae
611 1907 780 1990 dialecto
820 1907 1054 1988 affinitatem
1093 1908 1214 2017 hujus
1251 1909 1435 2016 linguae,

366 2042 632 2122 hebraeorum
651 2042 862 2139 sermonis,
893 2059 976 2122 ute
995 2041 1076 2120 suis
1093 2042 1250 2149 scriptis
1267 2059 1437 2142 constat,
1546 2089 1547 2146 1

366 2171 519 2285 peritus
539 2174 712 2257 videtur.
1546 2151 1547 2166 ἵ

419 2312 479 2387 Dc
506 2308 736 2416 Epiphanio
765 2325 939 2414 martyre
976 2311 1103 2407 sileo,
1136 2311 1208 2416 qui
1241 2309 1442 2388 hebraeus
1545 2291 1547 2332 l

367 2444 540 2547 origine,
571 2469 617 2520 ac
635 2439 915 2540 Theodoreto,
932 2442 1126 2550 aliisque,
1146 2441 1219 2548 qui
1241 2469 1287 2522 ea
1312 2461 1441 2525 aetate
1546 2525 1547 2542 ,

365 2572 416 2654 ad
425 2572 722 2681 Scripturarum
740 2576 1106 2682 interpretationem
1122 2575 1351 2682 linguarum
1372 2577 1442 2656 he-

366 2708 485 2788 breae
521 2725 560 2787 et
590 2708 764 2814 syriacae
804 2710 985 2817 peritiam
1009 2725 1283 2816 comparantes
1311 2709 1443 2789 excel·
1546 2681 1547 2710 Χ

367 2842 489 2921 luere.
507 2840 662 2921 Saeculi
686 2843 784 2920 sexti
814 2843 958 2942 initio,
987 2839 1163 2921 Isidorus
1191 2843 1353 2920 natione
1380 2841 1445 2920 hi·
1546 2929 1547 2944 ,

368 3003 530 3083 spanus,
542 2975 760 3056 virtutihus
773 2995 812 3056 et
830 2977 1057 3056 christianis
1076 2976 1253 3055 scientiis
1272 2975 1445 3055 ornatis-
1546 2971 1547 2974 '

367 3109 502 3206 simus,
519 3108 748 3216 linguarum
768 3096 935 3218 quoque
956 3111 1300 3218 latinae,graecae,
1312 3089 1359 3187 ac
1376 3109 1444 3186 he·
1546 3097 1547 3108 ¹

366 3241 525 3320 braioae
560 3243 703 3350 peritia
733 3244 931 3323 excelluit.
967 3243 1156 3322 Aurelius
1178 3239 1323 3322 deinde
1350 3241 1445 3322 Cas·

367 3373 551 3456 siodorus
577 3378 706 3484 capite
719 3377 810 3455 XV.
838 3376 888 3455 de
907 3376 1053 3456 divinis
1065 3375 1326 3472 lectionibus;
1363 3375 1442 3452 sub

365 3534 448 3613 qua
482 3511 668 3588 cautione
693 3527 857 3618 rogatus
885 3509 961 3617 legi
987 3508 1130 3588 debeat
1161 3507 1336 3588 caelestis
1372 3535 1444 3585 au-

366 3641 547 3740 ctoritas3
568 3641 807 3750 respondet:
833 3676 852 3715 a
874 3641 1038 3751 quodsi
1061 3661 1194 3723 tamen
1221 3641 1301 3734 alia
1318 3639 1442 3722 verba

327 3831 328 3834 ,
365 3775 620 3881 reperiuntur
641 3775 813 3856 absurde
832 3778 982 3884 posita,
1013 3774 1212 3885 intrepide
1240 3774 1443 3882 corrigen-

364 3907 416 3987 da
436 3926 530 3987 sunt
552 3938 601 3988 ex
620 3911 682 3988 his
699 3909 925 4010 codicibus,
947 3940 1051 4019 quos
1071 3911 1212 3990 beatus
1235 3908 1439 4015 Hierony-

366 4073 454 4126 mus
476 4045 519 4122 in
551 4043 829 4125 emendatione
855 4044 1134 4154 Septuaginta,
1170 4044 1232 4121 vel
1263 4041 1442 4140 axillis,
1504 4124 1510 4132 ,

365 4204 468 4284 quos
484 4175 549 4256 ‘de
583 4179 757 4259 hebraeo
789 4179 1021 4274 transtulit;
1061 4195 1130 4256 aut
1164 4178 1266 4256 sicut
1299 4174 1443 4254 beatus
