3070 5180
558 363 718 418 ..pq-

438 566 773 630 Paorosfflo
801 569 850 628 11.

172 761 324 822 Doctrina
339 759 487 822 Ecclesiae
504 762 671 836 Rmnonoc,
692 767 726 822 ct
744 763 869 822 Latinae
887 759 924 820 de
942 760 1104 838 Scriptum

200 858 512 920 Denteroiloaouicis.
526 859 553 919 A
565 859 681 920 soeculo
687 862 787 937 priato
798 875 890 936 usque
901 857 942 918 ut
953 864 1080 918 saalum.

134 1053 165 1129 s.
187 1053 211 1112 1.
238 1052 385 1114 Ecclesiae
393 1054 542 1114 Romanae
554 1057 586 1112 in
599 1054 772 1132 magistrum
783 1053 939 1130 Apostolus
960 1053 1010 1113 ille
1020 1057 1097 1112 sorte
1109 1051 1184 1112 obti-

97 1151 150 1226 git,
162 1151 219 1226 qui
228 1149 329 1210 divino
343 1148 451 1225 Spiritu
464 1150 645 1212 illinninatus
655 1150 815 1212 salvatoris
826 1150 1014 1226 postulationi
1024 1149 1182 1226 respondit:

100 1271 112 1298 ι
127 1247 180 1306 Τιι
200 1263 232 1306 es
250 1247 382 1308 Christus
397 1247 474 1308 iilius
491 1248 545 1308 Dei
557 1251 620 1308 vivi
635 1275 648 1300 a
662 1267 673 1326 3
686 1251 791 1325 cuique
801 1248 934 1308 Salvator
944 1247 1022 1308 idem
1034 1249 1185 1323 potissimo

95 1343 301 1404 oblectationis
326 1347 410 1421 signo
433 1344 583 1422 arridem,
606 1345 653 1406 his
674 1346 770 1406 verbis
791 1347 904 1422 inquit:
931 1369 944 1396 α
971 1344 1009 1404 Et
1035 1361 1090 1420 eqo
1117 1343 1184 1402 dieo

96 1439 166 1516 ubi,
188 1443 260 1516 quta
276 1448 310 1502 m
326 1457 358 1502 es
376 1441 500 1518 Petrus,
520 1449 550 1502 et
568 1459 654 1518 super
673 1443 751 1502 hanc
768 1442 885 1502 Petram
906 1440 1064 1502 aedificabo
1085 1440 1183 1500 Eccle-

96 1539 174 1598 siam
191 1554 300 1600 meam:
320 1563 332 1590 r
359 1563 372 1590 α
388 1539 473 1600 itanc
485 1539 601 1600 Petram
612 1539 808 1616 immobilem,
818 1543 905 1616 juxta
914 1539 1086 1616 Eusebium,
1101 1553 1183 1613 prae·

95 1641 248 1712 prunum
277 1636 454 1714 reliquorum
481 1640 612 1700 omnium
640 1637 847 1714 Apostolorum
870 1637 956 1698 tantia
975 1636 1140 1712 Principem
1165 1649 1184 1694 a

96 1733 403 1810 improtectum,
421 1733 524 1812 Syriae
542 1742 573 1795 et
590 1735 730 1796 Graeciae
748 1734 914 1812 regionibus
934 1735 1113 1810 peragratis,
1134 1732 1183 1792 be·

96 1832 191 1908 mgna
211 1829 266 1890 Dei
284 1831 469 1907 providentia
488 1834 577 1893 totius
592 1832 849 1909 manducatoris,
873 1832 998 1892 Romam
1018 1845 1120 1890 versus
1145 1828 1185 1888 ad

97 1927 302 2004 hujuscemodi
323 1929 492 2005 pestitmam
515 1932 595 1990 vitae
620 1929 767 1990 humanae
792 1929 985 2006 corruptelam
1010 1927 1182 2003 delendam,

99 2029 187 2104 quasi
201 2043 294 2086 mauu
306 2027 437 2088 (11111111.
457 2053 469 2080 υ
487 2028 525 2088 Et
535 2031 642 2105 quippe
660 2044 735 2104 quae
754 2030 818 2104 ipsa
837 2035 908 2088 timo
926 2029 1064 2103 temporis
1084 2028 1185 2102 regina

99 2124 204 2184 mundi
223 2123 353 2202 sedebat,
367 2127 399 2184 in
415 2141 451 2185 ea
464 2125 597 2186 Salvator
610 2126 730 2185 Petrum
747 2128 921 2184 constituere
931 2125 1039 2199 voluit,
1051 2130 1084 2183 ut
1096 2125 1184 2182 etiam

101 2223 130 2280 ia
149 2221 208 2282 hae
227 2237 259 2282 re
276 2223 398 2300 siugulis
417 2223 495 2284 illius
514 2222 686 2300 dignitatem
702 2222 880 2300 ostenderet,
894 2223 1119 2296 universamque
1132 2235 1184 2278 au·

101 2321 278 2395 canutam,
292 2336 352 2397 qua
368 2337 386 2379 a
400 2319 460 2380 Deo
477 2319 572 2382 fuerat
593 2327 729 2396 ornatus,
750 2319 996 2397 quemadmodum
1011 2317 1185 2378 universalis

101 2422 163 2478 erat
181 2415 271 2476 Urbis
289 2420 463 2496 auctoritas,
486 2433 576 2495 quam
595 2417 634 2478 ad
647 2418 830 2478 incolendam
846 2419 937 2478 venit.

140 2511 298 2592 Proiecto,
309 2515 391 2576 11110
400 2515 488 2576 modo
505 2519 606 2594 negari
620 2523 725 2593 potest,
739 2515 901 2576 doctrinam
915 2514 1111 2591 Apostollcam
1124 2529 1186 2572 esse

104 2611 202 2688 iilam,
227 2628 316 2688 quam
338 2613 394 2674 hac
415 2617 447 2672 in
463 2617 631 2690 quaestione
648 2613 887 2689 enunciabimus,
907 2612 977 2672 dum
997 2612 1121 2688 Petrus,
1143 2613 1186 2670 ia·

104 2725 210 2786 mam,
233 2725 268 2770 ac
281 2725 349 2770 cum
366 2727 400 2770 eo
412 2711 523 2772 Paulus
536 2711 692 2788 Apostolus
704 2710 791 2789 paulo
803 2717 869 2787 past
879 2709 986 2770 Christi
999 2709 1069 2768 iesu
1081 2709 1188 2768 Ascen-

102 2811 232 2887 amnem,
246 2811 278 2868 in
295 2811 371 2870 hanc
383 2811 578 2888 Metropolim,
588 2811 805 2889 Redernptionis
821 2812 898 2872 illius
911 2825 1000 2870 causa
1017 2809 1186 2886 praedican-

101 2905 170 2983 dae,
200 2906 329 2968 adivere.
359 2883 513 2968 Doctrluae
542 2908 649 2970 Christi
667 2925 783 2986 semen,
803 2908 883 2986 quod
912 2907 1044 2985 Apostoli
1069 2909 1101 2966 in
1131 2907 1187 2966 hae

102 3005 220 3063 civitate
238 3002 383 3080 alludere,
399 3021 467 3066 vere
484 3007 517 3065 in
534 3013 643 3066 terram
662 3007 769 3066 mnam
794 3005 913 3082 cecidit,
928 3012 958 3066 et
969 3005 1096 3066 smmum
1120 3019 1188 3079 pro·

102 3101 169 3160 tulit
193 3099 289 3177 adeo,
307 3108 342 3161 ut
357 3101 514 3178 Apostolus
529 3103 607 3162 idem
625 3105 664 3163 ad
682 3119 732 3164 eos
749 3103 877 3162 scribens
896 3103 1020 3162 multet:
1048 3127 1061 3152 α
1083 3100 1188 3160 Vestra

103 3199 180 3256 mim
189 3197 356 3258 obedientia
374 3201 407 3259 in
423 3217 540 3262 omnem
552 3202 649 3260 locum
660 3201 811 3277 divulgata
820 3206 879 3276 est,
891 3206 921 3260 et
930 3202 962 3258 11
980 3215 1055 3275 qua,
1069 3198 1188 3256 Irenaeo

102 3299 185 3372 tate,
196 3295 332 3372 namna,
346 3313 421 3374 quae
434 3297 472 3357 ab
484 3298 631 3373 Apostolis
644 3303 699 3374 est,
709 3313 822 3373 semper
838 3301 954 3358 servata
963 3295 1029 3354 tuit.
1043 3317 1057 3346 a
1067 3293 1111 3352 Ac
1122 3299 1187 3352 tan·

105 3391 171 3452 (1111
190 3396 342 3470 perspicue
359 3394 462 3454 haeca
480 3395 550 3471 (ieje
564 3397 703 3471 scriptore
721 3396 912 3454 oeclesiastieo
929 3391 1047 3454 secundi
1067 3391 1187 3468 saeculi,

104 3491 134 3548 tn
160 3505 217 3550 sua
235 3495 338 3550 cenna
350 3490 487 3552 Proclum
505 3491 682 3552 haereticum
705 3491 899 3567 disputatore
917 3489 955 3550 de
970 3488 1028 3550 illis
1042 3487 1189 3566 Apostolis

106 3585 253 3664 loqqente,
265 3587 429 3650 tinuantnr.
450 3588 488 3665 (1)
507 3613 519 3643 ι
541 3589 621 3667 Ego,
635 3591 746 3666 inquit,
758 3587 963 3664 Apostolorum
974 3585 1113 3664 trophaea
1125 3601 1189 3662 pos·

105 3699 167 3742 111
181 3684 343 3744 ostendere.
359 3685 435 3744 Nam
452 3688 478 3745 si
495 3686 575 3746 lubet
588 3689 619 3745 iu
631 3687 805 3747 Vaticanum
819 3685 974 3763 proticisci,
989 3685 1187 3757 satiantem,

106 3797 177 3856 quae
199 3781 363 3842 Hostiensis
384 3783 506 3860 dicitur,
528 3791 558 3843 te
576 3783 723 3861 oonterre,
743 3783 882 3860 trophaea
901 3799 1017 3860 eorum,
1038 3782 1089 3858 qui
1101 3783 1188 3840 istam

108 3877 267 3939 Ecclesiam
283 3895 337 3939 suo
357 3895 489 3941 sermone
509 3887 538 3942 et
554 3883 662 3940 virtute
683 3881 901 3956 stabiliverunt,
924 3881 1064 3938 iuvenies.
1084 3903 1097 3928 »2

143 3975 207 4036 lloc
225 3979 258 4036 in
276 3975 357 4055 loco,
377 3980 433 4054 lis,
453 3978 581 4054 quaeda
602 3977 758 4054 scripturis
777 3975 916 4038 Secundis
939 3977 1045 4036 veteris
1065 3974 1188 4034 laederis

108 4075 258 4134 asnmmis
274 4073 462 4166 Pontificibus
476 4081 584 4135 statuta
598 4083 678 4153 sunt,
690 4078 722 4135 11
736 4075 857 4136 alteram
871 4081 981 4154 partem
995 4071 1188 4148 demandatis,

135 4290 168 4355 (1)
183 4291 254 4358 Apud
265 4291 400 4345 Eusebium
419 4293 481 4346 llist.
493 4294 558 4346 broi.
573 4293 615 4346 lib.
628 4295 671 4344 111.
684 4307 705 4344 o.
718 4297 756 4347 tt.
