3070 5180
556 405 597 420 ·-
617 391 670 434 xm
691 405 732 420 ···

115 516 280 599 guarum
300 488 531 586 hebraicae,
562 505 602 568 et
629 515 817 596 graecae,
848 505 887 566 ct
914 488 1081 568 aliarum
1109 516 1178 596 pe-

115 621 195 702 ritia
221 619 319 701 fidei
344 621 538 701 obessent.
569 621 709 720 Absit,
750 621 969 700 christiano
1004 619 1177 728 dogmati

113 755 206 834 nihil
232 754 362 834 officit
391 753 581 834 studium.
1059 745 1066 762 “

159 888 292 966 Priori
309 887 503 967 Ecclesiae
530 913 647 984 aevo,
674 903 719 964 ut
737 913 832 964 mox
851 885 1046 984 dicebam,
1072 885 1178 966 viros

112 1021 253 1100 Divina
282 1019 538 1100 Providentia
567 1035 726 1100 vocatos
755 1019 922 1126 legimus
941 1047 1080 1099 eorum
1104 1035 1179 1098 stu·

111 1151 179 1233 diis
203 1154 319 1233 vario
350 1153 499 1233 intuitu
531 1153 720 1260 sumptis,
749 1169 788 1230 et
815 1151 1044 1260 linguarum
1071 1153 1176 1261 peri-

110 1287 158 1366 tia
182 1315 341 1368 summa
362 1287 560 1368 alacritate
583 1287 827 1366 haereticum
843 1305 1085 1393 persecutos.
1117 1284 1177 1365 Si-

111 1445 155 1499 ne
178 1421 301 1500 armis
335 1421 507 1528 pugnari
537 1447 620 1500 non
648 1436 805 1526 potest;
836 1448 882 1500 ac
907 1419 1024 1499 simul
1063 1421 1176 1527 igno-

111 1555 232 1632 rantia
272 1553 480 1652 militaris,
511 1570 557 1633 ut
589 1554 643 1632 ita
676 1551 829 1651 dicam,
860 1570 900 1633 et
934 1555 1055 1632 timor
1087 1552 1178 1632 nul·

113 1686 187 1764 lum
208 1714 394 1794 unquam
419 1715 441 1766 e
464 1687 600 1766 castris
621 1686 834 1766 hostilibus
857 1687 1078 1766 evellerunt
1103 1705 1179 1764 tro·

113 1819 296 1927 phaeum.
340 1820 508 1899 Veritati
538 1819 780 1918 innitimur,
822 1820 924 1900 nihil
952 1817 1177 1898 timendum

27 2047 28 2068 ,
113 1969 188 2051 est;
215 1951 390 2034 offertur
412 1953 530 2034 nobis
563 1955 812 2033 saeculorum
837 1953 988 2050 series,
1019 1969 1178 2032 nostrae

27 2069 28 2082 ἵ
114 2083 315 2166 doctrinae
338 2086 638 2184 vadimonium,
669 2087 779 2166 orbis
800 2103 907 2166 totus
929 2086 1048 2166 nobis
1075 2083 1178 2192 obji-

27 2279 28 2302 ,
115 2220 232 2318 citur,
265 2219 342 2328 qui
357 2237 513 2299 nostrae
531 2219 625 2300 fidei
653 2221 857 2298 veritatem
879 2218 1055 2315 extollit3
1077 2219 1179 2298 inest

115 2352 221 2432 nobis
239 2352 405 2434 tandem
427 2350 621 2461 Spiritus,
652 2353 725 2462 qui
743 2381 814 2432 sua
838 2353 963 2460 gratia
985 2379 1059 2431 nos
1081 2352 1175 2459 agit,

116 2485 309 2584 vivificat,
341 2503 379 2565 et
411 2485 622 2566 confortat.

26 2699 27 2706 χ
161 2619 296 2700 Alacri
327 2621 487 2717 animo,
519 2620 665 2725 igitur,
696 2637 736 2698 et
763 2618 877 2699 lirmo
907 2617 1038 2698 studia
1071 2644 1179 2696 sacra

26 2775 27 2836 3
117 2751 322 2850 ineamus,
356 2754 438 2832 vias
474 2751 712 2859 deligentes,
742 2751 892 2860 quibus
927 2750 1180 2832 difficultates

118 2881 261 2966 lacilius
301 2885 562 2966 resolvantur.
605 2883 900 2992 Scripturarum
932 2885 1033 2964 liber
1059 2911 1181 2991 nego-

118 3018 206 3096 tium
232 3035 394 3116 exstat,
432 3017 545 3126 quod
569 3045 665 3126 prae
694 3019 778 3097 aliis
814 3019 918 3097 inter
954 3015 1181 3124 pugnantes

119 3175 223 3258 saepe
250 3169 442 3260 apparet,
468 3178 516 3231 eo
541 3153 663 3260 magis
687 3148 800 3257 quod
831 3149 952 3230 hodic
978 3149 1079 3229 liber
1110 3149 1181 3228 iste

119 3309 202 3389 prae
223 3285 412 3366 manibus
440 3288 620 3364 omnium
647 3282 866 3380 habeatur,
897 3299 973 3362 eta
992 3280 1120 3362 doctis
1142 3297 1181 3360 et

120 3415 279 3498 indoctis
317 3417 507 3525 legatur,
546 3445 653 3496 unus
690 3444 898 3514 errorem,
929 3417 1001 3494 iste
1038 3414 1180 3492 verita-

121 3563 189 3626 tem
216 3552 259 3630 in
288 3549 429 3631 eodem
464 3567 658 3658 quaerat,
699 3548 864 3659 quidam
891 3546 1053 3644 credat,
1083 3546 1181 3624 alter

121 3677 293 3782 dubitet,
326 3683 426 3762 alius
453 3701 571 3791 neget
594 3681 797 3791 quidquid
823 3685 866 3760 in
892 3709 939 3761 eo
967 3697 1177 3774 narratur,

122 3830 155 3892 et
179 3843 315 3896 omnes
341 3817 492 3924 pariter
518 3818 632 3924 quasi
662 3814 781 3923 super
803 3813 1031 3896 cathedram
1051 3809 1181 3890 mode·

124 3964 261 4030 ratores
289 3949 338 4030 de
366 3933 444 4030 hoc
467 3949 702 4030 sententiam
722 3948 1006 4056 pronuncient.
1038 3944 1181 4024 Neces-

125 4103 158 4156 se
181 4100 237 4162 est
264 4111 359 4192 ergo
387 4083 503 4162 utin
534 4083 597 4162 his
626 4079 843 4188 Scripturis
871 4077 1048 4158 studium
1082 4078 1181 4156 sita

126 4211 229 4294 nobis
252 4245 347 4324 prae
370 4217 510 4298 ceteris
537 4214 692 4296 assidue
725 4211 1022 4322 peragendum3
1054 4237 1098 4288 ao
1130 4207 1179 4286 si-
