3094 5176
128 471 218 536 dous
240 469 529 547 Nabuchodonosor,
552 469 798 550 Eriimerodech,
822 479 852 532 et
871 469 1017 534 Battew
1037 471 1116 534 fliius
1137 471 1195 534 Na·

128 569 367 637 buohcdonosori.
390 567 475 632 Uada
494 585 564 650 erpo
585 571 640 632 iste
661 568 908 632 iiviimerodachi

163 667 210 729 io
223 667 365 744 ejusmodi
379 667 491 728 nodum
504 667 706 728 camiceadam
720 667 835 728 videtur
847 683 919 746 par,
939 668 1019 746 quod
1031 669 1115 730 docet
1127 669 1196 730 Pro·

125 765 209 844 pheta
234 765 336 828 Daniel
360 767 506 826 somnium
528 763 814 826 Nabuchodonoaoro
837 767 1052 843 interpretatus.
1078 766 1129 828 iit
1154 765 1193 842 (i)

124 865 217 925 enim:
245 863 390 942 «Eiicient
409 869 439 924 te
461 863 499 923 ab
519 862 710 940 horninibus,
732 867 761 923 ct
784 879 852 924 curn
872 862 972 924 bestiis
995 864 1122 942 ferisque
1140 867 1196 926 crit

125 961 264 1024 animno
289 969 367 1038 tua,
394 967 423 1022 et
447 962 565 1023 tonnam
588 967 622 1022 nt
643 960 696 1022 hos
718 961 850 1022 comedes
867 1003 1007 1022 ......
1023 961 1060 1022 Et
1084 967 1193 1040 septem

22 1079 24 1092 ·
124 1065 251 1135 tempore
270 1057 461 1120 mutabantur
479 1073 567 1136 super
586 1065 632 1136 te,
652 1056 745 1120 donec
758 1060 834 1120 scite
853 1059 932 1138 qnod
949 1058 1114 1120 dominetur
1135 1059 1194 1122 Er·

124 1155 216 1218 celeus
230 1171 317 1234 super
330 1171 454 1234 regnam
470 1155 638 1232 hominum,
655 1163 685 1217 et
697 1159 868 1234 cnidumque
880 1157 1007 1218 eoinmit
1016 1156 1065 1218 det
1079 1156 1161 1220 iliud.
1176 1181 1189 1208 υ

123 1253 159 1316 Et
177 1255 265 1331 paulo
285 1261 371 1333 post:
397 1279 411 1307 r
423 1255 458 1316 in
478 1256 542 1334 ipso
559 1261 691 1331 ternpore
709 1270 811 1316 scasas
833 1269 915 1316 mere
938 1271 1072 1316 revernm
1092 1261 1137 1316 est
1155 1254 1194 1314 ad

121 1367 187 1430 me,
209 1357 239 1412 et
260 1352 299 1413 ad
321 1351 460 1413 honorem
484 1354 566 1430 ragat
587 1353 644 1412 mei
667 1352 858 1431 decoremque
879 1354 1021 1430 perveni,
1046 1359 1075 1414 et
1096 1351 1193 1430 rigent

122 1467 184 1512 mee
205 1465 324 1512 reverse
342 1455 388 1512 eat
408 1450 447 1513 ed
469 1467 542 1527 me,
568 1456 597 1510 et
616 1453 805 1529 magistratus
826 1452 885 1512 mei
910 1452 1102 1528 requisierunt
1122 1467 1190 1526 ma,

121 1556 149 1610 et
164 1551 196 1610 in
218 1565 309 1628 ragno
330 1565 395 1610 meo
420 1551 569 1612 restitutus
592 1565 679 1626 tum,
705 1555 735 1610 et
753 1550 970 1629 magnificentie
992 1551 1114 1627 amplior
1139 1548 1190 1610 ad·

120 1646 179 1710 dita
198 1652 243 1707 aet
263 1647 347 1708 mibi.
367 1647 453 1710 Nunc
470 1650 560 1726 igitur
579 1663 633 1726 ego
651 1647 919 1710 Nabuchodonosor
936 1647 1024 1710 leudo
1037 1653 1067 1708 et
1079 1649 1192 1726 magni·

119 1745 193 1822 tim,
215 1751 244 1806 et
265 1745 395 1824 gioridco
414 1761 511 1824 regern
531 1746 705 1808 rochete·
729 1747 774 1808 Ex
796 1746 925 1808 heridis
945 1748 1089 1809 metendo
1109 1747 1189 1808 ciere

15 1835 17 1844 ’
117 1846 273 1922 percipitur
283 1844 601 1906 Nabuchodonosorum
614 1845 768 1923 Magnum,
783 1845 924 1908 reditione
935 1845 1014 1906 incia
1027 1843 1187 1923 Babylone,

117 1959 206 2022 regno
224 1943 395 2005 destitutum
413 1959 501 2022 esse,
521 1951 551 2006 et
572 1951 681 2022 sepiem
706 1951 835 2022 aetates,
859 1944 952 2022 (quea
974 1945 1005 2002 io
1030 1958 1123 2004 annos
1143 1944 1188 2002 ia·

13 2055 14 2088 ³
115 2045 290 2118 terpretetur
304 2042 443 2120 Fievius,
465 2059 536 2120 een,
553 2047 640 2121 Juxta
662 2042 850 2104 hebraeorum
871 2057 993 2116 morem,
1014 2040 1188 2102 indiscrimi-

12 2147 17 2188 =
120 2141 211 2200 andra
235 2141 273 2201 ed
295 2145 393 2202 varios
414 2143 520 2220 annm)
543 2142 694 2220 deponam
720 2159 783 2204 esse
802 2158 839 2204 ex
859 2141 941 2203 urbe.
963 2140 1006 2202 Eo
1024 2141 1125 2217 adque
1144 2141 1188 2199 in·

115 2237 264 2318 mrvelio,
295 2255 354 2318 quo
377 2239 472 2302 atton
496 2241 790 2318 Nabuchodonosor,
817 2243 924 2302 reticui
947 2253 1109 2317 congruum
1133 2237 1186 2314 ili,

12 2356 16 2386 =
117 2337 238 2398 aiterum
258 2340 356 2399 virum
376 2353 533 2416 occupasse
551 2338 690 2399 thronum
710 2341 916 2417 assyriorum,
941 2353 979 2398 ex
998 2351 1057 2414 quo
1083 2337 1188 2414 conjici

9 2447 15 2492 r
116 2439 209 2512 potest
229 2434 450 2497 Evilnrerodech
473 2436 554 2512 (rive
569 2434 648 2498 iiiior
660 2437 757 2513 iliius,
778 2451 830 2498 seu
849 2451 959 2514 nepos,
981 2435 1043 2494 sive
1057 2433 1188 2510 quisquis

117 2533 193 2592 alius
212 2533 316 2609 tuerit)
338 2536 466 2594 monisse
489 2549 611 2612 regnum
635 2533 796 2614 Babylonis
817 2539 879 2596 toto
904 2549 938 2594 eo
957 2538 1108 2609 ternpore,
1129 2547 1188 2609 quo

114 2637 221 2708 eyectus
243 2649 280 2692 ex
301 2631 468 2692 hominihus
491 2632 909 2710 Nabuchodonosor,oeseros
923 2633 994 2692 locis
1016 2634 1187 2690 immoratus

114 2734 167 2788 est.
192 2729 255 2789 Hoc
274 2745 390 2806 quoque
408 2729 508 2790 firmat
527 2728 725 2810 Hieronymus
744 2747 782 2792 ex
802 2744 970 2808 synagogae
989 2728 1136 2805 magistris
1156 2729 1187 2786 in

112 2841 245 2902 cepxrv.
261 2827 353 2888 hetae
366 2828 475 2904 dicens,
492 2829 713 2890 Eriimerodach
729 2829 820 2907 (patra
834 2844 887 2890 suo
900 2826 1187 2888 Nabuchodonosoro

112 2926 230 2986 virente
252 2941 303 3001 per
324 2933 433 3002 septem
447 2941 540 2988 anans
553 2929 629 2988 inter
642 2927 767 3004 bordas)
790 2942 945 3004 regnasse,
967 2926 1102 3002 quemvis
1129 2924 1187 2984 etin
1261 2965 1264 2974 -

111 3021 148 3081 de
168 3039 202 3084 eo
225 3023 331 3083 referet
355 3023 479 3084 Sanctus
503 3041 540 3084 ex
561 3023 751 3084 hebraeorum
773 3025 931 3086 traditione
955 3029 1084 3098 eccepto,
1105 3027 1134 3082 et
1154 3026 1187 3080 ut

110 3123 310 3181 commentitie
328 3121 428 3182 habita
442 3121 604 3182 abeodem.
628 3122 722 3182 Rahhi
743 3121 839 3182 David
858 3119 990 3182 Chimchi
1008 3125 1096 3196 ceput
1108 3117 1186 3178 idem

109 3218 203 3278 Istinc
221 3220 445 3295 interpretatus:
472 3218 537 3278 «ut
552 3224 583 3278 tu
598 3220 744 3295 projectus
756 3233 788 3278 es
808 3219 845 3278 de
864 3217 1018 3294 sepulchro
1034 3223 1106 3276 tuo»
1124 3219 1182 3276 ait:

111 3316 213 3377 «Cum
235 3318 343 3395 ejectus
367 3315 455 3376 inerit
474 3315 743 3376 Nabuchodonosor
762 3323 792 3378 et
811 3315 867 3376 init
886 3331 952 3376 oum
978 3315 1048 3374 ieris
1074 3319 1185 3390 septem

106 3427 228 3490 annos,
250 3413 374 3490 popuius
397 3420 491 3474 terrae
511 3416 724 3474 comtituerunt
744 3429 839 3490 regern
855 3411 1075 3474 Eutimerodech
1090 3410 1185 3470 ssiintn

106 3525 215 3586 rnum;
238 3517 267 3570 et
285 3517 319 3572 nt
333 3527 467 3572 reversus
483 3517 527 3572 est
540 3510 808 3572 Nabuchodonosor
828 3511 866 3569 od
886 3515 1010 3568 mentmn
1030 3523 1134 3584 sunm,
1156 3515 1185 3568 et

105 3608 196 3669 rediit
219 3611 339 3670 domum
367 3613 476 3688 regienr
502 3611 588 3670 Babei
614 3617 644 3671 et
667 3612 780 3670 invmdt
803 3609 895 3670 hlium
923 3623 1009 3668 suum
1037 3606 1183 3668 sedentem

104 3721 195 3784 snper
214 3709 352 3768 thronum
365 3723 471 3785 snum,
492 3711 589 3786 posuit
606 3723 675 3770 enm
691 3711 722 3767 in
735 3723 880 3770 carcerem
900 3711 981 3768 ete.»

148 3803 211 3864 lito
231 3805 387 3883 hypothesi
407 3813 536 3882 accepia,
562 3808 720 3881 imperasse
744 3807 853 3866 sciiicet
879 3807 1000 3883 assyriis
1025 3805 1183 3864 Eulimero·

101 3901 205 3980 dach,
226 3902 296 3964 dnm
317 3910 413 3963 mente
435 3905 578 3964 aiienatas
599 3904 867 3965 Nabuchodonosor
882 3905 1006 3982 degebat
1025 3909 1058 3964 ut
1075 3904 1137 3962 iem
1151 3905 1182 3962 in

102 3999 282 4079 solitudine,
303 4004 481 4062 conveniunt
497 4003 603 4063 citntae
617 4001 793 4080 Scripturas.
810 4003 884 4064 Nnrn
902 4003 981 4081 qnod
996 4002 1068 4062 dicit
1082 4007 1183 4062 auctor

101 4097 248 4160 librorum
269 4098 410 4176 regalium
431 4099 467 4160 dc
492 4117 570 4162 nono
591 4109 639 4162 ³7.
662 4103 927 4180 transmigrationis
948 4099 1103 4178 ionchirn,
1125 4115 1184 4182 quo

150 4293 184 4354 (i)
201 4295 295 4346 uentri.
311 4309 332 4344 c.
347 4297 387 4346 Ν.
402 4303 440 4347 ii..
