2964 5174
546 412 586 422 ...
607 389 645 439 79
666 412 706 422 ...

90 496 191 554 meruit
207 497 240 554 in
257 494 366 554 Christi
384 493 515 554 Ecclesia
531 493 568 556 de
585 496 679 574 grado
696 496 837 556 lectorum
854 501 915 556 tam
938 495 1027 576 longo
1049 505 1166 562 annosi·

87 599 141 652 tate
160 597 292 670 recitari,
310 601 341 653 et
360 593 398 652 ab
419 593 555 654 omnibus
580 594 766 672 christianis,
784 596 822 654 ab
839 599 999 676 episcopis,
1017 613 1109 677 usque
1128 602 1167 661 ad

87 701 228 756 extremos
250 693 340 754 laicos
356 690 457 750 fideles
473 693 670 768 poenitemes,
689 691 910 753 cathecumenos
919 695 991 755 'enm
1007 701 1167 758 renuntio-

85 809 136 854 nae
157 795 277 853 divinae
297 792 477 852 auctoritatis
497 790 607 850 audire.
620 815 633 842 n
653 790 690 848 Et
706 793 807 865 paucis
831 795 1004 870 interjectis:
1024 794 1168 872 copertos

85 899 115 952 nt
128 894 221 950 istum
245 889 351 948 librum
368 888 542 966 Sapientiae,
563 888 615 948 ubi
636 888 757 965 legitur:
779 890 918 966 -Raptus
938 899 983 952 cst
1001 911 1038 954 nc
1055 897 1168 958 malitia

84 994 208 1048 mutaret
220 987 399 1048 intellectum
409 991 483 1064 eius:
498 1019 510 1033 ·
525 987 661 1048 omnibus
672 989 876 1048 tractatoribus
892 997 1080 1070 anteponant,
1097 1011 1167 1071 quo

87 1089 167 1146 niam
182 1086 240 1145 sibi
257 1093 484 1162 anteposuerunt
502 1089 589 1146 cuam
614 1086 793 1160 temporibus
805 1090 946 1164 proximis
962 1090 1167 1166 Apostolorum

82 1186 190 1262 egregii
204 1189 394 1261 bromtonus,
408 1188 459 1260 qui
479 1201 546 1244 eum
565 1190 669 1244 testem
686 1184 868 1262 adhibentes,
887 1187 961 1248 nihil
979 1206 1010 1248 se
1032 1189 1169 1252 adhibere

82 1285 137 1342 nisi
161 1283 297 1342 fflvinum
314 1285 513 1342 testimoniam
535 1282 738 1358 crediderunt,
757 1291 787 1344 ct
801 1290 877 1343 certe
894 1286 1093 1348 boatisnmum
1110 1289 1167 1367 Cy-

81 1383 218 1458 prianum
237 1381 400 1458 disputasse
416 1387 547 1457 constat,
564 1389 598 1441 ut
612 1382 757 1442 celerima
778 1386 881 1444 mortis
900 1383 1073 1446 beneficium
1088 1405 1167 1448 oom-

84 1479 256 1555 mendaret,
274 1496 293 1540 a
311 1487 501 1557 peccatorum
514 1480 650 1555 periculis
674 1483 747 1556 eripi
767 1497 836 1556 eoa,
857 1484 908 1556 qui
929 1483 1008 1544 hanc
1025 1488 1118 1546 vitam
1132 1487 1167 1546 il·

82 1579 182 1654 munt,
201 1581 303 1654 inqua
319 1581 433 1654 peccari
445 1584 548 1654 potest.
564 1579 601 1637 ln
617 1578 718 1637 eodem
736 1578 822 1653 libro,
837 1579 912 1640 idest
924 1581 961 1640 dc
978 1582 1166 1662 Mortalitate,

81 1675 217 1736 attidem
232 1675 480 1753 Cyprianusinter
496 1681 623 1737 caetera:
643 1675 723 1735 -Cur
739 1693 800 1735 non
816 1693 882 1736 cnm
894 1677 1009 1740 Christo
1027 1679 1166 1761 iuturus,

81 1781 109 1836 et
124 1775 164 1834 de
180 1775 300 1835 Domini
319 1776 527 1852 pollicitatione
547 1789 686 1851 securos,
706 1774 785 1852 quod
805 1775 844 1833 ad
866 1776 1014 1840 Christum
1036 1783 1166 1859 voceris,

82 1873 276 1951 arnplccterts,
289 1881 319 1934 ct
329 1875 407 1950 quod
422 1874 538 1934 diabolo
551 1889 653 1934 emens
671 1873 853 1950 gratulerisz-
866 1876 963 1935 etalio
975 1879 1166 1956 loco:·puori,

81 1972 357 2048 inquit,periculnm
368 1971 498 2031 lubricae
507 1974 610 2031 aetatis
622 1971 907 2047 condona-itemque
920 1974 978 2036 alio
989 1975 1063 2034 loco:
1076 1978 1168 2052 -qnid

83 2087 142 2130 non
155 2073 264 2148 inquit,
275 2085 464 2146 properamus
475 2076 504 2128 et
515 2072 677 2143 currimns,
687 2074 721 2128 nt
733 2071 858 2144 patriam
874 2077 1006 2130 nostram
1014 2072 1129 2149 nidere,
1139 2081 1169 2134 et

81 2175 215 2245 parentes
228 2169 355 2228 salutare
365 2171 520 2244 possirnm:
533 2200 544 2212 -
555 2168 609 2226 His
618 2169 716 2243 itaque
725 2166 892 2242 hujusmodi
905 2173 1055 2228 senmntiis
1066 2170 1168 2230 doctor

82 2267 129 2328 ille
139 2270 172 2326 in
184 2267 347 2327 catholicae
356 2267 424 2326 fidei
438 2268 503 2330 luce
517 2267 690 2341 clarissima,
704 2272 733 2325 et
746 2267 817 2325 satis
832 2271 929 2341 aperte
941 2272 1064 2326 testatur
1076 2285 1168 2345 usque

83 2367 118 2426 ad
138 2365 228 2443 hujus
250 2366 615 2441 corporisdepositionem
638 2363 776 2440 peccandi
797 2365 926 2439 pericula
945 2372 975 2424 et
993 2370 1168 2426 tentationes

1 2518 3 2525 .
83 2464 415 2539 metuendas,dcinccps
431 2464 593 2523 nuliatalia
603 2478 779 2539 quemquam
795 2477 857 2522 esse
872 2479 1036 2538 passurum.
1049 2489 1062 2515 υ
1084 2467 1167 2526 Insu-

83 2579 130 2640 per
149 2579 246 2640 neque
261 2563 362 2622 doctor
379 2561 608 2622 incusanduscst
625 2562 725 2623 eodem
738 2565 769 2621 in
789 2560 879 2639 libro,
889 2563 969 2638 quod
978 2566 1062 2639 quasi
1075 2565 1167 2622 anoni

83 2665 270 2738 appensione
296 2662 408 2722 addidit
419 2677 505 2737 super
521 2677 555 2721 ea
570 2660 671 2720 verba:
690 2662 827 2736 «Raptus
842 2668 886 2721 est
899 2677 936 2719 ne
949 2663 1061 2722 malitia
1073 2669 1168 2722 muta·

84 2767 124 2820 rat
140 2761 321 2820 intellectum
337 2765 410 2836 ejus.
426 2785 439 2812 a
451 2760 674 2839 semipelagiani
691 2761 787 2835 enim,
806 2763 925 2818 omnino
938 2761 1101 2836 Sapientiae
1119 2777 1170 2820 au·

1 2912 2 2917 ,
84 2861 219 2918 ctoritate
239 2857 417 2934 posthabita,
432 2857 589 2934 Augustini
610 2858 772 2917 doctrinam
787 2856 974 2934 respuebant,
989 2875 1023 2917 ac
1035 2859 1170 2918 eumdem

84 2955 263 3032 arguebant,
277 2955 356 3033 qnod
373 2955 441 3014 libri
454 2954 534 3015 haud
549 2955 642 3014 divim
658 2954 748 3014 verba
762 2959 906 3032 jactaret,
921 2972 1010 3016 causa
1023 2973 1093 3018 suae
1107 2960 1169 3032 opi-

83 3056 177 3114 nionis
195 3054 380 3113 muniendae.
402 3053 496 3113 Divus
511 3055 645 3112 veritatis
664 3051 792 3128 vindex,
810 3052 973 3129 Sapientiae
987 3055 1055 3113 iibri
1070 3055 1168 3115 verbis

84 3151 301 3228 &quantulum
317 3153 468 3227 sepositis,
490 3165 558 3210 cum
578 3152 609 3208 in
635 3155 772 3226 promptu
790 3151 916 3210 rationes
936 3153 1009 3210 allas
1028 3152 1168 3228 haberet,

83 3249 188 3326 quibus
208 3257 310 3309 contra
330 3250 490 3309 haereticos
506 3248 576 3308 ildei
593 3250 733 3324 dogmata
751 3249 912 3325 stabiliret,
936 3251 1048 3326 inquit:
1068 3276 1080 3300 «
1093 3250 1169 3310 Tan-

84 3363 171 3425 quam
183 3365 247 3408 non
256 3351 440 3408 canonicum:
455 3347 591 3423 -liaptus
605 3351 660 3422 est,
675 3364 712 3406 ne
727 3347 840 3406 malitia
851 3353 977 3407 mutaret
991 3349 1169 3408 intellectum

83 3451 154 3523 cium
165 3447 274 3521 ·Quod
291 3464 310 3506 a
325 3463 372 3506 me
385 3463 501 3524 quoque
515 3448 655 3521 positum,
670 3445 776 3504 fratres
793 3447 865 3503 istos
876 3447 918 3504 ita
934 3448 1078 3521 respuisse
1093 3447 1169 3504 dixi·

84 3547 150 3622 rus,
168 3545 315 3622 (loquitur
336 3545 373 3604 ad
392 3545 539 3604 Hilarium
553 3549 583 3603 et
595 3543 789 3620 Prospernm)
805 3550 947 3619 tanquam
961 3559 1021 3602 non
1034 3543 1071 3602 de
1084 3559 1171 3602 cano·

83 3695 121 3756 jos
136 3695 172 3746 rei
190 3693 358 3744 testimoninm
378 3693 515 3772 appellatur
533 3645 682 3756 Augustinus
700 3692 726 3742 in
740 3693 804 3742 libro
822 3692 902 3755 primo
920 3693 951 3742 dc
970 3693 1169 3756 praedestinatio·

85 3787 115 3824 nc
132 3775 280 3825 Sanctorum
300 3787 353 3838 cap.
369 3775 434 3822 XIV.
454 3775 505 3834 Ego
522 3785 582 3821 vero
600 3771 663 3822 nihil
684 3771 759 3821 didici
780 3771 811 3822 de
830 3773 877 3821 hac
896 3787 923 3822 re
943 3786 958 3822 a
978 3772 1037 3822 divo
1057 3774 1126 3837 patre
1142 3771 1169 3822 in

87 3854 138 3906 loco
149 3855 238 3905 nnn.
259 3853 306 3904 sed
317 3867 371 3918 cap.
393 3855 492 3904 xxvii.
510 3851 560 3902 duo
575 3849 619 3902 illa
636 3853 756 3902 vocabula
774 3852 806 3902 de
819 3852 906 3915 prodo
922 3853 1070 3914 lectorum,
1087 3856 1116 3903 nt
1131 3867 1171 3904 su-

87 3948 128 3998 pra
142 3935 235 3997 tmoli,
254 3935 355 3998 inveni,
373 3947 438 3998 quae
456 3932 549 3984 ibidem
559 3934 658 3983 nullum
668 3933 821 3984 auctoritatis
836 3933 966 3984 dimrimon
977 3934 1093 3984 indicant.
1106 3935 1170 3984 con·

88 4017 189 4066 scando
205 4018 319 4078 tantum,
341 4017 366 4066 et
383 4017 452 4068 locus
470 4014 531 4066 mihi
550 4014 666 4066 videntur
687 4013 721 4064 ibi
742 4013 811 4064 noui
830 4027 845 4064 a
864 4014 983 4076 doctore,
1009 4013 1051 4064 ubi
1072 4014 1172 4076 Sapien-

88 4094 134 4146 tiae
149 4097 229 4160 iiber,
248 4095 322 4146 sicuti
344 4098 438 4146 ceterae
460 4095 598 4158 scripturae
618 4093 760 4157 legebantur
785 4096 845 4145 tnnc
871 4095 989 4158 temporis
1016 4095 1041 4144 in
1063 4091 1169 4155 publicis

91 4177 196 4227 ecclesiis
219 4189 302 4226 corant
321 4177 462 4240 episeopis,
488 4175 636 4239 presbyteris
655 4175 817 4238 omnibusque
837 4174 1051 4226 christifidelibus.
1074 4173 1106 4222 st
1122 4173 1168 4222 hac

92 4258 263 4308 conaretndine
282 4257 339 4307 libri
359 4257 469 4319 ejusdcm
490 4256 599 4308 divinam
625 4255 809 4319 inspirationem
834 4256 938 4320 probare
962 4257 1064 4306 conairu
1083 4253 1168 4304 contra

93 4334 240 4388 advnmnos
255 4337 413 4401 Auguatinus.
429 4335 492 4388 Vide
504 4349 578 4400 supra
586 4349 641 4400 pag.
651 4343 673 4387 9.
