3086 5182
556 419 716 470 ...19-

99 548 151 610 ges
171 537 342 604 numerare,
363 543 452 604 quam
469 529 522 602 ipsi
548 525 714 586 censebant.
739 525 779 586 At
804 527 860 602 ipsi
884 529 988 586 veteris
1012 544 1180 608 synagogae

1 633 3 673 ¹
99 630 208 690 falsam
227 627 410 688 traditionem
431 627 513 702 sequi
532 625 656 685 malunt.
678 625 723 684 Hn
742 623 854 700 verba,
880 640 954 700 quae
973 627 1045 686 satis
1064 643 1177 688 eorum·

1 735 3 773 i
99 729 167 788 dem
187 728 329 786 malitiam
348 725 517 803 proferunt,
539 731 704 800 excerptae
723 722 812 784 Scdcr
828 723 936 784 Helena
956 723 1079 802 Redde,
1101 729 1180 804 qued

1 863 5 871 ι
97 831 143 886 est
161 825 352 886 hebraeemm
371 823 549 883 ehrenleen:
573 821 765 884 -Secundum
786 822 938 899 gentilium
951 824 1095 886 calculum
1117 823 1179 886 iue-

102 931 174 985 runt
192 921 356 1000 quindecim
383 937 465 1000 reges
487 920 614 981 Persidis
632 939 641 997 3
667 926 698 980 at
721 919 881 980 seeundum
905 923 1008 981 seriem
1028 923 1180 986 doctorum

1 1039 6 1062 ι(
98 1028 267 1082 nostrerum
286 1027 410 1098 quatuor
432 1020 550 1080 luerunt
569 1035 689 1097 reges.»
713 1019 768 1098 De
780 1017 836 1078 hae
860 1019 1006 1080 malitiosa
1031 1025 1181 1084 reticentia

99 1119 290 1180 hebraeorum
309 1121 387 1180 circa
405 1133 555 1196 persarum
568 1133 660 1196 reges,
683 1119 868 1194 conqueritur
888 1118 965 1177 idem
979 1119 1176 1198 Hieronymus

0 1238 1 1261 ¹
99 1221 130 1279 ln
151 1218 300 1279 Danielem
320 1233 384 1295 cap.
400 1234 446 1277 vr.
467 1218 519 1278 nbi
540 1217 659 1278 scribit:
686 1215 794 1275 «Alios
811 1222 870 1276 tres
890 1233 972 1295 reges
986 1226 1053 1295 pest
1067 1220 1177 1298 Cyrum

2 1315 10 1372 l
100 1317 192 1378 iusisse
218 1333 368 1393 persarum
391 1323 568 1392 autumant,
590 1321 619 1374 et
638 1331 713 1391 quse
732 1314 789 1374 illls
809 1321 879 1375 snut
900 1319 1020 1376 nemina
1045 1324 1174 1383 reticent.

4 1414 11 1474 l
99 1415 161 1475 Nes
181 1431 262 1492 uere,
281 1431 372 1492 quum
391 1420 456 1490 pest
470 1412 600 1490 Cyrum,
621 1413 672 1488 qui
691 1413 825 1489 regnavit
845 1413 929 1473 annis
948 1417 1086 1494 triginta,
1107 1421 1178 1478 scia·

1 1515 9 1570 i
100 1529 167 1572 mus
196 1512 272 1588 apud
298 1529 398 1588 persas
424 1527 560 1588 regnasse
586 1509 759 1586 cambysem
783 1509 877 1569 srlium
901 1515 990 1588 ejus,
1019 1520 1049 1573 et
1074 1515 1178 1576 iratres

2 1640 9 1649 „,
99 1611 205 1688 hlages
226 1655 235 1686 ,
261 1617 291 1670 et
314 1611 448 1685 deinceps
468 1609 613 1683 Darium,
644 1613 726 1685 cujus
759 1609 885 1668 secunde
910 1627 1010 1686 anne,
1044 1619 1176 1686 coeptum

8 1745 10 1752 ·
99 1717 146 1770 oet
159 1709 305 1770 aedificari
324 1709 465 1785 templum
478 1707 532 1767 Dei
546 1708 726 1768 Hierusalem
738 1714 794 1766 etc.
812 1733 824 1758 »
849 1708 919 1766 Inde
930 1711 1046 1776 censitis
1058 1711 1122 1770 aliis
1136 1729 1180 1772 re·

1 1841 9 1864 ,1
99 1807 186 1886 gibus
205 1823 375 1884 persarum,
397 1822 470 1882 ques
496 1806 714 1883 quatuordecim
734 1804 823 1865 iuuisse
843 1805 935 1864 eradit
954 1823 1046 1884 usque
1067 1810 1103 1868 ad
1122 1810 1180 1870 Da-

1 1945 3 1950 <
106 1907 198 1982 dum,
213 1905 370 1965 concludit:
385 1904 560 1978 «Quomodo
576 1910 633 1962 tres
647 1919 730 1980 reges
737 1919 886 1980 persarum
902 1905 991 1965 fuisse
1004 1905 1177 1968 dicemusi»
1267 1913 1269 1918 '

2 2043 12 2064 a
100 2003 202 2080 Neque
226 2002 450 2080 excogitandum
474 2008 537 2077 est,
567 2001 648 2061 addit
666 2001 801 2077 Pernen,
823 2003 945 2078 judaeos
970 2006 1060 2079 gratis
1086 2022 1178 2074 annes
1230 2022 1234 2030 ‘

1 2121 12 2172 i
100 2103 190 2180 hujus
207 2101 394 2160 monarchiae
410 2099 568 2160 breviasse.
589 2099 740 2159 Noverunt
754 2099 948 2174 christianes,
968 2101 1080 2160 cellatis
1093 2102 1181 2178 hujus

2 2245 11 2262 ..
101 2203 184 2277 regul
207 2201 315 2275 anuis,
347 2199 404 2258 hee
429 2205 522 2258 aetate
544 2213 613 2258 usos
635 2197 725 2256 inisse
745 2196 783 2256 ad
802 2195 1034 2272 patefaciendum
1058 2198 1182 2260 Messias

1 2357 5 2367 ,
103 2297 283 2372 adventum,
304 2298 431 2356 civimtls
451 2295 633 2355 Hierusalem
652 2293 809 2370 templique
829 2296 964 2372 mdnam,
986 2296 1110 2373 indeque
1130 2314 1181 2357 ex·

3 2443 6 2467 ,
98 2392 246 2469 cipiabent
264 2409 354 2470 aeque
367 2393 482 2453 medan
496 2395 699 2467 interpretatos
714 2409 777 2452 esse
791 2396 974 2469 septuaginta
987 2392 1181 2457 hebdomades

101 2490 230 2550 Danielis
254 2489 441 2566 Prophetae,
470 2493 521 2567 qul
539 2491 620 2549 illam
648 2497 771 2550 actuum
791 2496 820 2550 et
839 2498 975 2550 eventum
1001 2493 1181 2554 adamussim

105 2587 274 2664 praevidit,
304 2594 333 2648 et
357 2588 404 2648 his
427 2594 488 2648 tan
508 2587 672 2664 patentibus
693 2591 870 2665 argumentis
889 2605 957 2649 eum
981 2593 1097 2650 mentiri
1122 2609 1182 2652 nen

0 2745 3 2764 ,
102 2685 274 2761 valuissent,
288 2685 571 2762 htqusmouarehiae
582 2701 674 2744 annes
684 2685 875 2762 mutilarunt,
893 2693 922 2746 et
937 2688 1182 2764 quemadmodum

0 2844 4 2871 μ
102 2784 160 2859 ipsi
184 2783 330 2844 (laeenam
349 2783 517 2844 divinarum
541 2781 755 2859 Scripturartun
779 2783 958 2862 dimeeuere,
979 2785 1183 2865 chronologiae

1 2951 5 2966 Α
102 2880 181 2957 leges
201 2895 315 2958 queque
335 2887 535 2958 corruperunt.

144 2977 172 3052 S.
195 2978 232 3038 V.
256 2977 388 3040 Pmbatis
402 2986 431 3039 et
450 2979 556 3039 additis
576 2978 761 3038 monarchiae
781 2964 907 3054 perstem
928 2983 1013 3040 annis
1031 2982 1182 3058 pluribus,

5 3117 15 3143 ,
104 3089 195 3152 quam
219 3077 326 3138 vellent
350 3075 490 3152 hebraei,
517 3079 654 3153 temperis
676 3091 791 3151 quoque
815 3083 944 3152 superest
970 3079 1179 3155 intervallum,

1 3251 2 3258 ἵ
100 3187 162 3248 que
177 3173 332 3234 collocetur
352 3173 474 3234 hbtena
494 3172 607 3232 iudith.
623 3170 680 3230 Sed
695 3178 869 3248 anteaquam
883 3175 1180 3252 instituantnraetas,

102 3276 134 3330 et
156 3287 207 3330 rex
227 3286 400 3348 persarum,
423 3270 478 3332 sub
500 3274 584 3346 enjus
606 3270 727 3344 imperio
749 3268 821 3328 haee
844 3270 1035 3347 aeciderunt,
1055 3271 1181 3332 diiticul·

101 3375 178 3430 tates
199 3369 393 3445 expediendae
415 3376 484 3429 sunt
505 3370 537 3427 ln
563 3369 656 3444 eapite
679 3384 702 3426 1.
731 3383 805 3444 quae
826 3367 1040 3444 quodammode
1062 3377 1179 3429 nestrae

10 3525 14 3533 ,
102 3465 260 3544 hypothesi
279 3467 470 3528 reluctantem.
498 3465 669 3525 Potissimae
692 3481 762 3524 vere
784 3471 937 3530 versantur
963 3467 1040 3526 circa
1061 3469 1181 3526 nemina

102 3563 238 3624 Artaxad
260 3571 289 3624 et
311 3563 596 3640 Nabuchodonosor,
620 3566 671 3639 qni
687 3561 823 3624 videntur
839 3565 951 3624 stetisse
965 3569 1032 3624 aute
1045 3565 1182 3626 hebraee-

7 3722 10 3737 ,
100 3677 170 3722 rum
190 3663 408 3738 captivitatem,
429 3663 515 3722 sicuti
537 3667 566 3721 et
588 3662 704 3721 Ninive.

6 3821 11 3832 ,
53 3787 58 3794 ·
146 3759 304 3820 Historiam
321 3759 424 3820 Judith
444 3759 556 3820 orditur
575 3759 692 3818 divinus
715 3762 838 3835 scriptor
857 3775 895 3819 ex
915 3776 993 3820 anno
1013 3759 1185 3821 duodecino

0 3841 7 3864 '
105 3856 382 3918 Nabuchedeneserl
400 3900 410 3935 ,
431 3860 482 3934 qui
501 3858 713 3934 expeditionem
738 3861 863 3934 suscepit
880 3865 982 3919 centra
996 3860 1128 3922 Arlaxad
1142 3847 1185 3922 re-

4 4026 10 4039 .
105 3969 173 4031 gem
195 3953 365 4032 medemm3
398 3971 432 4014 ac
454 3955 495 4014 lbi
523 3961 659 4014 narretur
685 3955 756 4032 qnid
779 3955 847 4015 lecit
877 3957 952 4016 idern
972 3957 1104 4020 Ariaxad
1132 3960 1184 4020 Ee-

1 4075 5 4084 ·
105 4051 232 4110 baianis.
257 4051 480 4112 Animadvertas
502 4057 651 4129 primum,
679 4053 792 4130 lector,
821 4055 933 4114 codices
958 4072 1075 4132 graecos
1099 4057 1185 4133 hujus

109 4147 287 4227 Scripturas,
306 4150 386 4212 hand
406 4167 533 4212 asserere
543 4150 674 4212 Arlaxad
694 4153 839 4212 civitatem
858 4153 1071 4214 Ecbatnnerum
1091 4154 1187 4214 aedifi·

108 4262 215 4321 casse,
244 4247 295 4306 sed
312 4255 426 4308 tantum
449 4248 559 4309 indicat
583 4250 795 4325 munitionem,
822 4265 881 4326 qua
900 4250 1031 4310 Arlaxad
1051 4267 1113 4310 sese
1137 4252 1186 4311 de-

110 4343 242 4403 fenderet
262 4345 299 4404 eb
320 4345 480 4423 hostibus,
502 4349 552 4423 qul
572 4354 674 4408 centra
693 4363 759 4406 eum
780 4350 959 4424 irrupissent.
982 4350 1028 4407 lta
1047 4351 1123 4409 enim
1143 4350 1185 4408 di·
