3022 5178
529 409 569 421 -·
592 389 644 438 iai
668 412 707 424 -

94 499 192 569 potest,
207 509 266 569 quo
285 494 427 555 vocabulo
452 509 522 554 usus
541 501 586 554 est
604 496 640 554 de
660 499 765 556 nostris
784 497 955 577 Scripturis‚
971 502 1084 564 etiamsi
1098 519 1155 561 ser-

24 624 25 646 i
94 606 181 650 monos
197 574 329 652 veritatis
347 592 519 653 consideret.
539 582 720 669 Augustinus
736 594 814 654 idem
833 595 908 655 libro
922 615 1003 656 xvu.
1022 599 1064 658 De
1079 598 1157 660 Civi-

92 694 143 747 taie
159 689 230 764 Del,
251 695 286 748 ut
299 707 318 749 a
332 707 379 750 me
392 707 445 752 suo
460 691 523 750 loco
543 691 666 751 relatum
683 698 727 752 est
746 692 783 751 dc
807 691 972 770 Scripturas
991 694 1153 772 Sapientiae

90 795 114 844 et
131 787 321 847 Ecclesiastici
348 791 532 866 cruciaminis,
563 791 686 866 sumptis
709 792 881 850 testimoniis
904 794 934 850 in
954 791 1061 852 Christi
1081 792 1152 852 Pro-

89 882 222 961 phetiam,
245 885 344 944 addit:
369 887 475 946 «Hanc
493 887 628 963 optandi,
652 894 681 947 et
703 888 840 964 precandi
863 891 956 965 specie
972 890 1153 964 prophetiam

88 997 131 1056 per
146 981 243 1042 lesum
261 983 409 1043 Christum
427 984 561 1043 videmus
587 985 756 1061 impletam3
778 985 829 1044 sed
848 985 988 1044 adversus
1007 987 1151 1047 contradi·

87 1084 168 1138 utores
186 1095 244 1140 uon
263 1087 346 1141 tanta
367 1082 504 1142 firmitate
522 1082 725 1159 proferuntur,
744 1099 818 1159 quae
840 1085 947 1158 scripta
962 1099 1021 1140 non
1036 1087 1151 1144 suntin

86 1173 190 1236 Conone
207 1179 392 1255 judaeorum.
406 1205 419 1230 ι»
442 1180 638 1257 Hieronymus
659 1196 774 1256 quoque
795 1183 825 1238 in
850 1179 935 1257 Syria
957 1187 1089 1240 versatus
1112 1182 1149 1260 ad

86 1271 272 1335 Chrononum
292 1283 320 1336 et
337 1277 505 1338 Eliodorum
522 1278 558 1336 de
573 1277 648 1336 libro
665 1277 774 1336 Tobiae
790 1279 901 1338 litteras
919 1280 999 1336 misit
1015 1277 1084 1338 baic
1102 1294 1148 1337 ra-

86 1371 334 1451 tenebremus,
353 1375 400 1434 hls
426 1376 523 1434 verbls
543 1376 620 1435 banc
644 1375 783 1450 explicat:
805 1376 897 1434 «Feci
916 1377 986 1434 satis
1007 1375 1149 1435 desiderio

86 1475 184 1546 restro,
205 1487 266 1531 non
280 1479 379 1532 tamen
399 1490 463 1532 meo
483 1472 589 1532 studio.
610 1473 747 1549 Arguunt
762 1479 791 1531 et
807 1489 860 1532 nos
879 1472 1071 1532 hebraeorum
1087 1481 1148 1532 stu·

86 1565 139 1642 dia,
152 1574 180 1626 et
195 1570 343 1644 imputant
359 1571 443 1630 nobis
458 1577 559 1630 contra
578 1587 663 1630 suum
680 1569 826 1629 (lunonem
839 1571 937 1630 latinis
955 1571 1073 1630 auribus
1091 1573 1148 1630 ista

85 1664 236 1724 transferre.
257 1691 270 1718 υ
292 1667 335 1726 De
352 1668 427 1727 libro
444 1669 559 1727 Baruch
578 1669 679 1728 eadem
697 1671 809 1743 repetit.
828 1669 891 1727 Hoc
908 1668 1077 1744 disciplinae
1098 1685 1146 1744 ge·

84 1777 130 1822 nus
142 1767 171 1823 in
185 1768 352 1841 primordiis
366 1768 510 1828 Ecclesiae
519 1767 628 1828 Christi
640 1773 788 1826 servatum
799 1768 873 1827 nulll
884 1767 1068 1828 admirationi
1079 1769 1145 1844 erit,

84 1860 144 1920 duur
163 1868 191 1922 et
213 1864 272 1925 alia
291 1866 437 1942 quaedam
456 1867 594 1944 dogmata
613 1866 764 1943 Evangelii
783 1865 837 1924 sub
859 1865 985 1942 quodam
1002 1865 1147 1924 velamine

84 1956 201 2020 lldclibus
211 1962 414 2039 tradebantur,
431 1981 468 2022 ne
480 1963 594 2039 pusillis
607 1963 834 2039 scandalizandi,
849 1969 878 2022 et
891 1962 1054 2022 infidelibus
1065 1964 1144 2022 cbri-

82 2057 170 2117 stianis
184 2061 332 2138 mysteriis
346 2061 486 2120 irridendi
495 2061 683 2137 praeberetur
700 2063 829 2136 occasio,
843 2066 877 2119 ut
894 2061 993 2119 scribit
1002 2059 1144 2136 Origenes

82 2151 145 2213 libro
159 2159 251 2231 primo
265 2164 369 2218 conus
382 2158 508 2219 Celsum.
523 2159 566 2217 De
576 2158 634 2217 ¹bac
652 2176 683 2218 re
697 2158 781 2218 nobis
799 2157 978 2234 suffragatur
999 2158 1142 2218 Scheltra·

85 2255 118 2308 ies
133 2269 182 2313 suo
198 2258 229 2314 in
246 2256 366 2332 libello,
385 2260 436 2334 qui
455 2257 509 2316 sub
525 2258 613 2317 titulo
628 2256 761 2315 -Arcani
780 2256 933 2330 disciplina
947 2285 959 2298 -
972 2255 1089 2332 legltur.

115 2348 150 2410 Ut
164 2369 234 2412 ,vero
256 2361 370 2414 constet
385 2354 493 2415 Christi
512 2355 689 2431 Ecclesiam,
711 2354 801 2414 libros
820 2353 1141 2430 Deuterodanonlcos,

84 2451 110 2502 ut
122 2447 255 2510 divinitus
272 2455 446 2529 inspiratos,
465 2455 634 2529 agnovisse,
654 2455 771 2528 suisque
787 2454 819 2510 in
831 2451 975 2510 thesauris
993 2450 1031 2509 ab
1049 2457 1143 2511 aemie

84 2541 271 2618 Apostolorum
287 2549 341 2609 has
360 2550 523 2626 Scripturas
542 2557 575 2608 ut
593 2549 702 2609 donum
716 2549 836 2608 coeleste
855 2551 882 2606 ei
904 2565 921 2607 a
940 2548 1054 2607 Christo
1071 2548 1141 2610 lesu

83 2642 215 2721 baditum,
227 2663 371 2724 servasse,
382 2649 459 2708 illius
469 2655 562 2724 actus,
574 2648 795 2708 consuetudines
806 2646 978 2706 meditemur
988 2653 1063 2721 tum,
1073 2635 1140 2705 dim

83 2753 123 2811 por
140 2759 220 2805 suum
241 2747 412 2822 vicarium,
432 2748 478 2805 vel
494 2763 545 2822 per
562 2749 710 2822 episcopos
732 2746 763 2804 in
781 2745 889 2820 Spiritu
904 2743 1010 2804 Sancto
1023 2761 1140 2820 congre-

83 2845 165 2917 gatos,
184 2843 307 2920 alicujus
323 2846 474 2921 dogmatis
498 2844 662 2920 proferendi
681 2860 789 2920 causa,
803 2845 851 2902 vel
867 2842 1052 2920 enucleandi,
1067 2859 1139 2906 nom

83 2939 157 2996 uenit.
