3094 5176
566 372 748 426 -iit-

117 481 173 546 aar
185 481 224 546 ah
241 483 418 546 aduersariis
433 484 557 544 minoris
572 484 757 546 auctoritatis
776 481 869 562 itant,
891 487 1022 544 attamen
1040 489 1075 545 nt
1092 485 1202 564 scripta

117 585 263 662 antiqua,
286 581 385 661 (quod
405 600 443 644 ne
461 583 519 659 ipsi
538 581 657 658 quidem
677 581 804 661 negant)
826 587 856 642 et
874 584 1041 643 sincerioris
1061 584 1199 646 hebraeo·

117 697 186 744 rum
208 681 373 743 traditionis
393 688 481 742 testes
504 681 687 742 aestimanda
710 688 791 742 sunt.
818 680 921 742 Sirach
943 681 982 759 (1)
1004 683 1080 744 inter
1104 690 1201 745 cetera

119 782 253 842 cambiis
272 797 362 860 opera
381 780 437 842 hoc
457 780 561 841 docet:
588 778 711 842 «Gratia
728 779 790 840 dati
808 795 908 842 coram
921 779 1056 842 omnihus
1073 784 1199 842 viventi·

116 876 199 958 bos,
225 885 255 940 et
277 884 393 942 mortuo
416 893 477 940 non
498 877 653 956 prohibeas
676 881 824 958 gratiam,
851 877 927 940 idest
948 885 1011 940 asto
1035 881 1199 942 misericors

117 983 148 1040 et
166 975 323 1040 medeas.
342 1003 355 1030 υ
379 975 458 1038 iiior
478 977 550 1040 dicit
568 994 629 1040 non
649 995 712 1040 esse
726 976 942 1056 despicienoun
961 979 1142 1056 sepulturam
1163 979 1198 1041 ii·

116 1073 174 1138 iius
193 1118 202 1154 ‚
230 1082 261 1138 et
279 1078 419 1155 insopor:
451 1077 517 1138 «In
544 1079 644 1156 requie
663 1078 773 1139 mortui
792 1079 941 1156 quiescere
960 1077 1008 1140 iac
1027 1079 1198 1142 memorien

116 1173 207 1238 iiiios.
221 1199 235 1228 u

155 1273 309 1336 Praeterea
324 1289 361 1336 aa
377 1273 479 1336 usibus
493 1273 708 1353 hebraeorum,
729 1276 781 1354 qui
796 1274 834 1337 ed
848 1275 926 1337 hanc
939 1291 1033 1354 usque
1045 1275 1124 1336 diern
1136 1291 1196 1338 ser·

116 1377 225 1434 rantra
246 1374 323 1434 inter
347 1387 420 1453 eos,
445 1380 475 1436 et
495 1391 532 1436 ex
554 1389 707 1454 synagoga
729 1376 915 1453 sapientum,
940 1377 992 1452 qni
1011 1375 1199 1436 commutati

115 1473 186 1532 mot
201 1471 292 1532 citata
311 1471 459 1534 uocabula
472 1479 502 1534 et
516 1475 676 1534 sententias
688 1478 820 1533 veterum
835 1471 1066 1550 Prophetarum,
1087 1475 1199 1534 eruitiu

115 1567 262 1646 mornado
279 1569 381 1648 judaei
400 1571 552 1649 expiarent
571 1571 734 1650 parentalia
754 1587 898 1648 suoram,
920 1571 1048 1649 quidque
1067 1573 1123 1649 ipsi
1136 1587 1198 1633 cre·

113 1665 217 1729 darant
235 1683 273 1729 ex
293 1669 340 1731 his
360 1669 490 1748 eihan,
510 1676 541 1732 et
557 1669 695 1732 docerent
711 1671 748 1731 de
766 1671 920 1732 animabus
937 1671 1064 1733 fratrum
1077 1687 1197 1734 suorum

113 1773 182 1844 poat
202 1767 325 1830 obitum.
352 1769 516 1833 credidisse
540 1770 681 1832 hebraeos
701 1773 733 1832 in
757 1771 850 1832 altera
872 1772 935 1834 vita
957 1771 995 1850 (a)
1024 1775 1198 1850 expiationis

113 1863 233 1945 locam,
254 1865 306 1926 uhi
322 1867 527 1930 detunctorum
540 1873 656 1930 animae
672 1869 711 1930 ad
724 1873 868 1932 satanam
877 1871 1017 1948 temporis
1031 1869 1197 1932 detinentur

114 1977 153 2024 ex
179 1963 369 2026 rabbinorum
397 1969 564 2028 testimonio
585 1967 736 2046 probatur.
764 1969 800 2028 ln
822 1967 927 2029 Glosse
947 1965 1122 2028 Talmudica
1148 1967 1199 2029 Ea

116 2061 217 2125 iarael
233 2063 272 2124 ad
296 2069 456 2127 undatim
479 2065 575 2128 Resch
595 2066 734 2146 meae,
760 2082 812 2128 seu
832 2067 869 2128 de
887 2069 973 2128 initio
993 2069 1075 2144 anni,
1090 2067 1199 2145 iegitrir

116 2177 183 2240 cap.
207 2177 232 2222 1.
259 2161 360 2224 «Sinni
378 2165 431 2242 qui
450 2170 607 2242 postquam
624 2167 656 2224 in
676 2161 809 2243 gehenna
824 2169 888 2244 Jam
907 2179 1016 2244 poenas
1036 2165 1197 2244 dederunt,

112 2257 197 2340 digni
217 2268 288 2323 sunt
307 2263 371 2323 uita
390 2268 518 2322 aemma.
541 2261 638 2324 Rahhi
658 2261 742 2323 soem
763 2264 795 2323 in
817 2261 952 2342 Nepheac
976 2260 1107 2324 Ghociao
1132 2265 1195 2323 ait:

117 2385 131 2412 ι
143 2359 181 2421 Et
200 2366 245 2422 ωε
263 2360 378 2440 ruach,
400 2363 463 2422 sive
482 2361 601 2440 spiritus
614 2361 689 2440 justi
704 2361 844 2440 perfecti,
866 2364 917 2440 qui
936 2365 1094 2440 pertransit
1113 2363 1199 2424 ilium

114 2457 230 2538 ignem,
251 2463 455 2538 phasianus,
473 2467 502 2522 at
518 2467 713 2540 congregatur
723 2463 755 2520 in
769 2460 888 2521 hortum
908 2459 1003 2522 heden
1016 2461 1196 2522 interiorem.

3 2563 4 2600 a
113 2557 430 2638 Quumqueascendit‚
452 2563 487 2621 ut
499 2559 657 2638 colligetur
677 2557 818 2621 iascicuio
839 2561 1024 2640 viventium,
1042 2561 1200 2639 pertransit

3 2665 5 2700 i
114 2659 202 2717 edam
215 2663 357 2736 tanquam
370 2661 456 2720 navis
470 2675 589 2720 sursum
602 2658 686 2720 iilum
698 2659 818 2738 ignem,
837 2658 1055 2738 etdetergitur‚
1074 2663 1197 2719 eimun-

3 2769 4 2772 ’
114 2753 203 2817 datur
221 2757 289 2837 ita,
317 2763 351 2818 ut
369 2760 462 2836 possit
489 2753 622 2837 colligari
647 2755 790 2820 inuenio
813 2755 1020 2818 viventium.»
1050 2755 1199 2833 Quidquid

113 2869 201 2931 porro
221 2861 341 2934 agerent
358 2857 475 2920 hebraei
494 2860 551 2935 ipsi
565 2860 597 2918 in
616 2857 822 2920 detunctorum
842 2857 997 2935 levamen,
1018 2853 1140 2934 (tejam
1163 2855 1200 2917 de

3 2983 4 2988 κ
115 2949 203 3011 hebel
221 2951 303 3013 lucta
325 2951 517 3016 hebraeorum
535 2953 656 3034 scribit,
679 2963 741 3016 toto
760 2957 855 3017 luctus
868 2961 999 3032 tempore
1012 2957 1198 3033 propinquio-

115 3063 163 3108 res
176 3047 327 3126 dehuncti,
349 3054 393 3112 uti
406 3055 561 3130 parentes,
582 3051 680 3130 iiiios,
701 3068 829 3128 uxores,
846 3051 974 3130 iratres,
990 3067 1106 3112 sorores
1119 3049 1199 3111 domi

3 3197 4 3204 ,
116 3160 150 3206 sa
178 3144 382 3226 continentes,
411 3155 441 3209 et
460 3145 544 3210 humi
568 3149 701 3210 sedentes
729 3147 828 3209 cibum
853 3164 957 3226 capere
983 3191 1126 3209 ......
1149 3149 1199 3210 Bis

115 3243 241 3326 singuiis
261 3241 384 3325 diebus,
405 3259 492 3308 mane
509 3253 539 3308 et
555 3263 695 3326 vespere,
717 3248 816 3308 decem
834 3247 939 3308 saitem
951 3243 1084 3307 homines
1099 3263 1134 3306 eo
1147 3263 1198 3309 ve·

115 3343 253 3422 aientes,
275 3343 325 3404 ubi
346 3346 523 3424 sitiuntur,
550 3351 705 3408 consuetas
731 3361 831 3424 preces
859 3347 1024 3422 emittunt;
1047 3343 1197 3407 Psaimum

115 3457 233 3502 xavur.
256 3445 401 3522 recitant3
423 3459 491 3504 eum
511 3459 606 3523 neque
619 3447 700 3505 exire
714 3444 822 3523 domo,
844 3459 939 3520 neque
952 3458 1135 3522 synagogem
1148 3459 1199 3520 pe·

114 3545 197 3618 tere,
216 3548 338 3620 excepta
359 3541 406 3604 die
426 3542 561 3623 sabbati,
582 3543 693 3606 luctum
714 3542 868 3622 agentibus
888 3542 984 3602 iioeet.
1006 3541 1102 3602 itabhi
1115 3542 1200 3602 Isaac

115 3639 262 3702 toletanas
282 3641 358 3703 iihro
378 3643 553 3721 Bet-ioseph
570 3642 609 3722 (a)
625 3643 662 3704 de
682 3643 787 3704 uidmo
801 3643 874 3720 tegis
887 3647 1041 3719 praecepto
1054 3641 1200 3702 disseram

115 3739 178 3798 ait:
193 3763 206 3790 a
221 3737 315 3801 hunis
336 3743 461 3821 singuiis
480 3745 680 3805 anniversario
699 3742 748 3803 die
766 3743 873 3801 mortis
888 3746 1055 3818 parentum,
1066 3744 1200 3819 jejunan-

114 3835 187 3897 dum
204 3843 270 3915 est,
291 3844 322 3898 et
334 3856 451 3917 preces,
472 3857 548 3920 quae
560 3843 705 3919 incipiunt
764 3839 873 3902 rhedae
887 3843 1026 3919 samiae,
1047 3844 1117 3900 sunt
1131 3839 1197 3900 itua-

114 3933 272 3996 dandae.»
301 3935 503 4001 Wittacherus
530 3940 606 4002 iihro
627 3957 650 4000 r.
674 3947 777 4001 contra
796 3941 965 4001 Duraeum:
996 3939 1112 4017 «Scio,
1135 3941 1196 4015 ait,

110 4031 228 4109 judaeis
246 4049 311 4096 esse
330 4033 421 4098 iihros
441 4039 647 4116 memoriales,
669 4055 742 4117 quos
764 4041 795 4099 in
816 4043 978 4120 synagogis
999 4041 1060 4100 suis
1080 4037 1198 4116 tegunt3

142 4263 178 4326 (1)
194 4265 287 4318 Sirach.
302 4269 382 4320 avii.
394 4273 433 4320 ai.
446 4296 477 4308 -
488 4269 523 4334 (2)
534 4270 620 4322 Vuisiu
632 4269 662 4322 do
677 4273 739 4335 iope
754 4271 838 4322 diuina
855 4277 938 4336 patio.
951 4273 975 4323 ei
987 4277 1041 4323 oti.
1054 4295 1084 4308 -
1096 4268 1131 4333 (3)
1142 4267 1198 4318 vti.

115 4345 242 4398 Sororium
262 4347 287 4398 in
305 4349 504 4402 iibroehiaohah
