3070 5180
787 350 830 360 .-
848 333 870 374 ¹
888 347 930 358 -

330 437 424 514 tatis
443 434 494 513 ad
509 435 589 512 hoc
600 432 806 537 negotium
837 429 1132 510 conficiendum
1158 432 1414 512 instrumen-

330 587 372 646 ta
388 583 639 674 reputantur.
656 564 719 641 Ex
731 565 795 641 his
808 563 998 641 omnibus
1013 565 1288 672 consequitur,
1303 565 1409 664 illis,

329 701 405 805 qui
431 699 728 807 Scripturarum
759 695 946 776 custodes
979 697 1206 794 habentur,
1244 726 1415 778 earum·
1519 713 1524 741 ⁴·

329 832 504 941 demque
529 833 787 939 interpretes,
815 833 927 910 omni
947 829 1103 928 studio,
1131 848 1172 910 et
1194 830 1412 940 diligentia

329 964 635 1072 inquirendum,
664 993 712 1043 ac
736 962 1028 1043 enucleandum
1061 991 1144 1042 csse
1173 993 1313 1044 verum
1334 993 1409 1044 ea·
1519 971 1529 1019 -ῑ

330 1127 420 1176 rum
446 1127 629 1195 sensum,
660 1115 702 1177 et
729 1115 891 1206 aptum,
921 1125 1007 1204 quo
1036 1099 1162 1204 possit
1188 1097 1401 1197 fidelibus,
1520 1109 1528 1154 Γ·

329 1234 448 1311 sicuti
468 1235 573 1312 vitae
596 1233 734 1340 panis,
754 1249 888 1310 rectus
899 1229 1061 1310 vivendi
1088 1229 1231 1310 modus
1249 1231 1405 1310 submi·
1520 1243 1529 1289 Ἀ

330 1367 509 1463 nistrari;
539 1383 580 1445 et
600 1367 680 1444 hoc
692 1393 788 1472 prae
806 1367 948 1444 ceteris
964 1363 1017 1443 ad
1037 1365 1319 1446 ecclesiasticos
1346 1367 1405 1444 vi·
1524 1377 1529 1425 ⁴?

330 1527 397 1577 ros
409 1515 581 1606 spectat,
597 1527 775 1605 quorum
794 1498 900 1576 labia
921 1496 1156 1577 custodiunt
1177 1501 1411 1580 scientiam..
1524 1511 1529 1561 ἑ

384 1633 458 1710 His
481 1633 639 1739 positis,
664 1631 930 1710 necessarium
954 1630 1134 1728 videtur,
1154 1629 1401 1711 sacerdotem
1525 1651 1529 1695 ὰ

332 1764 427 1844 alias
445 1766 552 1844 inter
572 1763 879 1861 sollicitudines,
894 1764 1046 1871 quibus
1065 1765 1176 1844 bono
1199 1783 1402 1846 creatura·-

331 1927 422 1976 rum
443 1898 640 2005 spirituali
661 1899 808 1976 instare
832 1897 975 1994 debet,
998 1926 1083 1976 non
1105 1897 1236 1977 solum
1257 1898 1403 1978 Biblio-

331 2059 422 2108 rum
442 2029 672 2108 divinorum
690 2031 852 2109 lectioni
881 2057 1042 2128 vacare,
1062 2059 1202 2110 verum
1230 2059 1401 2139 quoquc
1524 2059 1529 2102 ι

325 2164 442 2270 juvat
467 2165 512 2240 in
538 2165 686 2241 horum
710 2164 940 2270 cognitione
962 2162 1217 2270 adipiscenda
1243 2162 1295 2242 ad
1321 2165 1400 2242 lin-
1524 2160 1529 2234 s³

329 2312 512 2401 guas,‚et
528 2324 658 2375 mores
683 2323 824 2374 eorum
849 2323 933 2374 sese
968 2295 1171 2393 conferre,
1202 2313 1242 2374 et
1263 2294 1401 2403 perdi·
1527 2325 1529 2370 l

330 2454 455 2525 scere,
476 2428 628 2536 quibus
640 2427 816 2534 primum
830 2426 966 2507 diviua
979 2430 1187 2535 inspiratio
1205 2429 1309 2508 facta
1321 2448 1397 2526 est,
1525 2461 1526 2468 ¹

330 2577 377 2638 ut
395 2589 527 2668 aequo
544 2560 721 2640 caelestis
742 2560 894 2668 eloquii
910 2588 1055 2668 panem
1082 2561 1267 2642 fidelibus
1283 2589 1401 2671 prae·
1526 2565 1529 2628 f

328 2712 450 2792 stare,
480 2724 526 2774 ac
545 2695 727 2802 frangere
751 2695 890 2801 possit.

381 2828 497 2928 Quae
524 2857 620 2907 vero
649 2831 843 2907 hactenus
867 2827 975 2926 dixi,
1004 2827 1207 2908 auditores
1232 2828 1396 2936 optimi,

328 2987 413 3037 non
429 2977 587 3040 tantum
606 2963 760 3040 ratione
777 2961 1024 3068 probantur,
1046 2959 1115 3039 sed
1133 2959 1325 3068 exemplis
1341 2962 1399 3038 in·

329 3121 466 3199 super,
489 3113 530 3174 et
546 3096 782 3174 auctoritate
804 3094 986 3201 priorum
1003 3094 1236 3190 firmantur,
1263 3094 1400 3200 quiin

328 3227 502 3306 Ecclesia
525 3228 741 3307 christiana
765 3255 789 3306 a
810 3229 947 3334 primis
972 3227 1221 3333 temporibus
1249 3227 1400 3306 hucus-

328 3387 409 3465 que
436 3361 574 3440 aetatis
603 3359 787 3440 doctrina
811 3361 1061 3466 praestitere,
1091 3378 1132 3438 et
1161 3359 1400 3438 muneribus

329 3493 597 3573 ecclesiasticis
613 3492 794 3573 defuncti
813 3510 931 3590 sunt;
961 3493 1012 3572 ab
1039 3494 1259 3601 apostolico
1277 3521 1396 3589 aevo,

328 3627 512 3733 inquam,
524 3655 608 3732 quo
617 3628 692 3705 Dei
704 3626 876 3734 Spiritus
886 3627 1098 3734 Apostolos
1113 3625 1292 3723 afflabat,
1309 3643 1399 3704 tum

329 3784 468 3834 eorum
497 3756 805 3864 praedicationi,
836 3788 929 3837 cum
958 3759 1117 3838 illorum
1136 3758 1300 3865 Scriptis
1327 3756 1399 3836 ad-

328 3888 491 3988 stando,
507 3920 554 3970 ac
567 3890 824 3972 moderando.
842 3894 895 3970 Et
908 3895 987 3972 hoc
1006 3910 1117 4000 patet
1134 3919 1156 3970 e
1176 3891 1293 3971 donis
1309 3919 1398 3998 gra-

329 4021 501 4121 tisdatis‚
518 4052 623 4132 quae
641 4042 741 4104 tunc
758 4024 906 4104 Christi
925 4024 1129 4134 discipulis
1150 4025 1294 4106 collata
1318 4022 1399 4102 fue·

331 4184 392 4256 rc,
415 4158 459 4235 in
482 4156 632 4270 quibus
653 4158 770 4238 etiam
797 4159 957 4266 linguae
979 4157 1153 4258 donum,
1183 4175 1223 4238 et
1245 4185 1395 4237 sermo·
