3094 5184
840 429 1000 479 ..70-

418 544 445 618 S.
468 543 506 602 V.
529 541 614 602 Nunc
635 555 705 598 vero
725 537 796 614 quid
815 539 988 616 Hieronymi
1005 545 1119 616 aetate,
1142 545 1171 598 et
1189 547 1254 618 post
1271 557 1331 600 eum
1347 543 1425 606 dehis

380 641 490 700 iactum
507 647 551 698 est
567 638 668 711 libris,
692 637 928 714 investigandum
946 641 1036 696 extat.
1057 637 1189 696 Primum
1204 654 1288 715 vero,
1305 641 1430 703 lebedum

380 744 424 798 est
443 739 656 815 Hieronymum
665 735 829 814 Scripturas
849 739 955 795 veteris
964 735 1144 795 Testamenti
1161 737 1193 794 in
1206 735 1302 796 eodem
1315 755 1431 819 numero,

381 839 527 912 accipere,
549 852 607 912 quo
627 841 694 894 ante
715 834 798 893 illum
820 850 955 910 accepere
975 835 1130 910 scriptores
1146 851 1245 894 omnes
1258 836 1432 916 ecclesiastici,

380 936 508 994 maxime
519 931 671 1010 OrigeneS,
683 937 711 991 et
724 933 824 991 coaevi
832 931 1028 1008 Epiphanius,
1050 933 1242 1008 Augustinus,
1256 936 1304 1009 qni
1325 936 1435 1010 explicite

380 1033 460 1093 hunc
488 1049 641 1091 numerum
666 1031 869 1106 tradiderunt,
890 1037 940 1106 et,
962 1033 987 1089 si
1011 1029 1084 1090 tides
1104 1031 1278 1106 praestanda
1299 1040 1339 1091 est
1353 1033 1435 1093 Hiero

381 1148 472 1209 nymo
494 1130 586 1189 eidem
601 1131 631 1188 in
646 1129 768 1204 iudith,
790 1134 819 1187 et
832 1126 1004 1189 Cassiodoro
1024 1131 1055 1187 in
1074 1128 1157 1188 libris
1174 1127 1238 1187 -De
1258 1128 1358 1188 divinis
1372 1133 1436 1190 insti·

382 1227 567 1288 tutionibus·
581 1229 670 1286 etiam
683 1229 806 1285 nicaena
831 1227 961 1303 synodus
986 1227 1066 1286 hunc
1088 1243 1244 1285 numerum
1266 1226 1393 1286 librorum
1414 1233 1437 1287 in

381 1327 509 1386 ecclesiis
521 1325 727 1402 legendorum,
743 1328 855 1383 statuit.
869 1325 1003 1401 Namque
1011 1325 1209 1402 Hieronymus
1225 1324 1360 1400 (seposita
1367 1325 1437 1384 modo

388 1429 557 1502 quaestione
577 1425 613 1484 de
635 1425 782 1485 Canoniea
806 1427 977 1484 auctoritate
1001 1425 1048 1484 vel
1070 1441 1131 1484 non
1148 1424 1294 1484 Canonica
1306 1425 1398 1484 horum
1413 1427 1439 1484 li-

384 1524 524 1599 brorum)
553 1522 734 1599 praefatione
760 1524 791 1580 in
817 1522 909 1581 libros
933 1522 1097 1582 Salomonis
1125 1521 1225 1580 scribit
1252 1527 1365 1598 aperte,
1388 1539 1439 1582 euro

384 1620 501 1698 degeret
514 1624 546 1678 in
559 1619 694 1695 Oriente,
717 1619 754 1678 ad
773 1623 882 1679 amicos
900 1619 1092 1679 occidentales
1105 1663 1113 1696 ,
1135 1601 1286 1678 ecclesiam
1303 1619 1353 1678 Dei
1366 1621 1439 1696 legere

385 1720 475 1778 libros
495 1717 709 1794 Ecclesiastici,
731 1717 906 1795 Sapientiae,
922 1717 1041 1795 Tobiae,
1057 1718 1160 1777 iudith
1179 1725 1208 1777 et
1221 1717 1440 1778 Machabaeomm

384 1817 478 1894 duos,
508 1816 619 1877 scilicet
643 1831 743 1875 omnes
770 1823 912 1893 quotquot
937 1832 1016 1875 nunc
1040 1816 1187 1894 legimus,
1212 1822 1244 1875 et
1270 1819 1440 1892 quotquoth

385 1915 484 1975 codiee
505 1914 666 1973 Btbliorum
688 1918 821 1974 veterum
844 1931 895 1990 per
915 1914 1048 1973 eumdem
1069 1913 1284 1992 Hieronymum
1303 1913 1440 1990 emendato,

384 2017 414 2072 et
433 2012 627 2090 quadraginta
646 2019 772 2088 quatuor
784 2011 875 2088 libros
885 2016 973 2089 Juxta
990 2011 1181 2098 Septuaginta
1195 2011 1376 2090 perhibente,
1390 2029 1441 2088 prae

385 2111 520 2171 manibus
543 2110 648 2170 habuit
666 2109 867 2170 Cassiodorus.

428 2208 579 2268 Proiectus
609 2225 696 2284 porro
718 2210 750 2266 ln
770 2208 917 2268 Orientem
942 2207 1162 2286 Hieronymus,
1187 2207 1289 2286 ibique
1321 2223 1380 2268 cum
1405 2208 1440 2265 he·

386 2306 481 2366 bracis
501 2303 641 2365 'versatus
670 2305 844 2365 utiliorum
870 2305 1002 2383 lingnam
1032 2305 1223 2382 addisceret,
1259 2307 1441 2382 interpretatio

386 2421 453 2463 nem
482 2419 632 2463 sacrorum
662 2404 805 2463 librorum
837 2421 991 2482 aggressus
1011 2411 1078 2481 cst,
1100 2409 1129 2464 et
1148 2407 1179 2463 in
1199 2405 1259 2463 hoc
1277 2421 1360 2480 opere
1377 2401 1441 2462 cond

386 2502 500 2577 ciendo,
521 2503 614 2561 multa
633 2504 724 2560 sensit
742 2501 850 2561 habere
862 2501 1052 2580 Septuaginta
1064 2505 1250 2580 interpretes,
1265 2519 1339 2579 quac
1350 2499 1441 2560 hebraei

387 2615 534 2659 enumero
543 2599 706 2659 Bibliorum
715 2599 900 2675 respuebant.
913 2601 1024 2659 Ibidem
1033 2603 1141 2677 pariter
1149 2601 1286 2677 Gregorii
1305 2599 1442 2659 nazianzeni

387 2697 573 2773 disciplinam
588 2698 625 2756 de
646 2696 803 2773 Scripturis
822 2704 947 2757 sectatus
962 2705 1023 2776 est,
1039 2715 1073 2758 ac
1086 2715 1140 2758 sua
1153 2701 1185 2756 in
1198 2701 1310 2774 scripta
1325 2695 1444 2757 uanstulit

388 2795 516 2872 ejusdem
546 2795 672 2854 doctoris
691 2795 840 2854 (lenonem
859 2795 1022 2855 Bibliornm
1044 2795 1310 2882 (quemadmodum
1330 2793 1443 2870 saprade

391 2907 427 2952 eo
446 2893 587 2970 exposui)
609 2900 639 2953 et
659 2893 760 2952 eadem
784 2893 996 2972 significatione
1022 2897 1132 2972 accepit
1152 2895 1231 2954 idem
1258 2893 1442 2971 Hieronymus,
1501 2937 1502 2940 η

390 3171 487 3234 ronyrni
510 3172 630 3235 mian,
652 3185 680 3224 en
701 3173 811 3236 eiusdem
827 3187 889 3224 aero
908 3173 986 3237 (herm
1003 3173 1077 3236 hujus
1094 3173 1268 3224 ammadverss
1285 3167 1441 3236 opinioncqti.

390 3252 438 3302 nisi
461 3253 574 3318 tirmurm
596 3267 701 3318 monum
722 3255 795 3304 valde
815 3265 869 3306 sese
887 3255 1000 3305 exhibuit
1019 3268 1077 3317 erga
1096 3254 1253 3304 dimnibtenr
1274 3250 1440 3304 horumliiblir

392 3333 458 3396 rum)
478 3333 622 3397 hujusmodi
644 3335 755 3386 amona
774 3335 858 3386 innixa
883 3337 919 3386 est
932 3335 1024 3398 cyrino
1039 3335 1280 3398 hierosolymitano,
1305 3331 1444 3396 aegaeon

389 3415 522 3477 nanneno,
543 3414 659 3480 origeni,
680 3416 837 3480 Augustino,
857 3416 961 3466 concilio
979 3416 1108 3479 africano,
1131 3417 1155 3466 et
1166 3414 1310 3466 Innocentio
1330 3409 1441 3478 pontificii.
1499 3431 1500 3434 ¹

390 3495 434 3557 qui
457 3509 542 3545 omnes
564 3497 671 3559 apertius
692 3494 723 3546 de
746 3497 785 3547 his
796 3497 867 3547 libris
887 3488 1054 3561 scripsemnt;
1073 3499 1120 3546 hoc
1134 3497 1215 3546 umen
1230 3495 1379 3554 discrimine,
1395 3487 1442 3554 quid

396 3575 463 3638 duo,
480 3576 543 3626 idest
556 3577 663 3639 cyrillus
674 3579 699 3627 et
707 3577 839 3640 Gregorius
849 3577 927 3627 veluti
947 3578 1038 3641 privati
1058 3577 1126 3640 viri,
1146 3576 1213 3627 baud
1229 3589 1338 3641 expensa
1347 3573 1445 3624 urit&

393 3655 515 3706 &nimiae
530 3657 561 3707 de
575 3659 622 3708 hae
643 3672 670 3708 re
689 3658 747 3722 tide,
767 3661 821 3712 sira
842 3659 874 3710 ob
896 3659 1041 3710 scandalum
1063 3659 1245 3721 nummorum,
1267 3671 1296 3708 se
1310 3653 1442 3708 neoniae

390 3734 441 3784 rint
460 3736 487 3784 in
509 3749 612 3788 numam
634 3739 815 3803 scriptuarum
834 3753 851 3790 a
867 3740 1005 3792 christianis
1022 3741 1048 3790 et
1068 3739 1180 3790 hebraeis
1189 3740 1292 3802 accepto
1302 3775 1311 3802 ,
1333 3735 1387 3800 quin
1401 3743 1442 3780 itti
1498 3757 1499 3760 ¹

391 3815 551 3866 mentirentur
569 3819 672 3872 aliarum
693 3820 834 3884 divinitati,
855 3823 960 3884 utparte
971 3835 988 3870 ι.
1001 3822 1126 3871 ostensum
1144 3821 1189 3869 est.
1214 3819 1295 3868 ceteri
1307 3830 1362 3868 rere
1375 3812 1442 3862 deboc

390 3897 467 3946 totius
486 3898 609 3948 Ecclesiae
630 3899 801 3964 investigantes
822 3901 913 3965 fidon,
935 3902 1003 3952 aliter
1026 3901 1103 3951 abiis
1121 3901 1177 3964 jure
1196 3897 1370 3949 constituerunt
1386 3897 1443 3943 dano

389 3989 468 4040 nem;
490 3976 517 4027 id
538 3981 575 4029 est
595 3981 729 4044 origenes,
750 3981 794 4044 qui
816 3981 871 4032 ideo
894 3983 979 4032 orbem
998 3982 1049 4032 tere
1070 3981 1231 4031 christianum
1248 3975 1387 4042 peragrarit,
1406 3975 1440 4020 io·

389 4057 519 4122 guatinas,
540 4060 584 4123 qui
606 4061 696 4112 latinae
718 4062 859 4112 Occidentis
878 4063 1002 4112 Ecclesiae
1019 4062 1150 4112 ethtrieac
1163 4061 1339 4122 mama,
1358 4055 1444 4106 rimi*

391 4138 510 4190 (titionem
532 4144 639 4192 veterem
661 4142 691 4192 de
713 4143 799 4193 eadem
814 4157 841 4193 re
863 4144 1014 4208 consuluit;
1040 4143 1133 4206 paritor
1158 4142 1257 4192 concilii
1279 4131 1443 4200 magnoni

392 4222 491 4284 patres,
514 4222 558 4285 qui
579 4223 605 4271 iu
626 4222 756 4287 omnibus,
784 4223 842 4273 fidei
862 4225 977 4274 nicaenae
998 4223 1107 4272 obsecuti
1134 4223 1210 4283 sunt;
1228 4221 1286 4270 item
1316 4213 1444 4268 mamlius

393 4301 459 4362 Papa
468 4303 487 4348 l.
509 4301 552 4362 qui
572 4302 657 4363 utpote
676 4315 786 4352 summus
805 4303 879 4364 juder
901 4304 989 4352 dehoc
1000 4304 1099 4352 canone
1118 4301 1243 4350 consultus
1259 4293 1443 4358 furnensem

390 4379 510 4429 tolosano.
530 4379 636 4430 Libratis
646 4393 703 4442 ergo
713 4381 828 4444 nutuque
837 4383 877 4432 iris
888 4381 1051 4444 testimoniis,
1075 4380 1172 4432 cuinam
1182 4376 1370 4431 nobitatandran
1376 4371 1427 4424 atil-³
