<?xml version="1.0" encoding="UTF-8"?>
<!DOCTYPE html PUBLIC "-//W3C//DTD XHTML 1.0 Transitional//EN"
    "http://www.w3.org/TR/xhtml1/DTD/xhtml1-transitional.dtd">
<html xmlns="http://www.w3.org/1999/xhtml" xml:lang="en" lang="en">
 <head>
  <title>
</title>
<meta http-equiv="Content-Type" content="text/html;charset=utf-8" />
  <meta name='ocr-system' content='tesseract 3.04.00' />
  <meta name='ocr-capabilities' content='ocr_page ocr_carea ocr_par ocr_line ocrx_word'/>
</head>
<body>
  <div class='ocr_page' id='page_1' title='image "./sessioquartacon00vincgoog_0267.png"; bbox 0 0 3022 5178; ppageno 0'>
   <div class='ocr_carea' id='block_1_1' title="bbox 821 373 999 424">
    <p class='ocr_par' dir='ltr' id='par_1_1' title="bbox 821 373 999 424">
     <span class='ocr_line' id='line_1_1' title="bbox 821 373 999 424; baseline 0 0"><span class='ocrx_word' id='word_1_1' title='bbox 821 373 999 424; x_wconf 78' lang='lat'>-212-</span> 
     </span>
    </p>
   </div>
   <div class='ocr_carea' id='block_1_2' title="bbox 376 479 1450 4061">
    <p class='ocr_par' dir='ltr' id='par_1_2' title="bbox 378 479 1435 656">
     <span class='ocr_line' id='line_1_2' title="bbox 379 479 1435 564; baseline 0.002 -19"><span class='ocrx_word' id='word_1_2' title='bbox 379 519 392 531; x_wconf 92' lang='lat'><strong>·</strong></span> <span class='ocrx_word' id='word_1_3' title='bbox 403 485 433 546; x_wconf 92' lang='lat' dir='ltr'>Si</span> <span class='ocrx_word' id='word_1_4' title='bbox 452 485 575 544; x_wconf 90' lang='lat' dir='ltr'>multum</span> <span class='ocrx_word' id='word_1_5' title='bbox 601 481 689 542; x_wconf 87' lang='lat' dir='ltr'>fucrlt</span> <span class='ocrx_word' id='word_1_6' title='bbox 717 479 787 556; x_wconf 86' lang='lat' dir='ltr'>tibi,</span> <span class='ocrx_word' id='word_1_7' title='bbox 808 481 989 540; x_wconf 72' lang='lat' dir='ltr'>abundanter</span> <span class='ocrx_word' id='word_1_8' title='bbox 1005 479 1118 556; x_wconf 89' lang='lat' dir='ltr'>tribua,</span> <span class='ocrx_word' id='word_1_9' title='bbox 1145 483 1171 540; x_wconf 89' lang='lat' dir='ltr'>sl</span> <span class='ocrx_word' id='word_1_10' title='bbox 1187 483 1325 559; x_wconf 82' lang='lat' dir='ltr'>exiguum</span> <span class='ocrx_word' id='word_1_11' title='bbox 1342 483 1435 564; x_wconf 83' lang='lat' dir='ltr'>luerit,</span> 
     </span>
     <span class='ocr_line' id='line_1_3' title="bbox 378 578 1076 656; baseline -0.004 -15"><span class='ocrx_word' id='word_1_12' title='bbox 378 590 475 642; x_wconf 90' lang='lat' dir='ltr'>tamen</span> <span class='ocrx_word' id='word_1_13' title='bbox 496 585 633 656; x_wconf 80' lang='lat' dir='ltr'>exiguum</span> <span class='ocrx_word' id='word_1_14' title='bbox 651 578 772 637; x_wconf 81' lang='lat' dir='ltr'>libenter</span> <span class='ocrx_word' id='word_1_15' title='bbox 792 580 934 654; x_wconf 89' lang='lat' dir='ltr'>impertiri</span> <span class='ocrx_word' id='word_1_16' title='bbox 952 578 1076 638; x_wconf 70' lang='lat' dir='ltr'>stude.»</span> 
     </span>
    </p>

    <p class='ocr_par' dir='ltr' id='par_1_3' title="bbox 378 675 1447 1529">
     <span class='ocr_line' id='line_1_4' title="bbox 401 675 1441 754; baseline 0.002 -16"><span class='ocrx_word' id='word_1_17' title='bbox 401 682 446 754; x_wconf 82' lang='lat'>·§.</span> <span class='ocrx_word' id='word_1_18' title='bbox 470 680 564 740; x_wconf 91' lang='lat' dir='ltr'>XVII.</span> <span class='ocrx_word' id='word_1_19' title='bbox 580 677 734 737; x_wconf 86' lang='lat' dir='ltr'>Assemani</span> <span class='ocrx_word' id='word_1_20' title='bbox 746 683 817 736; x_wconf 91' lang='lat' dir='ltr'>tom.</span> <span class='ocrx_word' id='word_1_21' title='bbox 835 693 888 734; x_wconf 88' lang='lat'><em>111.</em></span> <span class='ocrx_word' id='word_1_22' title='bbox 904 675 1261 736; x_wconf 81' lang='lat' dir='ltr'>bibliotheoanrientalls</span> <span class='ocrx_word' id='word_1_23' title='bbox 1272 680 1441 740; x_wconf 84' lang='lat' dir='ltr'>mentionem</span> 
     </span>
     <span class='ocr_line' id='line_1_5' title="bbox 379 777 1443 853; baseline 0.003 -17"><span class='ocrx_word' id='word_1_24' title='bbox 379 780 449 838; x_wconf 87' lang='lat' dir='ltr'>facit</span> <span class='ocrx_word' id='word_1_25' title='bbox 463 779 500 837; x_wconf 91' lang='lat' dir='ltr'>de</span> <span class='ocrx_word' id='word_1_26' title='bbox 516 777 733 853; x_wconf 86' lang='lat' dir='ltr'>Abulpharagio</span> <span class='ocrx_word' id='word_1_27' title='bbox 750 778 844 852; x_wconf 87' lang='lat' dir='ltr'>petria</span> <span class='ocrx_word' id='word_1_28' title='bbox 866 777 978 852; x_wconf 90' lang='lat' dir='ltr'>assyrio</span> <span class='ocrx_word' id='word_1_29' title='bbox 996 777 1176 852; x_wconf 86' lang='lat' dir='ltr'>nestoriano,</span> <span class='ocrx_word' id='word_1_30' title='bbox 1195 779 1245 852; x_wconf 89' lang='lat' dir='ltr'>qul</span> <span class='ocrx_word' id='word_1_31' title='bbox 1262 779 1339 837; x_wconf 83' lang='lat' dir='ltr'>vixit</span> <span class='ocrx_word' id='word_1_32' title='bbox 1352 795 1443 840; x_wconf 79' lang='lat' dir='ltr'>saecu</span> 
     </span>
     <span class='ocr_line' id='line_1_6' title="bbox 379 871 1444 948; baseline 0 -16"><span class='ocrx_word' id='word_1_33' title='bbox 379 875 408 932; x_wconf 95' lang='lat' dir='ltr'>lo</span> <span class='ocrx_word' id='word_1_34' title='bbox 425 874 531 932; x_wconf 87' lang='lat' dir='ltr'>Christi</span> <span class='ocrx_word' id='word_1_35' title='bbox 545 874 667 931; x_wconf 91' lang='lat' dir='ltr'>decimo.</span> <span class='ocrx_word' id='word_1_36' title='bbox 680 872 726 930; x_wconf 87' lang='lat' dir='ltr'>Ab</span> <span class='ocrx_word' id='word_1_37' title='bbox 735 872 868 948; x_wconf 87' lang='lat' dir='ltr'>Aegypto</span> <span class='ocrx_word' id='word_1_38' title='bbox 885 874 916 928; x_wconf 90' lang='lat' dir='ltr'>in</span> <span class='ocrx_word' id='word_1_39' title='bbox 928 871 1131 930; x_wconf 78' lang='lat' dir='ltr'>bibliothecam</span> <span class='ocrx_word' id='word_1_40' title='bbox 1144 875 1309 932; x_wconf 83' lang='lat' dir='ltr'>vaticanam</span> <span class='ocrx_word' id='word_1_41' title='bbox 1324 876 1366 932; x_wconf 87' lang='lat' dir='ltr'>ait</span> <span class='ocrx_word' id='word_1_42' title='bbox 1380 876 1444 934; x_wconf 89' lang='lat' dir='ltr'>alla-</span> 
     </span>
     <span class='ocr_line' id='line_1_7' title="bbox 379 967 1447 1047; baseline 0.001 -18"><span class='ocrx_word' id='word_1_43' title='bbox 379 978 442 1030; x_wconf 87' lang='lat' dir='ltr'>tum</span> <span class='ocrx_word' id='word_1_44' title='bbox 454 985 516 1028; x_wconf 88' lang='lat' dir='ltr'>esse</span> <span class='ocrx_word' id='word_1_45' title='bbox 525 969 671 1045; x_wconf 84' lang='lat' dir='ltr'>quoddam</span> <span class='ocrx_word' id='word_1_46' title='bbox 688 971 828 1044; x_wconf 89' lang='lat' dir='ltr'>scriptum</span> <span class='ocrx_word' id='word_1_47' title='bbox 842 967 1050 1044; x_wconf 72' lang='lat' dir='ltr'>abulpharagii</span> <span class='ocrx_word' id='word_1_48' title='bbox 1060 1011 1070 1045; x_wconf 94' lang='lat'>,</span> <span class='ocrx_word' id='word_1_49' title='bbox 1080 969 1195 1028; x_wconf 88' lang='lat' dir='ltr'>arabico</span> <span class='ocrx_word' id='word_1_50' title='bbox 1209 987 1357 1045; x_wconf 86' lang='lat' dir='ltr'>sannone,</span> <span class='ocrx_word' id='word_1_51' title='bbox 1373 973 1447 1047; x_wconf 90' lang='lat' dir='ltr'>quod</span> 
     </span>
     <span class='ocr_line' id='line_1_8' title="bbox 378 1065 1447 1126; baseline 0.001 -1"><span class='ocrx_word' id='word_1_52' title='bbox 378 1066 534 1126; x_wconf 89' lang='lat' dir='ltr'>Paradisus</span> <span class='ocrx_word' id='word_1_53' title='bbox 549 1067 772 1124; x_wconf 87' lang='lat' dir='ltr'>christianorum</span> <span class='ocrx_word' id='word_1_54' title='bbox 783 1065 959 1124; x_wconf 83' lang='lat' dir='ltr'>inscribitur.</span> <span class='ocrx_word' id='word_1_55' title='bbox 976 1067 1011 1124; x_wconf 94' lang='lat' dir='ltr'>In</span> <span class='ocrx_word' id='word_1_56' title='bbox 1024 1066 1080 1124; x_wconf 92' lang='lat' dir='ltr'>hoc</span> <span class='ocrx_word' id='word_1_57' title='bbox 1099 1069 1283 1126; x_wconf 89' lang='lat' dir='ltr'>continentur</span> <span class='ocrx_word' id='word_1_58' title='bbox 1296 1067 1401 1126; x_wconf 84' lang='lat' dir='ltr'>breves</span> <span class='ocrx_word' id='word_1_59' title='bbox 1414 1069 1447 1126; x_wconf 91' lang='lat' dir='ltr'>de</span> 
     </span>
     <span class='ocr_line' id='line_1_9' title="bbox 378 1164 1446 1240; baseline -0.001 -17"><span class='ocrx_word' id='word_1_60' title='bbox 378 1171 500 1240; x_wconf 87' lang='lat' dir='ltr'>utroque</span> <span class='ocrx_word' id='word_1_61' title='bbox 519 1168 692 1222; x_wconf 88' lang='lat' dir='ltr'>testamento</span> <span class='ocrx_word' id='word_1_62' title='bbox 712 1165 910 1238; x_wconf 83' lang='lat' dir='ltr'>quaestiones,</span> <span class='ocrx_word' id='word_1_63' title='bbox 934 1166 1073 1222; x_wconf 89' lang='lat' dir='ltr'>nimirum</span> <span class='ocrx_word' id='word_1_64' title='bbox 1094 1165 1125 1221; x_wconf 91' lang='lat' dir='ltr'>in</span> <span class='ocrx_word' id='word_1_65' title='bbox 1144 1164 1395 1239; x_wconf 87' lang='lat' dir='ltr'>Pentataucbum,</span> <span class='ocrx_word' id='word_1_66' title='bbox 1419 1167 1446 1222; x_wconf 90' lang='lat' dir='ltr'>in</span> 
     </span>
     <span class='ocr_line' id='line_1_10' title="bbox 378 1259 1447 1337; baseline 0 -17"><span class='ocrx_word' id='word_1_67' title='bbox 378 1262 483 1336; x_wconf 78' lang='lat' dir='ltr'>toene,</span> <span class='ocrx_word' id='word_1_68' title='bbox 506 1264 537 1318; x_wconf 89' lang='lat' dir='ltr'>in</span> <span class='ocrx_word' id='word_1_69' title='bbox 555 1261 688 1334; x_wconf 84' lang='lat' dir='ltr'>Iudices,</span> <span class='ocrx_word' id='word_1_70' title='bbox 703 1262 735 1318; x_wconf 90' lang='lat' dir='ltr'>in</span> <span class='ocrx_word' id='word_1_71' title='bbox 750 1263 876 1335; x_wconf 87' lang='lat' dir='ltr'>primum</span> <span class='ocrx_word' id='word_1_72' title='bbox 889 1266 918 1319; x_wconf 89' lang='lat' dir='ltr'>et</span> <span class='ocrx_word' id='word_1_73' title='bbox 930 1260 1089 1318; x_wconf 89' lang='lat' dir='ltr'>seeundum</span> <span class='ocrx_word' id='word_1_74' title='bbox 1103 1259 1260 1337; x_wconf 82' lang='lat' dir='ltr'>Samuelis,</span> <span class='ocrx_word' id='word_1_75' title='bbox 1275 1263 1306 1320; x_wconf 90' lang='lat' dir='ltr'>in</span> <span class='ocrx_word' id='word_1_76' title='bbox 1325 1263 1447 1336; x_wconf 89' lang='lat' dir='ltr'>primun</span> 
     </span>
     <span class='ocr_line' id='line_1_11' title="bbox 379 1356 1447 1432; baseline 0.001 -18"><span class='ocrx_word' id='word_1_77' title='bbox 379 1363 409 1415; x_wconf 87' lang='lat' dir='ltr'>et</span> <span class='ocrx_word' id='word_1_78' title='bbox 424 1358 587 1416; x_wconf 67' lang='lat' dir='ltr'>secundum,</span> <span class='ocrx_word' id='word_1_79' title='bbox 598 1357 728 1432; x_wconf 86' lang='lat' dir='ltr'>Regum,</span> <span class='ocrx_word' id='word_1_80' title='bbox 747 1359 779 1414; x_wconf 92' lang='lat' dir='ltr'>in</span> <span class='ocrx_word' id='word_1_81' title='bbox 799 1356 870 1431; x_wconf 88' lang='lat' dir='ltr'>Iob,</span> <span class='ocrx_word' id='word_1_82' title='bbox 891 1359 923 1413; x_wconf 91' lang='lat' dir='ltr'>in</span> <span class='ocrx_word' id='word_1_83' title='bbox 942 1356 1090 1432; x_wconf 87' lang='lat' dir='ltr'>Psalmos,</span> <span class='ocrx_word' id='word_1_84' title='bbox 1108 1359 1140 1416; x_wconf 88' lang='lat' dir='ltr'>in</span> <span class='ocrx_word' id='word_1_85' title='bbox 1157 1357 1336 1432; x_wconf 82' lang='lat' dir='ltr'>Sapientiam</span> <span class='ocrx_word' id='word_1_86' title='bbox 1353 1363 1384 1415; x_wconf 90' lang='lat' dir='ltr'>et</span> <span class='ocrx_word' id='word_1_87' title='bbox 1397 1357 1447 1416; x_wconf 85' lang='lat' dir='ltr'>Ec·</span> 
     </span>
     <span class='ocr_line' id='line_1_12' title="bbox 379 1453 1428 1529; baseline 0 -17"><span class='ocrx_word' id='word_1_88' title='bbox 379 1456 548 1529; x_wconf 86' lang='lat' dir='ltr'>clesiasten,</span> <span class='ocrx_word' id='word_1_89' title='bbox 565 1456 596 1510; x_wconf 90' lang='lat' dir='ltr'>in</span> <span class='ocrx_word' id='word_1_90' title='bbox 613 1453 765 1512; x_wconf 87' lang='lat' dir='ltr'>Canticum</span> <span class='ocrx_word' id='word_1_91' title='bbox 785 1453 987 1528; x_wconf 79' lang='lat' dir='ltr'>Candcorum,</span> <span class='ocrx_word' id='word_1_92' title='bbox 999 1456 1030 1510; x_wconf 84' lang='lat' dir='ltr'>tn</span> <span class='ocrx_word' id='word_1_93' title='bbox 1044 1453 1277 1512; x_wconf 83' lang='lat' dir='ltr'>Ecclesiastioum</span> <span class='ocrx_word' id='word_1_94' title='bbox 1292 1461 1322 1512; x_wconf 91' lang='lat' dir='ltr'>et</span> <span class='ocrx_word' id='word_1_95' title='bbox 1337 1454 1428 1512; x_wconf 84' lang='lat' dir='ltr'>Ruth.</span> 
     </span>
    </p>

    <p class='ocr_par' dir='ltr' id='par_1_4' title="bbox 376 1549 1450 4061">
     <span class='ocr_line' id='line_1_13' title="bbox 418 1549 1447 1628; baseline 0 -18"><span class='ocrx_word' id='word_1_96' title='bbox 418 1553 447 1628; x_wconf 73' lang='lat' dir='ltr'>S.</span> <span class='ocrx_word' id='word_1_97' title='bbox 469 1552 577 1612; x_wconf 85' lang='lat' dir='ltr'>XVIII.</span> <span class='ocrx_word' id='word_1_98' title='bbox 596 1551 768 1627; x_wconf 81' lang='lat' dir='ltr'>liudulphus</span> <span class='ocrx_word' id='word_1_99' title='bbox 783 1549 943 1608; x_wconf 89' lang='lat' dir='ltr'>monachus</span> <span class='ocrx_word' id='word_1_100' title='bbox 956 1550 1139 1610; x_wconf 81' lang='lat' dir='ltr'>flaviacensis</span> <span class='ocrx_word' id='word_1_101' title='bbox 1154 1553 1186 1608; x_wconf 88' lang='lat' dir='ltr'>in</span> <span class='ocrx_word' id='word_1_102' title='bbox 1200 1551 1309 1610; x_wconf 88' lang='lat' dir='ltr'>divinis</span> <span class='ocrx_word' id='word_1_103' title='bbox 1322 1549 1447 1626; x_wconf 87' lang='lat' dir='ltr'>Scriptu-</span> 
     </span>
     <span class='ocr_line' id='line_1_14' title="bbox 380 1647 1447 1723; baseline -0.001 -16"><span class='ocrx_word' id='word_1_104' title='bbox 380 1653 420 1709; x_wconf 86' lang='lat' dir='ltr'>ris</span> <span class='ocrx_word' id='word_1_105' title='bbox 442 1652 569 1710; x_wconf 85' lang='lat' dir='ltr'>maxime</span> <span class='ocrx_word' id='word_1_106' title='bbox 595 1650 730 1708; x_wconf 81' lang='lat' dir='ltr'>excelluit</span> <span class='ocrx_word' id='word_1_107' title='bbox 751 1649 834 1706; x_wconf 91' lang='lat' dir='ltr'>initio</span> <span class='ocrx_word' id='word_1_108' title='bbox 857 1647 965 1708; x_wconf 87' lang='lat' dir='ltr'>saeculi</span> <span class='ocrx_word' id='word_1_109' title='bbox 988 1649 1102 1706; x_wconf 90' lang='lat' dir='ltr'>decimi.</span> <span class='ocrx_word' id='word_1_110' title='bbox 1124 1648 1240 1706; x_wconf 86' lang='lat' dir='ltr'>Praeter</span> <span class='ocrx_word' id='word_1_111' title='bbox 1262 1648 1337 1723; x_wconf 78' lang='lat' dir='ltr'>aba,</span> <span class='ocrx_word' id='word_1_112' title='bbox 1362 1648 1447 1706; x_wconf 83' lang='lat' dir='ltr'>libros</span> 
     </span>
     <span class='ocr_line' id='line_1_15' title="bbox 379 1745 1449 1824; baseline -0.001 -19"><span class='ocrx_word' id='word_1_113' title='bbox 379 1749 485 1824; x_wconf 82' lang='lat' dir='ltr'>viginti</span> <span class='ocrx_word' id='word_1_114' title='bbox 501 1748 616 1821; x_wconf 89' lang='lat' dir='ltr'>scripsit</span> <span class='ocrx_word' id='word_1_115' title='bbox 641 1749 673 1804; x_wconf 93' lang='lat' dir='ltr'>in</span> <span class='ocrx_word' id='word_1_116' title='bbox 698 1746 879 1821; x_wconf 87' lang='lat' dir='ltr'>Levitioum,</span> <span class='ocrx_word' id='word_1_117' title='bbox 901 1761 917 1803; x_wconf 90' lang='lat' dir='ltr'>e</span> <span class='ocrx_word' id='word_1_118' title='bbox 936 1745 1041 1820; x_wconf 81' lang='lat' dir='ltr'>qrdbus</span> <span class='ocrx_word' id='word_1_119' title='bbox 1060 1745 1154 1804; x_wconf 88' lang='lat' dir='ltr'>Biblia</span> <span class='ocrx_word' id='word_1_120' title='bbox 1171 1745 1449 1806; x_wconf 79' lang='lat' dir='ltr'>DeuteroCanoniea</span> 
     </span>
     <span class='ocr_line' id='line_1_16' title="bbox 380 1842 1446 1920; baseline -0.002 -18"><span class='ocrx_word' id='word_1_121' title='bbox 380 1844 520 1903; x_wconf 89' lang='lat' dir='ltr'>divinitus</span> <span class='ocrx_word' id='word_1_122' title='bbox 538 1846 678 1920; x_wconf 87' lang='lat' dir='ltr'>inspirata</span> <span class='ocrx_word' id='word_1_123' title='bbox 691 1860 842 1918; x_wconf 81' lang='lat' dir='ltr'>excerpere</span> <span class='ocrx_word' id='word_1_124' title='bbox 856 1844 932 1902; x_wconf 87' lang='lat' dir='ltr'>licet.</span> <span class='ocrx_word' id='word_1_125' title='bbox 948 1843 1037 1902; x_wconf 91' lang='lat' dir='ltr'>Libro</span> <span class='ocrx_word' id='word_1_126' title='bbox 1049 1850 1153 1919; x_wconf 86' lang='lat' dir='ltr'>quarto</span> <span class='ocrx_word' id='word_1_127' title='bbox 1170 1845 1202 1902; x_wconf 91' lang='lat' dir='ltr'>in</span> <span class='ocrx_word' id='word_1_128' title='bbox 1218 1843 1383 1902; x_wconf 73' lang='lat' dir='ltr'>leviticum</span> <span class='ocrx_word' id='word_1_129' title='bbox 1395 1842 1446 1900; x_wconf 87' lang='lat' dir='ltr'>Ba-</span> 
     </span>
     <span class='ocr_line' id='line_1_17' title="bbox 380 1939 1448 2018; baseline -0.002 -18"><span class='ocrx_word' id='word_1_130' title='bbox 380 1943 453 2000; x_wconf 89' lang='lat' dir='ltr'>rueh</span> <span class='ocrx_word' id='word_1_131' title='bbox 469 1941 506 2017; x_wconf 85' lang='lat' dir='ltr'>(t)</span> <span class='ocrx_word' id='word_1_132' title='bbox 521 1942 610 2001; x_wconf 83' lang='lat' dir='ltr'>uerba</span> <span class='ocrx_word' id='word_1_133' title='bbox 629 1944 671 2000; x_wconf 89' lang='lat' dir='ltr'>ita</span> <span class='ocrx_word' id='word_1_134' title='bbox 696 1943 780 2018; x_wconf 87' lang='lat' dir='ltr'>legit:</span> <span class='ocrx_word' id='word_1_135' title='bbox 809 1965 822 1991; x_wconf 70' lang='lat' dir='ltr'>a</span> <span class='ocrx_word' id='word_1_136' title='bbox 836 1941 906 2000; x_wconf 90' lang='lat' dir='ltr'>Post</span> <span class='ocrx_word' id='word_1_137' title='bbox 925 1944 1106 2001; x_wconf 88' lang='lat' dir='ltr'>vocatlonem</span> <span class='ocrx_word' id='word_1_138' title='bbox 1124 1957 1225 2016; x_wconf 89' lang='lat' dir='ltr'>suam,</span> <span class='ocrx_word' id='word_1_139' title='bbox 1246 1939 1448 2000; x_wconf 81' lang='lat' dir='ltr'>decedentibus</span> 
     </span>
     <span class='ocr_line' id='line_1_18' title="bbox 380 2038 1447 2116; baseline -0.001 -17"><span class='ocrx_word' id='word_1_140' title='bbox 380 2040 523 2116; x_wconf 88' lang='lat' dir='ltr'>tenebris,</span> <span class='ocrx_word' id='word_1_141' title='bbox 544 2046 573 2098; x_wconf 89' lang='lat' dir='ltr'>et</span> <span class='ocrx_word' id='word_1_142' title='bbox 595 2056 665 2098; x_wconf 90' lang='lat' dir='ltr'>vcro</span> <span class='ocrx_word' id='word_1_143' title='bbox 676 2055 762 2099; x_wconf 88' lang='lat' dir='ltr'>mane</span> <span class='ocrx_word' id='word_1_144' title='bbox 779 2038 980 2114; x_wconf 83' lang='lat' dir='ltr'>illucescente,</span> <span class='ocrx_word' id='word_1_145' title='bbox 995 2039 1050 2098; x_wconf 90' lang='lat' dir='ltr'>sub</span> <span class='ocrx_word' id='word_1_146' title='bbox 1063 2039 1116 2098; x_wconf 90' lang='lat' dir='ltr'>Dei</span> <span class='ocrx_word' id='word_1_147' title='bbox 1132 2041 1295 2114; x_wconf 86' lang='lat' dir='ltr'>praesentia</span> <span class='ocrx_word' id='word_1_148' title='bbox 1311 2041 1345 2096; x_wconf 90' lang='lat' dir='ltr'>in</span> <span class='ocrx_word' id='word_1_149' title='bbox 1363 2044 1447 2098; x_wconf 85' lang='lat' dir='ltr'>aeter·</span> 
     </span>
     <span class='ocr_line' id='line_1_19' title="bbox 379 2123 1446 2214; baseline -0.004 -18"><span class='ocrx_word' id='word_1_150' title='bbox 379 2123 451 2198; x_wconf 79' lang='lat' dir='ltr'>num</span> <span class='ocrx_word' id='word_1_151' title='bbox 465 2138 586 2214; x_wconf 79' lang='lat' dir='ltr'>fulgebit</span> <span class='ocrx_word' id='word_1_152' title='bbox 603 2139 721 2197; x_wconf 87' lang='lat' dir='ltr'>lucerna</span> <span class='ocrx_word' id='word_1_153' title='bbox 736 2137 896 2196; x_wconf 88' lang='lat' dir='ltr'>eharitatis.</span> <span class='ocrx_word' id='word_1_154' title='bbox 912 2136 997 2194; x_wconf 89' lang='lat' dir='ltr'>Unde</span> <span class='ocrx_word' id='word_1_155' title='bbox 1011 2139 1150 2213; x_wconf 82' lang='lat' dir='ltr'>scrtptom</span> <span class='ocrx_word' id='word_1_156' title='bbox 1160 2141 1217 2196; x_wconf 89' lang='lat' dir='ltr'>est:</span> <span class='ocrx_word' id='word_1_157' title='bbox 1234 2134 1367 2194; x_wconf 87' lang='lat' dir='ltr'>-Stellae</span> <span class='ocrx_word' id='word_1_158' title='bbox 1380 2149 1446 2210; x_wconf 87' lang='lat' dir='ltr'>quo·</span> 
     </span>
     <span class='ocr_line' id='line_1_20' title="bbox 380 2232 1447 2312; baseline -0.004 -18"><span class='ocrx_word' id='word_1_159' title='bbox 380 2253 437 2312; x_wconf 90' lang='lat' dir='ltr'>que</span> <span class='ocrx_word' id='word_1_160' title='bbox 451 2236 591 2294; x_wconf 89' lang='lat' dir='ltr'>dederunt</span> <span class='ocrx_word' id='word_1_161' title='bbox 607 2235 706 2294; x_wconf 89' lang='lat' dir='ltr'>lumen</span> <span class='ocrx_word' id='word_1_162' title='bbox 724 2237 755 2292; x_wconf 89' lang='lat' dir='ltr'>in</span> <span class='ocrx_word' id='word_1_163' title='bbox 773 2235 910 2294; x_wconf 88' lang='lat' dir='ltr'>custodiis</span> <span class='ocrx_word' id='word_1_164' title='bbox 928 2236 999 2293; x_wconf 87' lang='lat' dir='ltr'>suis.</span> <span class='ocrx_word' id='word_1_165' title='bbox 1024 2235 1150 2294; x_wconf 78' lang='lat' dir='ltr'>Voculae</span> <span class='ocrx_word' id='word_1_166' title='bbox 1167 2238 1253 2307; x_wconf 83' lang='lat' dir='ltr'>sunt,</span> <span class='ocrx_word' id='word_1_167' title='bbox 1269 2239 1299 2292; x_wconf 89' lang='lat' dir='ltr'>et</span> <span class='ocrx_word' id='word_1_168' title='bbox 1314 2232 1447 2292; x_wconf 81' lang='lat' dir='ltr'>dincruut</span> 
     </span>
     <span class='ocr_line' id='line_1_21' title="bbox 381 2328 1447 2406; baseline -0.001 -17"><span class='ocrx_word' id='word_1_169' title='bbox 381 2333 536 2406; x_wconf 88' lang='lat' dir='ltr'>adsumus,</span> <span class='ocrx_word' id='word_1_170' title='bbox 562 2339 591 2390; x_wconf 88' lang='lat' dir='ltr'>et</span> <span class='ocrx_word' id='word_1_171' title='bbox 609 2332 747 2390; x_wconf 83' lang='lat' dir='ltr'>luxerunt</span> <span class='ocrx_word' id='word_1_172' title='bbox 766 2335 792 2390; x_wconf 90' lang='lat' dir='ltr'>ei</span> <span class='ocrx_word' id='word_1_173' title='bbox 812 2348 879 2390; x_wconf 91' lang='lat' dir='ltr'>oum</span> <span class='ocrx_word' id='word_1_174' title='bbox 894 2331 1092 2406; x_wconf 84' lang='lat' dir='ltr'>jucunditate,</span> <span class='ocrx_word' id='word_1_175' title='bbox 1116 2333 1166 2406; x_wconf 86' lang='lat' dir='ltr'>qui</span> <span class='ocrx_word' id='word_1_176' title='bbox 1182 2331 1251 2390; x_wconf 81' lang='lat' dir='ltr'>tecit</span> <span class='ocrx_word' id='word_1_177' title='bbox 1265 2347 1352 2390; x_wconf 79' lang='lat' dir='ltr'>eas.»</span> <span class='ocrx_word' id='word_1_178' title='bbox 1375 2328 1447 2388; x_wconf 89' lang='lat' dir='ltr'>Paa-</span> 
     </span>
     <span class='ocr_line' id='line_1_22' title="bbox 381 2428 1447 2504; baseline -0.001 -17"><span class='ocrx_word' id='word_1_179' title='bbox 381 2433 422 2488; x_wconf 91' lang='lat' dir='ltr'>cis</span> <span class='ocrx_word' id='word_1_180' title='bbox 441 2432 597 2504; x_wconf 89' lang='lat' dir='ltr'>interjectis</span> <span class='ocrx_word' id='word_1_181' title='bbox 616 2429 654 2488; x_wconf 88' lang='lat' dir='ltr'>ad</span> <span class='ocrx_word' id='word_1_182' title='bbox 671 2428 847 2504; x_wconf 87' lang='lat' dir='ltr'>Sapientiam</span> <span class='ocrx_word' id='word_1_183' title='bbox 869 2428 1000 2504; x_wconf 84' lang='lat' dir='ltr'>confugit</span> <span class='ocrx_word' id='word_1_184' title='bbox 1024 2428 1166 2488; x_wconf 88' lang='lat' dir='ltr'>scribens:</span> <span class='ocrx_word' id='word_1_185' title='bbox 1186 2454 1199 2478; x_wconf 76' lang='grc' dir='ltr'>α</span> <span class='ocrx_word' id='word_1_186' title='bbox 1213 2428 1323 2488; x_wconf 89' lang='lat' dir='ltr'>Notum</span> <span class='ocrx_word' id='word_1_187' title='bbox 1344 2433 1447 2500; x_wconf 71' lang='lat' dir='ltr'>auum,</span> 
     </span>
     <span class='ocr_line' id='line_1_23' title="bbox 380 2525 1448 2602; baseline -0.003 -16"><span class='ocrx_word' id='word_1_188' title='bbox 380 2534 452 2586; x_wconf 86' lang='lat' dir='ltr'>teste</span> <span class='ocrx_word' id='word_1_189' title='bbox 466 2525 504 2601; x_wconf 76' lang='lat' dir='ltr'>(a)</span> <span class='ocrx_word' id='word_1_190' title='bbox 520 2525 683 2602; x_wconf 86' lang='lat' dir='ltr'>Scriptura,</span> <span class='ocrx_word' id='word_1_191' title='bbox 697 2528 766 2601; x_wconf 89' lang='lat' dir='ltr'>quia</span> <span class='ocrx_word' id='word_1_192' title='bbox 774 2529 920 2601; x_wconf 87' lang='lat' dir='ltr'>justorum</span> <span class='ocrx_word' id='word_1_193' title='bbox 933 2526 1102 2601; x_wconf 88' lang='lat' dir='ltr'>corporibus</span> <span class='ocrx_word' id='word_1_194' title='bbox 1113 2529 1144 2582; x_wconf 91' lang='lat' dir='ltr'>in</span> <span class='ocrx_word' id='word_1_195' title='bbox 1157 2542 1227 2600; x_wconf 85' lang='lat' dir='ltr'>pace</span> <span class='ocrx_word' id='word_1_196' title='bbox 1236 2525 1375 2601; x_wconf 88' lang='lat' dir='ltr'>sepultis,</span> <span class='ocrx_word' id='word_1_197' title='bbox 1391 2525 1448 2583; x_wconf 88' lang='lat' dir='ltr'>aui-</span> 
     </span>
     <span class='ocr_line' id='line_1_24' title="bbox 380 2621 1443 2700; baseline -0.004 -18"><span class='ocrx_word' id='word_1_198' title='bbox 380 2640 447 2684; x_wconf 87' lang='lat' dir='ltr'>mac</span> <span class='ocrx_word' id='word_1_199' title='bbox 460 2639 574 2700; x_wconf 86' lang='lat' dir='ltr'>quoque</span> <span class='ocrx_word' id='word_1_200' title='bbox 589 2639 688 2682; x_wconf 89' lang='lat' dir='ltr'>eorum</span> <span class='ocrx_word' id='word_1_201' title='bbox 709 2625 740 2680; x_wconf 91' lang='lat' dir='ltr'>in</span> <span class='ocrx_word' id='word_1_202' title='bbox 755 2639 844 2680; x_wconf 90' lang='lat' dir='ltr'>manu</span> <span class='ocrx_word' id='word_1_203' title='bbox 863 2623 916 2682; x_wconf 89' lang='lat' dir='ltr'>Dei</span> <span class='ocrx_word' id='word_1_204' title='bbox 930 2629 1008 2682; x_wconf 89' lang='lat' dir='ltr'>sunt.</span> <span class='ocrx_word' id='word_1_205' title='bbox 1022 2648 1035 2673; x_wconf 67' lang='lat' dir='ltr'>a</span> <span class='ocrx_word' id='word_1_206' title='bbox 1053 2623 1140 2682; x_wconf 91' lang='lat' dir='ltr'>Libro</span> <span class='ocrx_word' id='word_1_207' title='bbox 1153 2625 1254 2698; x_wconf 87' lang='lat' dir='ltr'>quinto</span> <span class='ocrx_word' id='word_1_208' title='bbox 1268 2625 1300 2680; x_wconf 90' lang='lat' dir='ltr'>in</span> <span class='ocrx_word' id='word_1_209' title='bbox 1313 2621 1443 2680; x_wconf 87' lang='lat' dir='ltr'>eamdem</span> 
     </span>
     <span class='ocr_line' id='line_1_25' title="bbox 381 2720 1448 2796; baseline -0.004 -16"><span class='ocrx_word' id='word_1_210' title='bbox 381 2721 570 2796; x_wconf 83' lang='lat' dir='ltr'>Scriptorum,</span> <span class='ocrx_word' id='word_1_211' title='bbox 583 2721 775 2780; x_wconf 86' lang='lat' dir='ltr'>Ecclesiastici</span> <span class='ocrx_word' id='word_1_212' title='bbox 788 2723 983 2780; x_wconf 87' lang='lat' dir='ltr'>testimonium</span> <span class='ocrx_word' id='word_1_213' title='bbox 997 2723 1086 2780; x_wconf 89' lang='lat' dir='ltr'>sumit</span> <span class='ocrx_word' id='word_1_214' title='bbox 1095 2720 1272 2796; x_wconf 87' lang='lat' dir='ltr'>praedicens:</span> <span class='ocrx_word' id='word_1_215' title='bbox 1291 2745 1303 2768; x_wconf 70' lang='lat' dir='ltr'>a</span> <span class='ocrx_word' id='word_1_216' title='bbox 1318 2720 1378 2791; x_wconf 87' lang='lat' dir='ltr'>Qui</span> <span class='ocrx_word' id='word_1_217' title='bbox 1390 2734 1448 2792; x_wconf 84' lang='lat' dir='ltr'>pro</span> 
     </span>
     <span class='ocr_line' id='line_1_26' title="bbox 380 2817 1449 2894; baseline -0.003 -18"><span class='ocrx_word' id='word_1_218' title='bbox 380 2820 467 2878; x_wconf 79' lang='lat' dir='ltr'>ximIs</span> <span class='ocrx_word' id='word_1_219' title='bbox 483 2820 707 2878; x_wconf 88' lang='lat' dir='ltr'>misericordiam</span> <span class='ocrx_word' id='word_1_220' title='bbox 725 2819 818 2878; x_wconf 87' lang='lat' dir='ltr'>lacere</span> <span class='ocrx_word' id='word_1_221' title='bbox 831 2817 1018 2894; x_wconf 87' lang='lat' dir='ltr'>studuerunt,</span> <span class='ocrx_word' id='word_1_222' title='bbox 1033 2819 1088 2878; x_wconf 89' lang='lat' dir='ltr'>sibi</span> <span class='ocrx_word' id='word_1_223' title='bbox 1108 2821 1179 2892; x_wconf 88' lang='lat' dir='ltr'>ipsis</span> <span class='ocrx_word' id='word_1_224' title='bbox 1196 2819 1276 2891; x_wconf 91' lang='lat' dir='ltr'>prius</span> <span class='ocrx_word' id='word_1_225' title='bbox 1293 2817 1449 2876; x_wconf 87' lang='lat' dir='ltr'>debuerant</span> 
     </span>
     <span class='ocr_line' id='line_1_27' title="bbox 377 2914 1448 2991; baseline -0.004 -15"><span class='ocrx_word' id='word_1_226' title='bbox 377 2920 456 2990; x_wconf 88' lang='lat' dir='ltr'>juste</span> <span class='ocrx_word' id='word_1_227' title='bbox 477 2917 594 2976; x_wconf 86' lang='lat' dir='ltr'>vivendi</span> <span class='ocrx_word' id='word_1_228' title='bbox 609 2919 748 2976; x_wconf 89' lang='lat' dir='ltr'>misereri.</span> <span class='ocrx_word' id='word_1_229' title='bbox 769 2916 853 2976; x_wconf 89' lang='lat' dir='ltr'>Unda</span> <span class='ocrx_word' id='word_1_230' title='bbox 872 2919 1009 2991; x_wconf 87' lang='lat' dir='ltr'>scriptum</span> <span class='ocrx_word' id='word_1_231' title='bbox 1031 2923 1088 2974; x_wconf 89' lang='lat' dir='ltr'>est:</span> <span class='ocrx_word' id='word_1_232' title='bbox 1107 2915 1144 2988; x_wconf 81' lang='grc'>(3)</span> <span class='ocrx_word' id='word_1_233' title='bbox 1161 2914 1323 2975; x_wconf 86' lang='lat' dir='ltr'>-Miserere</span> <span class='ocrx_word' id='word_1_234' title='bbox 1340 2915 1448 2972; x_wconf 75' lang='lat' dir='ltr'>animm</span> 
     </span>
     <span class='ocr_line' id='line_1_28' title="bbox 380 3010 1448 3087; baseline -0.002 -17"><span class='ocrx_word' id='word_1_235' title='bbox 380 3019 448 3070; x_wconf 90' lang='lat' dir='ltr'>tuae</span> <span class='ocrx_word' id='word_1_236' title='bbox 460 3013 576 3086; x_wconf 87' lang='lat' dir='ltr'>placens</span> <span class='ocrx_word' id='word_1_237' title='bbox 589 3012 659 3075; x_wconf 89' lang='lat' dir='ltr'>Deo.</span> <span class='ocrx_word' id='word_1_238' title='bbox 675 3037 686 3062; x_wconf 73' lang='lat' dir='ltr'>a</span> <span class='ocrx_word' id='word_1_239' title='bbox 703 3013 812 3072; x_wconf 91' lang='lat' dir='ltr'>Ibidem</span> <span class='ocrx_word' id='word_1_240' title='bbox 832 3014 906 3072; x_wconf 89' lang='lat' dir='ltr'>llbro</span> <span class='ocrx_word' id='word_1_241' title='bbox 920 3030 986 3070; x_wconf 84' lang='lat' dir='ltr'>xiv.</span> <span class='ocrx_word' id='word_1_242' title='bbox 1006 3029 1070 3087; x_wconf 90' lang='lat' dir='ltr'>cap.</span> <span class='ocrx_word' id='word_1_243' title='bbox 1091 3021 1117 3070; x_wconf 89' lang='lat'>1.</span> <span class='ocrx_word' id='word_1_244' title='bbox 1134 3011 1242 3070; x_wconf 86' lang='lat' dir='ltr'>Tobiae</span> <span class='ocrx_word' id='word_1_245' title='bbox 1255 3010 1366 3068; x_wconf 91' lang='lat' dir='ltr'>librum</span> <span class='ocrx_word' id='word_1_246' title='bbox 1379 3026 1448 3068; x_wconf 90' lang='lat' dir='ltr'>com·</span> 
     </span>
     <span class='ocr_line' id='line_1_29' title="bbox 381 3107 1449 3183; baseline -0.001 -18"><span class='ocrx_word' id='word_1_247' title='bbox 381 3108 484 3181; x_wconf 90' lang='lat' dir='ltr'>pellat:</span> <span class='ocrx_word' id='word_1_248' title='bbox 505 3108 676 3166; x_wconf 83' lang='lat' dir='ltr'>«Habemus</span> <span class='ocrx_word' id='word_1_249' title='bbox 697 3113 785 3168; x_wconf 87' lang='lat' dir='ltr'>etiam</span> <span class='ocrx_word' id='word_1_250' title='bbox 807 3112 836 3166; x_wconf 91' lang='lat' dir='ltr'>in</span> <span class='ocrx_word' id='word_1_251' title='bbox 861 3112 945 3168; x_wconf 88' lang='lat' dir='ltr'>terris</span> <span class='ocrx_word' id='word_1_252' title='bbox 971 3125 1095 3183; x_wconf 88' lang='lat' dir='ltr'>magnac</span> <span class='ocrx_word' id='word_1_253' title='bbox 1113 3107 1271 3165; x_wconf 88' lang='lat' dir='ltr'>nobliitatis</span> <span class='ocrx_word' id='word_1_254' title='bbox 1290 3107 1449 3182; x_wconf 87' lang='lat' dir='ltr'>originem,</span> 
     </span>
     <span class='ocr_line' id='line_1_30' title="bbox 376 3205 1449 3280; baseline -0.003 -18"><span class='ocrx_word' id='word_1_255' title='bbox 376 3207 463 3278; x_wconf 83' lang='lat' dir='ltr'>juxta</span> <span class='ocrx_word' id='word_1_256' title='bbox 485 3205 557 3264; x_wconf 92' lang='lat' dir='ltr'>illud</span> <span class='ocrx_word' id='word_1_257' title='bbox 573 3206 680 3264; x_wconf 86' lang='lat' dir='ltr'>Tobiae</span> <span class='ocrx_word' id='word_1_258' title='bbox 696 3208 732 3280; x_wconf 82' lang='grc'>(4)</span> <span class='ocrx_word' id='word_1_259' title='bbox 756 3223 822 3264; x_wconf 89' lang='lat' dir='ltr'>cum</span> <span class='ocrx_word' id='word_1_260' title='bbox 839 3223 930 3265; x_wconf 85' lang='lat' dir='ltr'>uxore</span> <span class='ocrx_word' id='word_1_261' title='bbox 958 3205 1062 3262; x_wconf 87' lang='lat' dir='ltr'>locuti:</span> <span class='ocrx_word' id='word_1_262' title='bbox 1079 3236 1090 3248; x_wconf 96' lang='lat'><em>-</em></span> <span class='ocrx_word' id='word_1_263' title='bbox 1105 3205 1189 3280; x_wconf 84' lang='lat' dir='ltr'>FiliI,</span> <span class='ocrx_word' id='word_1_264' title='bbox 1208 3205 1319 3280; x_wconf 88' lang='lat' dir='ltr'>iuquit,</span> <span class='ocrx_word' id='word_1_265' title='bbox 1340 3209 1449 3260; x_wconf 79' lang='lat' dir='ltr'>sancto</span> 
     </span>
     <span class='ocr_line' id='line_1_31' title="bbox 381 3304 1450 3379; baseline -0.004 -21"><span class='ocrx_word' id='word_1_266' title='bbox 381 3316 446 3360; x_wconf 89' lang='lat' dir='ltr'>ram</span> <span class='ocrx_word' id='word_1_267' title='bbox 462 3318 583 3377; x_wconf 90' lang='lat' dir='ltr'>sumus,</span> <span class='ocrx_word' id='word_1_268' title='bbox 600 3310 629 3362; x_wconf 90' lang='lat' dir='ltr'>et</span> <span class='ocrx_word' id='word_1_269' title='bbox 646 3320 709 3368; x_wconf 73' lang='lat' dir='ltr'>non,</span> <span class='ocrx_word' id='word_1_270' title='bbox 725 3320 879 3379; x_wconf 89' lang='lat' dir='ltr'>possumus</span> <span class='ocrx_word' id='word_1_271' title='bbox 892 3307 933 3362; x_wconf 89' lang='lat' dir='ltr'>ito</span> <span class='ocrx_word' id='word_1_272' title='bbox 953 3305 1106 3378; x_wconf 87' lang='lat' dir='ltr'>conjungi,</span> <span class='ocrx_word' id='word_1_273' title='bbox 1123 3304 1198 3361; x_wconf 87' lang='lat' dir='ltr'>sicut</span> <span class='ocrx_word' id='word_1_274' title='bbox 1210 3307 1240 3359; x_wconf 90' lang='lat' dir='ltr'>et</span> <span class='ocrx_word' id='word_1_275' title='bbox 1253 3306 1368 3376; x_wconf 83' lang='lat' dir='ltr'>gentes,</span> <span class='ocrx_word' id='word_1_276' title='bbox 1381 3313 1450 3376; x_wconf 83' lang='lat' dir='ltr'>quae</span> 
     </span>
     <span class='ocr_line' id='line_1_32' title="bbox 379 3397 1450 3473; baseline 0.001 -20"><span class='ocrx_word' id='word_1_277' title='bbox 379 3400 516 3473; x_wconf 88' lang='lat' dir='ltr'>ignorant</span> <span class='ocrx_word' id='word_1_278' title='bbox 541 3399 644 3460; x_wconf 88' lang='lat' dir='ltr'>Deum.</span> <span class='ocrx_word' id='word_1_279' title='bbox 672 3401 783 3460; x_wconf 87' lang='lat' dir='ltr'>Pariter</span> <span class='ocrx_word' id='word_1_280' title='bbox 810 3405 838 3458; x_wconf 92' lang='lat' dir='ltr'>in</span> <span class='ocrx_word' id='word_1_281' title='bbox 865 3401 1027 3460; x_wconf 81' lang='lat' dir='ltr'>Leuiticum</span> <span class='ocrx_word' id='word_1_282' title='bbox 1041 3400 1116 3459; x_wconf 92' lang='lat' dir='ltr'>libro</span> <span class='ocrx_word' id='word_1_283' title='bbox 1135 3417 1201 3456; x_wconf 84' lang='lat' dir='ltr'>nur.</span> <span class='ocrx_word' id='word_1_284' title='bbox 1217 3415 1282 3472; x_wconf 88' lang='lat' dir='ltr'>cap.</span> <span class='ocrx_word' id='word_1_285' title='bbox 1305 3407 1335 3456; x_wconf 75' lang='lat' dir='ltr'>a.</span> <span class='ocrx_word' id='word_1_286' title='bbox 1356 3401 1387 3454; x_wconf 89' lang='lat' dir='ltr'>in</span> <span class='ocrx_word' id='word_1_287' title='bbox 1405 3397 1450 3454; x_wconf 88' lang='lat' dir='ltr'>illa</span> 
     </span>
     <span class='ocr_line' id='line_1_33' title="bbox 379 3494 1449 3574; baseline 0 -24"><span class='ocrx_word' id='word_1_288' title='bbox 379 3495 485 3554; x_wconf 89' lang='lat' dir='ltr'>verba:</span> <span class='ocrx_word' id='word_1_289' title='bbox 515 3522 526 3544; x_wconf 85' lang='lat'>«</span> <span class='ocrx_word' id='word_1_290' title='bbox 539 3497 581 3554; x_wconf 89' lang='lat' dir='ltr'>De</span> <span class='ocrx_word' id='word_1_291' title='bbox 599 3515 688 3557; x_wconf 87' lang='lat' dir='ltr'>manu</span> <span class='ocrx_word' id='word_1_292' title='bbox 708 3500 886 3574; x_wconf 80' lang='lat' dir='ltr'>alienigenae</span> <span class='ocrx_word' id='word_1_293' title='bbox 908 3515 968 3556; x_wconf 91' lang='lat' dir='ltr'>non</span> <span class='ocrx_word' id='word_1_294' title='bbox 983 3499 1111 3556; x_wconf 83' lang='lat' dir='ltr'>offeratis</span> <span class='ocrx_word' id='word_1_295' title='bbox 1127 3513 1233 3572; x_wconf 87' lang='lat' dir='ltr'>panem</span> <span class='ocrx_word' id='word_1_296' title='bbox 1251 3496 1327 3554; x_wconf 88' lang='lat' dir='ltr'>Deo:</span> <span class='ocrx_word' id='word_1_297' title='bbox 1344 3527 1357 3538; x_wconf 95' lang='lat'>-</span> <span class='ocrx_word' id='word_1_298' title='bbox 1369 3494 1449 3552; x_wconf 86' lang='lat' dir='ltr'>Vida-</span> 
     </span>
     <span class='ocr_line' id='line_1_34' title="bbox 378 3594 1447 3678; baseline -0.003 -27"><span class='ocrx_word' id='word_1_299' title='bbox 378 3608 459 3666; x_wconf 88' lang='lat' dir='ltr'>mus,</span> <span class='ocrx_word' id='word_1_300' title='bbox 479 3594 579 3660; x_wconf 88' lang='lat' dir='ltr'>scribit</span> <span class='ocrx_word' id='word_1_301' title='bbox 593 3595 780 3671; x_wconf 74' lang='lat' dir='ltr'>badulphus,</span> <span class='ocrx_word' id='word_1_302' title='bbox 802 3597 857 3654; x_wconf 90' lang='lat' dir='ltr'>boc</span> <span class='ocrx_word' id='word_1_303' title='bbox 874 3602 1074 3670; x_wconf 87' lang='lat' dir='ltr'>praeceptum,</span> <span class='ocrx_word' id='word_1_304' title='bbox 1098 3597 1174 3678; x_wconf 78' lang='lat' dir='ltr'>sicut</span> <span class='ocrx_word' id='word_1_305' title='bbox 1191 3601 1220 3652; x_wconf 90' lang='lat' dir='ltr'>et</span> <span class='ocrx_word' id='word_1_306' title='bbox 1236 3594 1330 3652; x_wconf 88' lang='lat' dir='ltr'>multa</span> <span class='ocrx_word' id='word_1_307' title='bbox 1347 3598 1447 3664; x_wconf 83' lang='lat' dir='ltr'>cetera,</span> 
     </span>
     <span class='ocr_line' id='line_1_35' title="bbox 379 3689 1448 3768; baseline 0.001 -25"><span class='ocrx_word' id='word_1_308' title='bbox 379 3702 397 3742; x_wconf 93' lang='lat' dir='ltr'>a</span> <span class='ocrx_word' id='word_1_309' title='bbox 411 3689 525 3762; x_wconf 88' lang='lat' dir='ltr'>judaeis</span> <span class='ocrx_word' id='word_1_310' title='bbox 540 3707 599 3750; x_wconf 91' lang='lat' dir='ltr'>non</span> <span class='ocrx_word' id='word_1_311' title='bbox 620 3692 815 3757; x_wconf 88' lang='lat' dir='ltr'>observatum.</span> <span class='ocrx_word' id='word_1_312' title='bbox 838 3694 1116 3768; x_wconf 80' lang='lat' dir='ltr'>Legimusnamque</span> <span class='ocrx_word' id='word_1_313' title='bbox 1131 3693 1162 3748; x_wconf 89' lang='lat' dir='ltr'>iu</span> <span class='ocrx_word' id='word_1_314' title='bbox 1176 3691 1301 3748; x_wconf 85' lang='lat' dir='ltr'>diversis</span> <span class='ocrx_word' id='word_1_315' title='bbox 1326 3689 1448 3746; x_wconf 88' lang='lat' dir='ltr'>historiis</span> 
     </span>
     <span class='ocr_line' id='line_1_36' title="bbox 379 3786 1449 3865; baseline 0.002 -25"><span class='ocrx_word' id='word_1_316' title='bbox 379 3800 397 3840; x_wconf 89' lang='lat' dir='ltr'>a</span> <span class='ocrx_word' id='word_1_317' title='bbox 415 3786 530 3860; x_wconf 86' lang='lat' dir='ltr'>regibus</span> <span class='ocrx_word' id='word_1_318' title='bbox 546 3789 716 3864; x_wconf 88' lang='lat' dir='ltr'>alienigenis</span> <span class='ocrx_word' id='word_1_319' title='bbox 727 3793 897 3848; x_wconf 88' lang='lat' dir='ltr'>transmissa</span> <span class='ocrx_word' id='word_1_320' title='bbox 909 3790 1048 3865; x_wconf 88' lang='lat' dir='ltr'>donario,</span> <span class='ocrx_word' id='word_1_321' title='bbox 1066 3795 1096 3848; x_wconf 89' lang='lat' dir='ltr'>et</span> <span class='ocrx_word' id='word_1_322' title='bbox 1109 3791 1140 3846; x_wconf 91' lang='lat' dir='ltr'>in</span> <span class='ocrx_word' id='word_1_323' title='bbox 1153 3787 1293 3862; x_wconf 85' lang='lat' dir='ltr'>templum</span> <span class='ocrx_word' id='word_1_324' title='bbox 1308 3790 1449 3860; x_wconf 73' lang='lat' dir='ltr'>suscepta:</span> 
     </span>
     <span class='ocr_line' id='line_1_37' title="bbox 378 3880 1447 3963; baseline 0.001 -27"><span class='ocrx_word' id='word_1_325' title='bbox 378 3880 413 3936; x_wconf 93' lang='lat' dir='ltr'>In</span> <span class='ocrx_word' id='word_1_326' title='bbox 431 3881 675 3945; x_wconf 87' lang='lat' dir='ltr'>Machabaeorum</span> <span class='ocrx_word' id='word_1_327' title='bbox 692 3886 729 3962; x_wconf 81' lang='lat'>(5)</span> <span class='ocrx_word' id='word_1_328' title='bbox 747 3887 868 3963; x_wconf 88' lang='lat' dir='ltr'>legitur:</span> <span class='ocrx_word' id='word_1_329' title='bbox 886 3887 1005 3962; x_wconf 85' lang='lat' dir='ltr'>·lgitur</span> <span class='ocrx_word' id='word_1_330' title='bbox 1025 3903 1092 3944; x_wconf 86' lang='lat' dir='ltr'>eum</span> <span class='ocrx_word' id='word_1_331' title='bbox 1106 3891 1207 3944; x_wconf 90' lang='lat' dir='ltr'>sancta</span> <span class='ocrx_word' id='word_1_332' title='bbox 1223 3886 1328 3941; x_wconf 86' lang='lat' dir='ltr'>civitas</span> <span class='ocrx_word' id='word_1_333' title='bbox 1344 3882 1447 3939; x_wconf 88' lang='lat' dir='ltr'>babita-</span> 
     </span>
     <span class='ocr_line' id='line_1_38' title="bbox 381 3982 1444 4061; baseline 0.002 -30"><span class='ocrx_word' id='word_1_334' title='bbox 381 3984 460 4036; x_wconf 91' lang='lat' dir='ltr'>retur</span> <span class='ocrx_word' id='word_1_335' title='bbox 475 3982 505 4036; x_wconf 92' lang='lat' dir='ltr'>in</span> <span class='ocrx_word' id='word_1_336' title='bbox 527 3985 606 4040; x_wconf 91' lang='lat' dir='ltr'>omni</span> <span class='ocrx_word' id='word_1_337' title='bbox 621 4000 708 4060; x_wconf 86' lang='lat' dir='ltr'>paca,</span> <span class='ocrx_word' id='word_1_338' title='bbox 728 3984 805 4061; x_wconf 87' lang='lat' dir='ltr'>leges</span> <span class='ocrx_word' id='word_1_339' title='bbox 819 3986 906 4042; x_wconf 88' lang='lat' dir='ltr'>etiam</span> <span class='ocrx_word' id='word_1_340' title='bbox 920 3984 1016 4042; x_wconf 90' lang='lat' dir='ltr'>adbuc</span> <span class='ocrx_word' id='word_1_341' title='bbox 1028 3985 1135 4059; x_wconf 88' lang='lat' dir='ltr'>optime</span> <span class='ocrx_word' id='word_1_342' title='bbox 1148 3982 1373 4052; x_wconf 87' lang='lat' dir='ltr'>custodirentur,</span> <span class='ocrx_word' id='word_1_343' title='bbox 1387 3995 1444 4052; x_wconf 92' lang='lat' dir='ltr'>pro·</span> 
     </span>
    </p>
   </div>
   <div class='ocr_carea' id='block_1_3' title="bbox 378 4162 1440 4332">
    <p class='ocr_par' dir='ltr' id='par_1_5' title="bbox 378 4162 1440 4332">
     <span class='ocr_line' id='line_1_39' title="bbox 400 4162 1440 4256; baseline 0.004 -20"><span class='ocrx_word' id='word_1_344' title='bbox 400 4187 547 4249; x_wconf 61' lang='lat' dir='ltr'>,troarnum</span> <span class='ocrx_word' id='word_1_345' title='bbox 557 4192 622 4242; x_wconf 67' lang='lat' dir='ltr'>rate.</span> <span class='ocrx_word' id='word_1_346' title='bbox 635 4162 895 4256; x_wconf 63' lang='lat' dir='ltr'>aloanniae-p)</span> <span class='ocrx_word' id='word_1_347' title='bbox 906 4196 962 4256; x_wconf 76' lang='lat' dir='ltr'>sap·</span> <span class='ocrx_word' id='word_1_348' title='bbox 975 4208 996 4242; x_wconf 72' lang='lat' dir='ltr'>a.</span> <span class='ocrx_word' id='word_1_349' title='bbox 1006 4196 1082 4244; x_wconf 93' lang='lat'>111.-</span> <span class='ocrx_word' id='word_1_350' title='bbox 1093 4192 1126 4255; x_wconf 75' lang='lat' dir='ltr'>(a)</span> <span class='ocrx_word' id='word_1_351' title='bbox 1137 4193 1336 4242; x_wconf 71' lang='lat' dir='ltr'>renarin-</span> <span class='ocrx_word' id='word_1_352' title='bbox 1346 4188 1376 4251; x_wconf 79' lang='lat' dir='ltr'>(a</span> <span class='ocrx_word' id='word_1_353' title='bbox 1387 4185 1440 4234; x_wconf 78' lang='lat' dir='ltr'>tot.</span> 
     </span>
     <span class='ocr_line' id='line_1_40' title="bbox 378 4269 789 4332; baseline 0.012 -16"><span class='ocrx_word' id='word_1_354' title='bbox 378 4280 399 4316; x_wconf 77' lang='lat' dir='ltr'>a,</span> <span class='ocrx_word' id='word_1_355' title='bbox 409 4270 474 4317; x_wconf 75' lang='lat' dir='ltr'>till.</span> <span class='ocrx_word' id='word_1_356' title='bbox 488 4276 509 4316; x_wconf 77' lang='lat' dir='ltr'>a.</span> <span class='ocrx_word' id='word_1_357' title='bbox 523 4269 556 4332; x_wconf 82' lang='lat'>(5)</span> <span class='ocrx_word' id='word_1_358' title='bbox 569 4277 591 4318; x_wconf 86' lang='lat'>2.</span> <span class='ocrx_word' id='word_1_359' title='bbox 604 4271 699 4320; x_wconf 78' lang='lat' dir='ltr'>Mace</span> <span class='ocrx_word' id='word_1_360' title='bbox 711 4273 754 4320; x_wconf 87' lang='grc' dir='ltr'><strong>ΙΙΙ.</strong></span> <span class='ocrx_word' id='word_1_361' title='bbox 768 4280 789 4322; x_wconf 89' lang='lat' dir='ltr'>t.</span> 
     </span>
    </p>
   </div>
   <div class='ocr_carea' id='block_1_4' title="bbox 0 0 1520 5178">
    <p class='ocr_par' dir='ltr' id='par_1_6' title="bbox 0 0 1520 5178">
     <span class='ocr_line' id='line_1_41' title="bbox 0 0 1520 5178; baseline 0 0"><span class='ocrx_word' id='word_1_362' title='bbox 0 0 1520 5178; x_wconf 95' lang='lat' dir='ltr'> </span> 
     </span>
    </p>
   </div>
  </div>
 </body>
</html>
