3022 5178
537 363 715 416 *tat-

85 474 241 533 drachmas
263 475 393 550 argentl,
415 472 521 532 offerre
541 489 591 534 eas
610 477 806 550 propeccatis
830 481 1121 555 mortuorum‚juste
1141 488 1170 543 at

1 567 2 570 ’
85 571 219 650 religiose
235 574 366 649 cogitans
383 571 420 632 dc
437 576 662 632 resurrectione.
742 573 849 634 Sancta
864 582 893 635 et
912 576 1038 637 salubris
1056 585 1100 638 est
1117 595 1166 637 oo·

84 671 188 748 gitatin
204 686 257 747 pro
277 668 422 730 defunctis
439 685 575 746 exorare,
596 676 630 730 ut
650 688 668 730 a
685 674 811 748 pcccatis
835 673 1006 732 solvantur:
1022 707 1034 720 ·
1050 675 1172 737 Constat

1 760 3 765 ’
85 769 195 844 igitur,
214 774 249 827 ut
265 767 404 843 diximus,
421 767 526 826 talinm
546 784 666 843 opernm
687 771 780 844 pretio
800 768 952 830 defunctos
968 789 1053 848 posse
1076 789 1170 849 apec-

1 888 5 896 ·
84 867 158 923 catis
183 864 306 923 absolvi.
324 889 336 914 ι
359 865 396 923 In
411 865 532 941 epistola
549 867 644 941 prime
661 881 726 942 cap.
750 881 794 924 ιι.
814 866 922 926 teonis
939 884 1031 944 papae
1046 869 1098 928 IX.
1116 887 1168 928 an·

1 956 3 962 '
84 977 123 1020 no
143 969 222 1020 1050
236 962 401 1037 Sapientiae
416 961 565 1037 Scriptura
579 965 707 1022 occurrit
720 963 766 1022 his
780 965 888 1024 verbis:
909 991 921 1015 ι
936 965 1087 1026 catholice
1100 984 1171 1026 vero

2 1057 11 1094 ’·
83 1059 216 1118 Ecclesia
231 1059 347 1134 (scribit
360 1060 397 1119 ad
409 1059 582 1120 Michaelem
595 1061 792 1136 patriarcham
806 1065 1169 1141 constantinopolitanum)

6 1170 10 1179 ’
83 1159 292 1232 promissiones
309 1164 395 1234 tuas,
413 1157 554 1235 Domine,
573 1161 700 1218 retinens
720 1160 848 1236 quotidie
862 1161 969 1238 gaudet
986 1163 1124 1237 compleri
1139 1165 1171 1222 in

83 1255 254 1314 doctoribus
267 1258 327 1314 suis
341 1255 414 1315 illud
428 1255 601 1331 Sapientiae:
617 1255 806 1333 -Fulgelrunt
812 1260 886 1333 justi
900 1265 929 1316 et
938 1263 1081 1335 tanquam
1093 1262 1170 1318 selu·

82 1353 164 1411 tiliae
184 1355 216 1410 in
234 1353 406 1412 arundineto
423 1353 620 1413 discurrent.»
636 1353 685 1413 Ad
701 1355 835 1414 eumdem
850 1357 934 1430 epist.
955 1371 1001 1414 vr.
1021 1372 1088 1415 eum
1102 1357 1170 1415 iror-

83 1456 164 1510 tatns
185 1468 223 1510 ne
243 1453 394 1511 Romanae
421 1459 540 1512 sanctae
556 1459 586 1512 et
611 1435 951 1528 apostolicae'Eoolesiae
972 1454 1063 1513 veluti
1083 1456 1170 1513 matri

1 1551 9 1588 '-
84 1549 259 1625 maledicat‚
274 1549 393 1608 scribit:
412 1549 521 1609 «Unde
535 1553 566 1607 in
580 1550 782 1610 Ecclesiastico
793 1549 831 1625 (t)
845 1550 967 1609 dicitur:
980 1553 1097 1624 ·Qnam
1111 1567 1171 1611 ma·

1 1656 7 1675 *
84 1647 130 1704 lae
152 1652 198 1704 est
218 1645 334 1721 famae,
354 1649 405 1722 qui
425 1647 501 1723 fugit
525 1653 653 1722 petrem,
677 1653 707 1705 et
730 1653 775 1706 est
790 1647 962 1706 maledictus
983 1648 1098 1724 aDeo‚
1119 1651 1171 1724 qul

8 1776 12 1784 ·
83 1750 241 1819 exasperat
260 1750 416 1802 matrem.»
434 1743 525 1804 Paulo
554 1752 620 1820 post
643 1744 744 1804 eadem
768 1745 859 1804 verbe
879 1749 983 1820 repetit
998 1745 1168 1821 praefatus:

87 1865 100 1891 ιι
112 1840 225 1900 Contra
246 1858 332 1918 quern
351 1840 498 1918 Sapientia
517 1841 570 1900 Dei
587 1844 619 1900 in
641 1842 844 1902 Ecclesiastico
866 1845 909 1901 sic
929 1845 1062 1920 intonat,
1084 1850 1167 1903 etc.»

84 1939 246 2016 Gregorius
267 1940 561 2016 Vll.epistolaxx1.
589 1940 656 2000 libri
686 1942 802 2017 septimi
820 1941 859 1999 ad
876 1941 1088 2000 Herimannum
1111 1944 1170 2018 epl-

84 2053 206 2114 soopum
220 2044 379 2098 metensem
393 2038 556 2113 Sapientiae
567 2041 766 2098 testimonium
777 2038 902 2114 profert:
919 2040 1075 2099 «Timeant
1088 2055 1171 2116 reges

0 2163 6 2178 ι
85 2136 195 2211 aliique
205 2138 362 2212 principes,
376 2151 413 2194 ne
427 2143 537 2212 quanto
554 2151 587 2194 se
600 2138 701 2194 ceteris
716 2135 884 2196 hominibus
897 2135 954 2194 hac
967 2140 999 2194 in
1013 2138 1075 2196 vita
1087 2151 1170 2211 prae·

5 2243 11 2253 '
85 2233 156 2294 terri
174 2233 323 2310 gaudent,
337 2239 421 2293 tanto
442 2234 566 2310 emplius
588 2236 712 2293 aeternis
731 2233 872 2292 incendiis
886 2234 1089 2310 subjicientur.
1111 2233 1171 2294 Un-

6 2341 11 2382 1
85 2331 282 2408 descriptum
300 2337 357 2390 est:
374 2331 536 2390 -Potentes
549 2337 682 2406 potenter
694 2337 840 2390 tormenta
855 2333 1011 2407 patientur.
1025 2355 1038 2382 ιι
1055 2331 1089 2390 In
1101 2347 1171 2391 con-

85 2431 169 2488 cione
187 2427 324 2506 synodali
340 2427 454 2488 Urbani
478 2445 571 2505 papae
590 2429 629 2488 ll.
650 2429 766 2489 saeculo
786 2429 935 2488 desinente
959 2425 1171 2504 undecimo‚e

5 2568 10 2580 .
87 2527 333 2588 Machabaeoram
346 2527 429 2587 libris
443 2527 480 2604 (2)
491 2527 564 2587 haec
584 2529 735 2605 leguntur:
757 2526 891 2588 «Verum
908 2544 946 2587 ne
963 2534 1007 2586 est
1023 2527 1173 2603 (deplorat

86 2624 226 2684 Urbanus
243 2625 422 2685 calamitates
431 2626 537 2685 Tenue
546 2624 683 2701 Sanctae)
699 2625 778 2701 quod
791 2625 912 2684 dieitur:
922 2657 935 2668 -
944 2625 1006 2684 Vae
1018 2625 1123 2701 nobis,
1137 2630 1172 2685 nt

84 2722 156 2798 quid
165 2724 231 2782 nati
243 2739 344 2782 sumus
358 2724 456 2783 videre
465 2725 679 2800 corruptionem
691 2723 791 2799 populi
805 2725 909 2797 nostri,
923 2729 953 2782 et
965 2725 1169 2782 contritionem

1 2843 3 2880 ι
83 2821 214 2880 civitads
233 2826 369 2898 emotae,
392 2828 421 2880 et
441 2820 540 2882 sedere
556 2821 636 2896 illie,
653 2837 721 2880 cnm
734 2821 841 2880 dantur
860 2823 892 2878 in
915 2820 1052 2879 manibus
1071 2821 1169 2878 inimi·

82 2935 189 2978 eornm
208 2921 363 2979 sanotai»
392 2919 493 2979 Altero
508 2937 641 2980 sermone
658 2921 818 2996 ejusdem'
809 2935 841 2978 ιιι
865 2919 988 2978 concilio
1007 2920 1171 2978 claramon-

0 3050 3 3056 -
82 3018 160 3075 tensi
180 3015 219 3075 ad
240 3017 373 3076 eumdem
393 3016 501 3076 librum
516 3019 597 3076 venit
615 3017 848 3102 praelocutum«
836 3016 927 3074 «iam
940 3031 1020 3075 nune
1033 3032 1103 3092 ergo
1117 3031 1170 3075 au·

0 3159 5 3168 .
84 3116 224 3174 ctoritate
236 3115 391 3191 loquamur
405 3115 589 3190 prophetica:
610 3113 833 3191 «Accingimini
846 3121 877 3174 et
889 3120 981 3173 estote
994 3113 1048 3172 lilii
1068 3119 1169 3188 poten·

82 3217 149 3288 tes,
170 3215 309 3288 quoniam
328 3213 432 3272 melius
450 3218 494 3272 est
515 3212 600 3272 nobis
620 3214 721 3272 mori
712 3229 744 3271 ιιι
759 3211 852 3288 bello,
868 3227 958 3288 quam
975 3209 1074 3269 videre
1091 3209 1170 3269 mala

83 3311 181 3386 gentis
198 3317 331 3388 nostrae,
352 3317 381 3371 et
401 3316 607 3371 sanctornm.»

124 3407 153 3483 S.
177 3408 243 3468 Vll.
269 3408 329 3468 Sub
346 3408 509 3469 duodecimi
530 3408 639 3468 saeculi
656 3407 810 3467 dimidium
830 3406 868 3466 ad
888 3405 1047 3466 lienrioum
1068 3419 1167 3484 regem
1234 3423 1236 3428 ’

1 3537 2 3566 ι
83 3505 212 3584 Angliac
221 3506 387 3566 Alexander
398 3509 501 3566 tertius
520 3506 651 3582 pontifex
669 3505 810 3580 scribens,
826 3505 899 3564 haec
917 3507 977 3564 ait:
998 3504 1063 3564 «Te
1078 3505 1169 3563 eans-

83 3605 195 3664 simum
214 3603 308 3663 lilium
325 3606 491 3663 sincerius
482 3620 514 3662 ιιι
531 3604 656 3664 Domino
684 3605 859 3681 diligamus,
878 3605 925 3662 cui
946 3603 977 3660 ln
999 3601 1056 3661 hoe
1077 3617 1168 3678 grave

83 3699 249 3778 pericnlum
266 3703 417 3760 imminere
432 3702 587 3778 uidemus,
602 3707 631 3760 et
643 3704 783 3778 quonlam
804 3703 945 3776 scripturn
961 3705 1022 3758 est:
1040 3698 1168 3762 -clema

1 3831 3 3862 ι
83 3813 255 3875 necesses,
273 3799 538 3876 perlsaiam,etc.
562 3805 591 3858 et
611 3800 684 3858 elias
703 3816 754 3877 per
769 3799 953 3858 Salomonem
975 3800 1006 3856 in
1028 3797 1171 3858 Ecclesia·

85 3897 178 3956 stico:
196 3897 234 3974 (a)
250 3928 262 3944 ·
275 3896 361 3975 Piger
374 3897 463 3957 homo
479 3897 516 3957 de
532 3903 658 3960 stercore
670 3897 759 3958 boum
773 3897 896 3974 lapidari
906 3897 1041 3974 jubetur:
1058 3895 1170 3955 ·liuri·

84 3997 161 4054 tiam
176 4001 279 4072 mam,
301 3997 377 4056 sicut
395 3997 551 4071 hactenus,
570 4002 672 4055 contra
687 3997 831 4072 justitiam
841 4001 896 4054 etc.
906 4019 920 4045 ι
939 3994 974 4054 In
990 3994 1114 4055 concilio
1127 3999 1172 4052 tu·

84 4096 204 4154 nonensi
220 4101 296 4153 titt
313 4109 409 4154 sermo
425 4093 543 4153 habitus
556 4093 594 4152 ab
607 4092 779 4169 Amulpho,
794 4093 924 4170 ejusdem
938 4092 1005 4152 libri
1018 4092 1091 4150 hece
1104 4107 1170 4150 ver·

114 4285 148 4348 (t)
163 4285 229 4337 loci.
241 4298 263 4336 c.
275 4286 318 4336 ill.
330 4311 360 4325 -
372 4284 406 4350 (t)
419 4292 439 4336 t.
451 4287 513 4336 llas.
524 4298 546 4334 c.
560 4293 582 4338 t.
596 4311 626 4324 ·-
644 4285 679 4348 (t)
691 4285 758 4335 Eacl.
770 4297 792 4334 c.
805 4283 874 4335 xllll
895 4292 916 4334 ι.
