3070 5180
491 440 651 492 ...ppm¹

71 551 189 628 Propterea
203 549 322 610 tradidit
337 549 402 610 iilos
418 548 496 609 Deus
513 551 545 610 in
555 550 703 625 passiones
713 550 899 626 ignominiae.
916 550 992 615 Nam
1009 551 1111 615 toani-

71 665 107 708 oac
117 664 204 706 aarum
219 652 406 706 mutaverunt
418 646 582 711 naturalem
590 663 677 706 rasura
693 647 726 704 in
743 662 810 706 eum
822 662 922 722 usum,
930 651 981 725 qui
994 655 1113 712 utcon-

70 753 100 808 ta
110 753 240 806 marran.
256 745 393 809 Similiter
405 751 502 808 autam
509 750 539 806 et
551 745 689 820 mosomi,
701 745 801 806 relicto
811 747 939 806 naturali
951 761 1007 806 usa
1015 746 1115 810 nemr-

69 860 104 902 rae
116 850 272 904 ornarunt
287 846 319 904 in
336 844 483 912 wican
500 845 561 904 suis
580 845 612 903 iu
629 843 777 918 invicem,
790 843 953 902 masculiin
967 844 1114 907 maecum

68 941 240 1016 turpitudinem
256 948 428 1018 operamm,
447 947 477 1002 ct
487 939 669 1016 mercedem,
680 943 929 1018 quamoportrrit,
946 944 1052 1004 erroris
1068 945 1143 1024 suit

67 1040 233 1114 urenetipsis
250 1041 429 1115 recipientes.
448 1039 486 1100 itt
496 1041 643 1100 sicutnon
655 1040 896 1099 existimaverunt
905 1039 999 1101 mum
1009 1039 1116 1100 habere

68 1137 205 1212 noenta,
226 1136 347 1196 tradidit
368 1137 433 1196 ilios
451 1136 528 1200 Deua
554 1139 586 1196 in
612 1135 767 1212 reprobum
789 1152 928 1214 sensum,
955 1144 988 1198 ut
1007 1137 1117 1198 teuent

67 1249 102 1310 a,
117 1251 182 1310 quae
195 1251 255 1297 non
272 1237 467 1310 conveniunt,
483 1236 605 1310 repletos
621 1237 702 1297 omni
718 1235 889 1311 iniquitate,
907 1237 1032 1312 matitia,
1055 1235 1115 1296 ior-

68 1334 194 1410 n'catione,
215 1335 357 1408 avaritia,
376 1335 523 1410 nemeina,
541 1332 642 1408 planos
655 1332 786 1406 invidia,
802 1331 978 1409 homicidio,
999 1339 1116 1395 conten

67 1431 134 1507 tone,
146 1431 227 1507 doio,
247 1431 446 1507 malignitate,
468 1445 657 1504 susurmnas,
677 1429 873 1506 detractores,
887 1429 948 1492 Dec
971 1429 1114 1506 outtues,

67 1528 272 1605 mammeam,
287 1527 442 1605 superbos,
464 1529 570 1602 etates,
585 1528 750 1590 inrurtores
765 1528 926 1604 maiorum,
948 1527 1116 1603 percnum

67 1637 107 1682 aon
120 1623 287 1701 obedientes,
302 1627 481 1702 insipientes,
499 1626 723 1700 incompositos,
742 1628 806 1686 stne
820 1624 992 1700 affectione,
1008 1624 1117 1701 absque

68 1719 229 1798 foederasse
244 1722 455 1798 miscricordia3
467 1724 519 1799 qui
531 1737 599 1782 cura
608 1722 816 1798 justitiamDei
828 1725 1044 1800 cognovissent,
1056 1739 1117 1782 aon

67 1818 234 1880 unicorni
251 1823 394 1898 quoniam
415 1822 466 1897 qai
481 1819 553 1880 tatia
567 1825 670 1899 agunt,
683 1820 767 1897 digni
792 1825 861 1880 sunt
885 1826 996 1896 morta,
1015 1825 1045 1880 ot
1057 1836 1117 1882 non

67 1915 134 1976 mur
148 1921 239 1994 quiea
257 1919 391 1994 faciunt,
406 1917 459 1980 aad
475 1920 564 1981 etiam
580 1920 631 1994 poi
643 1921 831 1979 consentiunt
843 1917 1027 1980 iacientibus.
1042 1943 1055 1970 »

92 2013 159 2074 itanc
176 2015 365 2076 mmerantur
385 2031 460 2092 quae
477 2015 553 2076 dixit
569 2014 733 2090 Sapientiae
753 2015 874 2076 Auctor.
897 2015 1007 2076 &dam
1029 2015 1117 2079 moto

67 2109 154 2170 umus
168 2115 291 2189 scriptor
309 2113 366 2174 hoo
376 2114 408 2172 in
424 2113 499 2172 libro
515 2113 577 2188 agit
589 2117 690 2172 contra
703 2128 764 2187 eos,
778 2114 830 2187 qui
845 2111 938 2172 Deum
952 2127 1011 2170 non
1029 2127 1118 2188 agno-

68 2213 153 2286 rant,
165 2217 192 2271 ct
205 2228 259 2289 pro
274 2210 338 2270 Deo
353 2226 423 2270 vero
440 2215 588 2270 creaturas
603 2208 682 2268 iliius
699 2209 829 2285 coluere,
844 2215 874 2268 ct
887 2209 926 2268 ob
941 2207 996 2268 hoc
1022 2211 1117 2285 magis

67 2309 182 2384 rugisque
197 2310 438 2385 praevaricantia
460 2311 493 2368 in
512 2307 633 2368 maium:
653 2332 666 2358 o
682 2308 761 2371 tani
775 2313 872 2370 autam
889 2314 977 2382 sant,
997 2307 1116 2382 scribit,
1202 2305 1206 2311 ’

68 2403 294 2482 materanos,
309 2407 342 2466 in
362 2405 468 2482 quibua
484 2421 546 2466 non
562 2405 663 2466 subest
677 2407 799 2469 amente
811 2405 876 2481 Der,
890 2409 920 2466 et
933 2404 971 2464 de
983 2405 1030 2464 his
1042 2419 1117 2482 rprrce

69 2497 169 2560 videaur
180 2501 268 2577 bona,
280 2517 343 2560 non
355 2504 511 2577 potueruut
526 2501 687 2577 intelligere
699 2516 778 2576 eum,
793 2503 844 2576 qui
863 2506 927 2575 est,
940 2515 1034 2576 nequo
1049 2515 1116 2576 ope-

67 2591 123 2654 ribus
139 2599 313 2658 atmndentas
326 2603 509 2674 agnoverunt
527 2601 593 2674 quis
610 2603 687 2658 esset
699 2598 805 2658 arcion
816 2639 908 2657 .....
924 2596 951 2657 Α
973 2599 1118 2674 magnitu-

67 2687 114 2748 i'ac
133 2696 203 2754 enim
230 2696 356 2772 speciei,
386 2701 417 2754 et
443 2701 592 2756 creaturae
617 2695 849 2772 cognoscibiliter
872 2697 1118 2770 poteritcreatcr

68 2790 167 2851 maiam
183 2792 290 2857 videri.
320 2790 378 2852 Sed
399 2797 498 2870 maren
519 2791 616 2852 adhuc
635 2794 667 2850 in
686 2792 733 2852 his
754 2794 850 2852 minor
871 2792 1010 2869 pondu
1035 2798 1065 2852 et
1086 2791 1117 2852 hi

67 2886 121 2944 niro
133 2887 248 2950 tortasse
260 2895 382 2964 errant,
404 2887 498 2949 Deum
511 2894 701 2966 quaerentes,
715 2895 745 2950 et
756 2890 886 2949 volentes
898 2891 1049 2965 inveniro,
1062 2895 1119 2951 ete·

67 2980 109 3038 ain
122 2999 181 3044 cam
197 2989 229 3044 in
246 2985 386 3064 operibus
398 2986 477 3046 ilius
489 2991 708 3062 conversentur,
722 2988 885 3062 inponunt,
904 2993 933 3046 et
945 3001 1117 3062 pemuasmn

68 3071 146 3140 batem
159 3086 299 3160 quoniam
312 3083 472 3164 bonausunt
486 3097 561 3159 qruae
578 3084 725 3144 videntur.
735 3151 738 3156 ¹
749 3085 859 3142 lterum
880 3089 978 3144 autem
997 3099 1051 3143 nec
1070 3083 1117 3143 his

68 3170 128 3236 ieter
139 3180 253 3256 ignosci.
278 3180 312 3240 Si
331 3180 410 3241 anim
424 3186 539 3240 tantum
556 3186 714 3256 potuerunt
730 3182 819 3256 scire,
840 3186 874 3240 ut
893 3185 1011 3255 possent
1031 3181 1117 3240 aesn-

68 3283 141 3349 nare,
152 3277 195 3336 vei
208 3279 353 3354 conjicere
366 3261 532 3353 sommum,
546 3277 792 3354 quomodohujus
805 3277 962 3336 Dominum
974 3292 1035 3336 non
1048 3276 1118 3336 faci·

67 3361 106 3426 iius
117 3371 303 3434 invenerunt?
324 3374 457 3434 lnieiioas
471 3379 569 3434 autem
586 3381 655 3434 sunt
667 3377 743 3434 inter
760 3381 892 3434 mortuos
907 3390 972 3450 spec
985 3373 1115 3448 iliorum,

67 3467 102 3536 iti
115 3477 284 3532 vocaverunt
298 3471 374 3532 Deos
393 3489 482 3550 opera
502 3488 643 3534 manuum
658 3472 830 3549 hominum,
849 3487 953 3532 aurum
966 3477 996 3530 ct
1014 3487 1117 3548 argan-

67 3563 110 3620 ttm
127 3569 190 3628 artis
208 3571 408 3630 inventionem
429 3575 459 3630 et
474 3569 584 3648 figuras
607 3569 793 3646 animalium,
814 3575 866 3630 aut
883 3569 1009 3645 lapidem
1028 3570 1118 3631 inuti·

66 3651 107 3716 ltu
115 3677 178 3738 opus
190 3683 296 3726 manus
313 3669 450 3743 muquaa
461 3709 550 3728 .....
566 3667 672 3738 Etnon
684 3667 841 3728 suffecerat
853 3681 903 3742 cos
915 3681 1028 3726 arama
1040 3667 1118 3728 circa

66 3746 103 3812 tei
123 3762 283 3838 scenuam,
295 3763 349 3822 sed
370 3765 402 3822 in
422 3780 530 3841 magno
549 3766 681 3848 viventes
703 3764 885 3840 ignorantiae
897 3763 999 3838 heito,
1024 3767 1069 3822 tot
1089 3767 1120 3822 et

67 3849 127 3910 ituit
143 3859 217 3918 maia
236 3875 340 3936 pacem
357 3859 522 3936 appellant3
545 3867 597 3919 aut
620 3862 699 3920 enim
716 3859 792 3920 filios
814 3875 883 3918 suos
903 3857 1117 3934 sacmflcantes,

67 3950 103 4004 aot
114 3949 225 4014 obscura
242 3954 387 4032 sacrificia
398 3955 549 4032 facientes,
564 3961 615 4016 aut
628 3958 759 4025 moeniae
770 3957 872 4032 pienas
883 3955 1000 4042 vigilus
1012 3954 1121 4016 haben·

67 4041 203 4124 lt³,11rapue
215 4053 327 4128 vitam,
341 4067 435 4128 neque
447 4054 565 4130 nuptias
578 4052 703 4114 mundas
711 4057 776 4130 jam
791 4052 969 4130 custodiunt,
980 4051 1036 4112 sai
1044 4050 1119 4113 eiius

67 4133 134 4197 tlitin
150 4161 197 4219 per
214 4147 356 4207 invidiam
373 4149 497 4225 occidit,
521 4154 573 4207 aut
592 4148 758 4208 adulterans
780 4150 951 4222 contristat,
972 4153 1001 4206 ct
1020 4149 1120 4206 omnia

67 4240 195 4300 onmem
215 4249 301 4320 sunt,
324 4247 459 4324 sanguis,
478 4244 686 4320 homicidium,
703 4244 832 4320 furtum,
846 4243 944 4320 iictio,
958 4245 1117 4319 corruptio,

67 4325 210 4415 infidelitas,
230 4341 370 4422 turbatio,
392 4347 422 4402 ct
439 4345 618 4422 perjurium,
640 4342 782 4402 tumultus
802 4341 967 4417 honorum,
988 4337 1042 4402 Dei
1062 4341 1117 4400 im·

764 4435 778 4462 ἡ
