2964 5174
846 349 1007 400 ..t-66...

381 456 471 516 sionis
485 454 593 516 latinae
604 457 803 516 testimonium
818 459 1000 534 ratiocinari3
1013 456 1114 518 eodem
1125 457 1230 534 modo,
1245 458 1347 520 eadem
1360 467 1451 524 versio

381 574 418 616 ne
433 574 500 616 eum
523 557 672 636 redarguit
686 556 892 616 Tertullianus.
916 547 1069 616 Praeterea
1088 556 1266 634 Trnmgenes
1283 559 1357 619 illud
1376 564 1451 622 inter·

381 661 510 730 pretatus
531 656 706 716 vocabulum
727 651 760 714 in
775 656 938 734 princepio,
949 654 1072 729 probare
1087 662 1208 714 conatur
1225 657 1305 716 illius
1323 659 1452 734 signitica-

383 755 508 829 tionem,
530 757 615 829 quasi
631 771 668 812 ex
688 755 809 812 materia
824 753 940 814 fecisset
953 753 1030 812 Deus
1043 753 1156 812 coelum
1175 760 1205 814 et
1220 760 1340 813 terram.
1361 755 1453 818 Contra

381 851 534 926 respondet
551 852 748 911 Tertullianus
764 853 838 926 ipse,
853 856 882 910 et
898 852 1028 926 ineptum
1041 851 1119 912 illius
1134 858 1341 928 argumentum
1352 853 1453 912 demon-

381 954 469 1024 strat,
489 966 505 1007 e
530 949 674 1008 vocabulo
687 949 839 1026 principio
857 947 1024 1008 deductum.
1045 948 1176 1008 Tandem
1192 955 1292 1008 autem
1306 950 1451 1028 subjungit:

384 1047 529 1106 «Possum
541 1053 570 1106 et
583 1048 667 1106 aliter
675 1049 861 1124 principium
872 1049 1074 1123 interpretari,
1086 1063 1146 1106 non
1160 1046 1213 1106 abs
1227 1054 1381 1124 notamen,
1395 1067 1452 1110 nam

384 1155 413 1209 et
430 1150 461 1206 iu
481 1163 586 1224 graeco
610 1150 756 1224 principit
781 1143 975 1223 vocabulum,
996 1147 1076 1222 quod
1095 1154 1140 1206 est
1159 1145 1246 1220 ἄρχη,
1274 1165 1335 1208 non
1353 1156 1451 1210 tantm

382 1245 600 1320 ordinativum,
627 1241 679 1304 sed
707 1251 736 1304 et
760 1248 967 1322 potestativum
992 1247 1071 1322 capit
1090 1248 1309 1323 principatum,
1334 1248 1407 1306 unde
1430 1256 1452 1308 et

382 1343 517 1416 ἄρχοντας
538 1344 640 1402 dicunt
665 1345 809 1418 principes
830 1350 859 1402 et
886 1345 1092 1421 magistratum
1116 1361 1185 1422 ergo
1209 1345 1371 1404 secundum
1390 1346 1451 1406 hanc

380 1459 497 1520 quoque
507 1441 749 1520 significationem
760 1443 936 1517 principium
953 1456 1007 1516 pro
1026 1443 1189 1518 principatu
1211 1445 1354 1518 sumitur,
1375 1449 1450 1518 etpo

380 1549 523 1604 testate.»
540 1541 585 1600 Ex
604 1539 651 1598 his
668 1539 754 1598 facile
771 1539 924 1616 hauritur,
948 1539 1051 1598 ambos
1068 1539 1275 1602 contendentes
1294 1545 1380 1617 juxta
1393 1542 1450 1600 Vul-

382 1647 482 1718 gatam
499 1639 621 1698 latinam
644 1653 786 1714 arguere,
801 1638 911 1697 atinde
930 1643 998 1696 ante
1012 1638 1179 1698 eorumdem
1197 1645 1323 1698 aetatem
1341 1639 1450 1697 illamin

381 1739 511 1798 Ecclesia
533 1738 662 1813 viguisse
678 1737 841 1794 versionem
856 1751 917 1794 non
931 1738 1002 1794 novi
1015 1735 1138 1796 foederis
1151 1743 1285 1813 anaim,
1297 1751 1396 1796 verum
1411 1754 1450 1795 ve·

381 1841 456 1894 teres
473 1833 636 1910 Scripturas
650 1848 766 1908 quoque
781 1834 858 1890 inter
871 1833 949 1892 illius
969 1832 1087 1910 linguae
1107 1833 1283 1894 christianos
1296 1834 1383 1894 lectas
1394 1833 1449 1891 luis

382 1949 429 2007 se3
442 1947 517 2008 quae
536 1937 615 1990 aetas
629 1936 708 1990 certo
724 1929 931 2006 Apostolorum
946 1930 1104 2006 discipulos
1124 1931 1346 2008 eumgrtdlnu
1358 1932 1448 2006 opinie

382 2031 414 2087 nl
426 2029 565 2088 adhaeret
578 2031 667 2087 etiam
679 2026 861 2104 Augustinus
872 2027 944 2087 dum
958 2027 1033 2087 libro
1046 2028 1174 2088 secundo
1188 2029 1225 2087 de
1241 2027 1381 2088 Doctrina
1389 2027 1448 2086 chri·

381 2127 478 2187 stiana
490 2129 546 2186 ait:
561 2125 689 2186 «Primis
707 2125 776 2184 fidei
785 2125 964 2200 temporibus
981 2125 1123 2200 prodiisse
1135 2126 1296 2203 Vulgatam
1311 2125 1444 2200 latinam»

381 2241 457 2301 quae
476 2230 592 2300 postera
608 2228 702 2283 aetate
723 2238 741 2281 a
758 2239 783 2282 s.
804 2222 944 2299 Gregorio
963 2222 1073 2300 Magno
1085 2227 1168 2282 velus
1181 2223 1329 2299 appellata
1344 2223 1407 2297 furit,
1423 2223 1447 2280 il·

382 2326 440 2385 lius
457 2341 553 2384 novae
575 2325 683 2383 ladnae
699 2325 830 2399 ratione„
844 2339 919 2400 quae
933 2337 952 2381 a
966 2339 990 2382 s.
1008 2321 1188 2401 Hieronymo
1205 2340 1243 2382 ex
1259 2322 1400 2382 codicibus
1409 2321 1446 2378 he·

381 2425 488 2484 hraieis
513 2423 620 2482 collatu
641 2421 707 2482 rura
732 2422 817 2486 Hanc
842 2424 939 2481 autem
961 2422 1124 2483 Bibliorum
1147 2428 1282 2482 veterum
1305 2421 1446 2480 translatio-

382 2537 451 2580 nem
469 2520 507 2579 ab
527 2521 579 2580 illa
603 2518 792 2596 Septuaginta
820 2522 1010 2595 interpretum
1035 2520 1156 2580 ellenica
1182 2527 1301 2580 enatam
1320 2518 1445 2578 fatemur

382 2625 442 2694 est,
461 2623 560 2694 utpote
577 2631 653 2693 quae
668 2617 892 2692 aTertulliano,
909 2623 943 2676 ut
953 2616 1040 2693 paulo
1059 2624 1128 2676 ante
1142 2618 1221 2694 dixi,
1236 2614 1445 2678 authenticaha·

380 2716 512 2776 bebatur.
533 2713 628 2792 Hujus
645 2731 715 2774 vero
734 2717 877 2776 versionis
895 2716 1081 2791 interpretem
1101 2719 1276 2794 antiquitate
1296 2721 1325 2774 et
1339 2716 1443 2773 auctori·

382 2819 442 2872 tate
464 2813 621 2890 pollentem
640 2811 804 2888 Scripturas
825 2811 1126 2876 Demere-Canonium
1146 2829 1207 2872 uua
1228 2830 1298 2874 oum
1320 2810 1444 2872 Prioribus

383 2910 534 2986 collegisse
554 2910 677 2986 spondet
686 2909 883 2970 Tertullianus
900 2909 993 2986 idem,
1008 2917 1042 2970 ut
1055 2911 1133 2970 inira
1150 2911 1278 2988 patebit,
1298 2929 1334 2972 ex
1350 2923 1445 2986 quone-

383 3008 501 3083 qrddem
516 3010 621 3085 conjici
636 3011 732 3084 potest
746 3007 881 3068 eumdem
900 3009 1105 3068 translatorem
1125 3011 1201 3068 inter
1220 3009 1336 3069 divinos
1355 3007 1442 3078 libros,

385 3105 459 3164 alios
486 3105 688 3182 apocryphos,
707 3104 847 3166 obscuros
864 3104 912 3164 vel
934 3107 1148 3166 commentitios
1173 3109 1205 3164 in
1226 3109 1304 3166 tanti
1328 3099 1443 3164 momenti

384 3205 518 3280 negotio,
537 3205 717 3263 conseruisse
732 3202 792 3280 (1).

423 3301 477 3361 His
492 3301 745 3362 observationibus
759 3317 852 3380 aequo
860 3302 1038 3378 praemissis,
1046 3307 1208 3362 scrutatum
1221 3303 1357 3362 adeamus
1368 3295 1443 3356 uode

385 3402 445 3460 siae
474 3400 622 3460 africanae
651 3403 821 3477 scriptores,
850 3402 903 3476 qui
921 3399 1070 3460 decumae
1090 3401 1266 3476 apostohcae
1281 3399 1444 3474 obsequente

385 3495 550 3574 Scripturas
568 3498 710 3558 Deutmas
726 3502 758 3558 in
775 3511 829 3558 sua
847 3500 955 3573 scripta
967 3481 1120 3574 redegere.

425 3595 453 3671 s.
476 3596 528 3656 IV.
551 3596 597 3655 Ex
614 3597 685 3656 airis
696 3596 866 3662 ,christianis
883 3595 1092 3671 scriptoribus,
1106 3612 1233 3672 quorum
1245 3598 1351 3671 scripta
1366 3601 1443 3663 super

384 3687 459 3768 sint,
482 3693 581 3752 nullus
599 3700 667 3754 ante
689 3693 917 3770 Tertullianum,
932 3694 1011 3770 quod
1026 3696 1133 3770 sciam,
1150 3694 1256 3770 edbrit,
1273 3695 1333 3770 qui,
1352 3688 1443 3749 labent

386 3789 501 3849 saeculo
516 3790 624 3850 Christi
641 3791 787 3868 secundo,
810 3788 1012 3868 Redemptoris
1031 3791 1120 3851 iidem
1141 3792 1351 3869 propugnavit,
1371 3794 1442 3856 uelli

412 4002 446 4068 (l)
461 4007 515 4053 lloe
527 4003 582 4053 loco
593 4003 624 4053 de
635 4005 740 4067 Vulgata
756 4004 833 4056 latina
843 4005 965 4068 disserui,
985 4007 1070 4069 utpote
1086 4019 1149 4068 quae
1164 4007 1190 4056 in
1200 4005 1282 4056 dirioa
1298 4003 1348 4054 orto
1359 4009 1404 4048 esst
1415 3991 1439 4040 ll·

384 4084 469 4146 detur,
487 4085 516 4134 ut
528 4084 677 4135 clarissimus
684 4085 811 4136 Wieeman
821 4083 853 4136 de
869 4086 942 4149 hujus
953 4088 1072 4150 vulgatae
1088 4087 1182 4150 origine
1196 4086 1299 4150 probare
1308 4081 1397 4134 conatu
1406 4073 1439 4122 0⁸²·

384 4166 580 4227 Verumtamen,
595 4165 616 4215 si
627 4163 726 4216 aliunde
739 4169 817 4216 Roma
828 4167 868 4217 vel
879 4180 894 4216 a
908 4167 994 4216 ceteris
1004 4165 1138 4217 occidentis
1150 4165 1289 4230 regionibus
1306 4164 1376 4227 ipsam
1391 4163 1440 4215 leli·

383 4245 434 4295 tere
449 4245 527 4308 velis,
543 4244 614 4294 firma
633 4259 729 4310 semper
748 4247 877 4298 habebitur
895 4248 1033 4311 scripturae
1050 4247 1140 4298 latinae
1156 4246 1274 4298 versionis
1292 4240 1403 4296 vernus,
1418 4241 1439 4279 ³⁰

386 4325 518 4375 aucmritas
528 4362 535 4388 ,
547 4325 674 4389 nostrique
689 4323 765 4376 stabit
780 4327 916 4390 argumenti
932 4327 1014 4377 robur.
