3094 5184
591 355 750 408 ...91-

119 463 238 526 scilieet
255 466 378 524 omniuo
394 477 450 524 eus
471 461 618 542 disperdi,
639 463 772 526 funditus
792 467 968 542 extirpavit,
982 482 1022 527 ex
1036 464 1134 526 radice
1154 466 1204 528 he·

118 560 225 623 braica
247 568 340 627 :llll
368 559 490 622 cimam
510 579 529 624 a
549 561 702 640 Prophetis
716 569 834 641 acepta
852 563 907 624 sub
925 562 1137 642 significatione
1155 563 1205 626 de·

120 677 228 722 vocem
254 658 371 738 aliquid
394 661 477 736 Deo,
505 661 585 738 quod
608 661 712 722 redimi
732 678 792 722 non
813 669 952 740 poterat,
972 669 1002 724 et
1021 662 1060 723 ob
1081 662 1138 724 hoc
1157 663 1207 724 Se·

117 760 275 836 ptuaginta
303 759 514 822 transtulerunt
538 761 570 818 in
594 756 779 832 erutriceum
807 759 982 836 dedicauit,
1011 763 1203 822 eonscorooti.

120 858 198 918 item
210 858 252 920 lbi
267 859 393 920 dicim:
413 859 474 920 «lit
489 865 643 939 occupavit
659 863 751 924 ludas
771 863 872 942 lara,
888 862 933 916 καὶ
959 860 1108 934 θυγατέρας
1127 860 1207 926 αὐτῆς

121 960 144 1018 i.
166 972 194 1018 e.
221 957 258 1018 Et
282 957 359 1020 filias
381 961 485 1036 ejus.»
511 959 604 1025 Filiae
631 962 704 1024 istae
732 957 871 1024 dmuntur
885 961 1013 1041 oppido,
1036 964 1132 1040 papi,
1155 962 1207 1038 qui

120 1063 207 1117 mant
225 1058 304 1118 chen
322 1057 407 1118 Jarar
429 1059 579 1118 civitatem
598 1075 633 1119 ac
652 1060 746 1120 eidem
764 1061 886 1137 subditi,
897 1061 990 1122 veluti
1006 1060 1085 1122 filiae
1102 1061 1203 1149 matri,

119 1171 211 1234 quum
228 1159 296 1233 jure
318 1159 414 1235 graeci
437 1165 580 1218 vocarunt
602 1158 812 1238 Metropolim
833 1159 951 1220 hebraei
977 1175 1047 1220 vero
1068 1159 1207 1218 dixerunt

118 1270 216 1333 papea
234 1271 287 1316 aar
305 1254 395 1316 viltor
415 1263 538 1326 illitu
560 1241 685 1320 homino
696 1258 783 1338 filios
803 1260 878 1337 cjrra
892 1259 1060 1336 metropolis
1073 1258 1201 1336 scilicet,

121 1354 194 1429 qlrla
213 1351 252 1416 ab
272 1367 308 1413 ea
329 1353 507 1430 prodierant.

162 1449 286 1528 Simon,
307 1457 337 1512 et
354 1451 498 1513 Jonatuos
522 1460 687 1531 pugnantes
711 1457 935 1533 contriverunt,
956 1461 986 1516 et
1008 1455 1207 1532 disperserunt

121 1550 281 1609 exmcihrm
301 1547 449 1626 Apollonii
465 1549 503 1628 (1)
530 1551 624 1629 adeo,
644 1559 678 1612 nt
699 1552 885 1631 confugerint
905 1556 937 1612 in
959 1553 1085 1614 Azotum
1105 1550 1151 1606 aar·
1168 1551 1206 1604 ri·

18 1673 19 1696 ι
121 1644 222 1708 irridebor
241 1650 278 1711 εἰς
298 1647 437 1720 debuerit
459 1650 488 1704 ro*
513 1649 640 1704 niderheim
655 1650 736 1706 αὐτῶν
753 1657 799 1707 τοῦ
815 1649 926 1714 σωθῆναι
941 1655 963 1713 i.
979 1669 1006 1712 e.
1025 1651 1063 1712 Et
1078 1651 1204 1730 ingressi

121 1754 192 1809 anni
211 1749 244 1809 in
267 1747 437 1828 Bethdagon
458 1750 648 1812 simulacrum
670 1767 796 1828 eorum,
824 1758 858 1812 ut
883 1751 1113 1812 salvarenturro
1141 1747 1204 1809 Vox

18 1865 20 1896 ε
123 1861 229 1924 graeca
256 1845 394 1921 Baiiapuv
423 1847 590 1910 hebraicam
614 1851 687 1926 petii
713 1851 855 1928 originem
876 1857 1025 1943 plilium
1057 1841 1204 1925 oudopor

121 1943 260 2024 domena,
281 1947 344 2006 rive
365 1946 506 2026 temptam
529 1948 638 2026 Doqorr
649 1989 658 2023 ,
681 1948 761 2025 qnod
777 1947 889 2008 celebre
909 1952 972 2006 erat
991 1947 1023 2005 in
1042 1945 1155 2021 Arete,
1170 1950 1205 2004 nt

18 2043 19 2054 ¹
121 2042 228 2121 iegitur
246 2044 378 2108 inlibris
397 2046 530 2124 Regum,
551 2061 625 2124 quae
642 2045 783 2107 dictiones
800 2047 941 2106 hebraeae
959 2048 1102 2122 interpres
1120 2059 1204 2122 grae·

119 2153 172 2201 cua
197 2141 331 2219 reliquit,
352 2148 385 2202 ut
404 2141 587 2204 habebantur
610 2145 642 2204 in
664 2144 801 2222 originali
820 2143 967 2204 hebraico.

161 2237 275 2300 Ibidem
298 2240 405 2302 dicitur
427 2240 466 2319 (i)
483 2259 491 2302 ι
511 2241 574 2301 «lit
595 2243 670 2302 vidit
692 2241 793 2303 Simon
814 2242 957 2303 loannem
977 2240 1072 2302 lilium
1094 2256 1202 2318 suum,

18 2347 21 2398 l
123 2336 164 2396 ὅτι
185 2336 248 2411 irie
267 2335 325 2394 iro
345 2340 366 2400 i.
382 2355 409 2400 e.
425 2341 570 2415 Quoniam
589 2342 638 2401 uir
657 2347 727 2418 est,
747 2347 777 2400 et
793 2343 892 2418 posuit
910 2357 978 2401 eum
998 2340 1123 2400 duoem.-
1144 2338 1203 2398 Vo-

121 2437 259 2500 cairnlnm
279 2438 342 2510 irie
361 2455 401 2500 cx
421 2431 546 2500 hebraeo
568 2448 635 2506 'lui
651 2437 943 2518 jurejurandum
956 2439 1082 2514 derivat,
1100 2441 1203 2498 etme-

18 2553 20 2594 l
121 2537 270 2614 taphorioe
290 2538 398 2600 dicitu
417 2539 454 2599 de
473 2541 556 2616 viro,
580 2541 650 2616 qnia
663 2539 768 2617 ioan,
794 2541 839 2601 uti
858 2539 907 2600 hic
928 2539 1060 2598 innuitur
1083 2551 1102 2596 a
1120 2549 1205 2596 sacro

18 2705 20 2712 y
120 2637 283 2712 arripiore:
309 2637 371 2697 «ut
389 2637 466 2697 vidit
484 2636 584 2698 Simon
600 2638 744 2700 loannem
756 2638 852 2699 iillum
870 2653 957 2699 ouum
976 2653 1040 2697 esse
1056 2641 1204 2712 potentem

120 2733 271 2798 viribus.»
294 2733 389 2797 Itemr
415 2735 554 2798 «Placuit
573 2753 669 2798 sermo
688 2739 721 2798 in
737 2737 830 2798 oculis
848 2753 970 2815 eorum3
988 2737 1118 2813 justitias
1136 2750 1205 2812 gen·

119 2835 196 2896 tium
220 2849 258 2894 ax
285 2833 412 2896 hebraeo
441 2843 609 2904 nibilum
636 2839 804 2915 mearam
816 2837 979 2924 jmtitr'oc,
995 2834 1116 2915 judicia
1128 2873 1138 2909 ,
1168 2847 1204 2893 ac

18 2985 19 2988 ,
120 2933 210 2994 cunm
231 2934 473 3012 comminutam
494 2951 567 2997 vasa
585 2936 843 3014 concupiscibilia,
865 2935 940 2997 idest
959 2939 1102 3012 pretisoa3
1123 2935 1201 2992 κτήνη

18 3055 19 3090 ι
120 3033 194 3086 κοινά
205 3032 345 3109 jumento
365 3035 531 3093 coromaoio
541 3074 552 3108 ,
574 3032 685 3094 scilicet
703 3033 828 3110 prolana
847 3050 867 3093 a
886 3032 950 3112 lege
971 3033 1084 3110 Moysis
1104 3031 1202 3108 prohi-

120 3129 203 3207 bita3
233 3130 368 3209 regnabis
400 3133 483 3210 regni
506 3135 597 3208 patris
619 3134 684 3210 tul3
711 3147 803 3192 unam
825 3138 928 3192 contra
950 3147 1066 3207 unam;
1099 3127 1205 3190 extulit

18 3249 19 3288 ι
120 3229 322 3290 immunditias
341 3245 379 3290 ex
402 3245 488 3305 arce,
510 3230 654 3290 idolorum
676 3246 781 3307 nempe
800 3228 980 3306 simulacra3
1001 3243 1037 3288 ac
1055 3229 1204 3304 hujusmo-

120 3325 152 3386 di
165 3327 312 3406 pinnma,
333 3344 408 3405 quae
422 3335 554 3388 statuunt
575 3327 654 3388 hunc
668 3327 775 3388 librum
788 3327 879 3389 inlesa
893 3327 1085 3388 hebraeorum
1099 3327 1201 3403 lingua

121 3431 296 3504 eumarum,
317 3443 353 3488 ac
365 3433 466 3504 posteo
478 3443 540 3489 una
552 3443 620 3488 cum
635 3426 701 3487 allio
714 3427 745 3486 in
763 3441 900 3504 graccum
920 3439 1083 3486 ammonem
1106 3430 1201 3484 trono·

122 3523 228 3586 latum.

155 3622 184 3697 S.
205 3621 259 3683 IX.
282 3623 336 3683 illa
360 3625 572 3684 animadversis
593 3627 768 3702 sententiis,
797 3639 873 3702 quae
898 3623 1022 3702 singulis
1047 3621 1203 3700 scripturis

119 3719 414 3782 Deuterocanonicis
434 3737 538 3801 graeco
552 3740 685 3784 sermone
698 3725 841 3801 exaratis,
854 3729 1006 3800 excerptae
1020 3729 1104 3798 sunt,
1120 3737 1202 3798 prac-

119 3822 166 3878 ter
187 3819 260 3879 allas
282 3820 402 3898 multus,
416 3837 489 3898 quas
512 3821 676 3899 philologus
700 3821 842 3883 hebraeus
865 3822 934 3882 hinc
955 3823 1024 3882 inde
1043 3821 1201 3898 collegerit,

118 3913 176 3976 athi
184 3919 310 3978 suaserit
326 3919 473 3996 praedicta
484 3920 587 3997 Biblia,
601 3921 771 3983 hebraicam
790 3920 928 3998 praehere
942 3923 1095 3998 originem3
1110 3933 1203 3995 neque

120 4031 259 4095 maecum
274 4025 421 4079 auctorem
441 4022 532 4080 asseri
555 4023 660 4096 poterit
682 4019 794 4098 inisse,
817 4023 868 4098 qui
885 4023 1012 4097 primum
1026 4021 1134 4095 scripto
1156 4031 1204 4076 roe

119 4114 167 4176 his
184 4114 266 4177 libris
287 4123 437 4178 contentas
457 4117 627 4195 mandavit,
649 4124 682 4178 ut
703 4119 837 4180 nonnulii
858 4119 1094 4180 adversariorum·
1110 4116 1203 4190 sospi-

154 4309 190 4374 (ι)
207 4311 269 4360 liae.
285 4325 307 4362 c.
319 4314 349 4362 ll.
364 4319 401 4363 8³.
415 4339 445 4352 —
457 4313 491 4375 (2)
509 4321 530 4364 1.
548 4315 610 4363 illac.
625 4326 646 4362 c.
658 4314 724 4362 lllll.
739 4319 777 4364 ot.
