3022 5178
805 357 985 408 —232-

353 470 391 530 ba
410 471 565 544 exprimit:
585 491 597 516 a
609 466 671 526 Vae
685 471 782 526 autem
802 466 874 542 soli,
893 467 1006 542 quiesi
1024 463 1174 540 ceciderit,
1188 480 1249 523 non
1262 464 1353 524 habet
1365 467 1428 526 suh

352 570 508 626 levantem.
524 591 535 616 n
552 563 674 624 Concilii
694 563 883 622 lateranensis
898 565 977 622 tertii
993 577 1089 620 canon
1104 579 1172 620 xx1.
1194 563 1232 620 de
1246 566 1360 638 treguis
1375 580 1430 622 ser·

350 665 455 724 vendis
469 663 571 724 Sirach
584 662 621 737 (1)
635 661 725 720 verba
739 662 874 736 protulit:
895 686 907 710 ιι
921 661 952 719 Si
965 663 1031 736 quis
1045 665 1144 718 autem
1158 660 1215 720 hoo
1226 661 1340 720 violare
1354 678 1433 736 prae

349 764 516 838 sumpserit,
530 760 641 820 ordinis
655 762 700 818 sui
714 759 843 834 periculo
856 759 1015 834 subjaceat,
1033 765 1062 817 et
1078 761 1232 834 quoniam:
1247 790 1258 802 -
1271 759 1434 818 Peniculus

350 861 457 936 triplex
474 875 533 918 non
547 859 634 918 facile
646 860 805 932 rumpitur:
823 889 835 899 -
849 857 1066 931 Praecipimus,
1081 863 1136 915 etc.
1149 881 1161 906 »
1179 858 1214 914 In
1228 857 1354 932 epistula
1368 857 1437 916 Gra»

351 960 425 1034 gorii
438 973 529 1033 pupae
542 956 623 1015 VIII.
640 956 678 1014 ad
688 971 789 1012 omnes
804 953 1016 1030 christifideles,
1030 956 1072 1012 sic
1089 954 1125 1012 de
1139 953 1345 1014 Machahaeis:
1366 955 1437 1014 «At-

350 1055 460 1114 tendite
472 1055 596 1130 qualiter
610 1052 781 1112 Maohabaei
796 1052 857 1110 zelo
875 1051 992 1110 divinae
1009 1052 1082 1128 legis
1096 1055 1210 1112 accensi
1221 1069 1275 1128 pro
1293 1051 1437 1110 fratribus

351 1152 509 1212 liberandis
529 1157 659 1209 extrema
679 1165 794 1225 quoque
820 1150 949 1224 pericula
974 1155 1044 1207 sunt
1062 1152 1190 1225 experti,
1209 1155 1238 1208 et
1256 1166 1319 1207 uon
1339 1149 1437 1208 solum

349 1250 547 1324 substantias,
572 1247 623 1306 sed
645 1253 674 1306 et
691 1263 829 1321 personas
840 1262 893 1322 pro
905 1245 1030 1304 fratrum
1044 1247 1137 1306 salute
1153 1245 1307 1305 docuerint
1326 1263 1436 1322 ponen-

352 1347 418 1423 das,
433 1347 620 1406 exhortantes
631 1345 817 1418 adinvicem,
831 1350 919 1418 atque
932 1344 1076 1402 dicentes:
1086 1375 1098 1386 -
1108 1344 1304 1420 Accingimini
1322 1351 1353 1402 et
1366 1351 1438 1403 esto-

348 1452 379 1510 te
395 1445 449 1504 tilii
465 1449 596 1520 potentes
616 1449 671 1501 etc.
685 1467 697 1492 »
712 1441 760 1500 Ad
774 1442 942 1517 Philippum
959 1441 1161 1500 belvacensem
1178 1443 1349 1517 episcopum
1369 1441 1435 1502 Coe·

348 1544 470 1602 lestinus
490 1557 565 1618 papa
589 1541 643 1598 ΠΙ.
673 1539 744 1598 haec
771 1555 808 1597 ex
834 1539 1036 1596 Ecclesiastico
1055 1521 1209 1614 suspendit:
1235 1563 1248 1588 «
1266 1539 1373 1599 Victor
1391 1557 1434 1599 er·

349 1659 387 1718 go
410 1642 554 1716 sapientie
572 1638 734 1698 vincendus
750 1644 814 1713 cst,
840 1640 909 1712 quia
934 1640 976 1696 sic
994 1639 1116 1713 legitur:
1143 1636 1321 1713 -Sepientia
1343 1640 1436 1698 vincit

351 1741 532 1800 malitiam.»

388 1839 416 1913 S.
438 1839 519 1898 VIII.
542 1836 680 1898 Sermone
693 1838 854 1896 Innocentii
870 1853 963 1912 papae
980 1837 1034 1896 III.
1049 1853 1126 1895 anno
1149 1844 1236 1896 1215.
1254 1837 1291 1896 de
1308 1837 1434 1896 concilio

349 1937 477 2013 generali
492 1937 669 1995 lateranensi
679 1935 791 2010 habito,
804 1951 840 1994 ex
853 1935 1055 1994 Ecclesiastico
1068 1935 1105 2011 (2)
1119 1935 1191 1994 haec
1204 1934 1321 2011 prohat:
1341 1960 1355 1985 «
1365 1935 1434 1994 Dor·

346 2033 497 2093 miendum
514 2039 558 2092 est
576 2050 692 2108 quoque
712 2033 798 2092 noble
819 2033 857 2090 ah
876 2035 957 2094 omni
973 2036 1206 2109 concupiscentia
1224 2036 1433 2108 praesertima

347 2132 581 2205 concupiscentia
603 2146 719 2205 rerum,
746 2147 821 2212 miae
844 2130 975 2205 procedit
995 2147 1033 2189 ex
1057 2133 1200 2206 avamtia,
1223 2133 1370 2206 seriptum
1391 2139 1433 2192 est

346 2231 441 2288 enim:
457 2228 561 2286 ·Nihil
575 2233 619 2286 est
638 2244 728 2287 avaro
747 2229 914 2303 scelestius,
929 2235 961 2288 et
973 2228 1047 2286 nihil
1061 2230 1209 2305 iniquius,
1223 2245 1316 2304 quam
1334 2246 1432 2288 amare

346 2329 510 2402 pecuniam.
526 2351 538 2376 »
551 2327 587 2384 In
605 2325 663 2384 fine
683 2325 812 2401 ejusdem
831 2327 955 2384 alterum
973 2325 1137 2400 Sapientiae
1148 2329 1352 2386 testimonium
1366 2344 1430 2387 ceu·

347 2429 410 2482 set:
431 2450 443 2474 o
457 2424 577 2499 Propter
593 2423 666 2481 illud
678 2441 685 2480 :
697 2423 881 2498 -Fulgehunt
890 2427 963 2500 justi
978 2426 1054 2482 sieut
1067 2424 1111 2482 sol
1124 2426 1155 2481 in
1171 2440 1262 2500 regno
1276 2425 1376 2484 Patris
1388 2441 1432 2484 co-

348 2537 426 2580 rum.
440 2547 451 2571 »
467 2521 635 2596 [aepistola
648 2520 782 2597 Gregorii
796 2537 888 2596 papae
901 2521 939 2579 X.
957 2521 996 2580 ad
1008 2521 1167 2580 henricum
1181 2522 1361 2580 leodiensem
1376 2526 1431 2599 epi-

349 2634 470 2694 scopum
483 2635 560 2678 anno
577 2626 650 2676 1271
668 2621 711 2678 sIc
725 2636 791 2677 eum
806 2619 941 2678 hortatur
955 2619 993 2677 ad
1007 2622 1234 2694 poenitentum:
1254 2645 1267 2669 «
1282 2621 1347 2680 Aut
1359 2637 1429 2697 quo-

347 2719 434 2777 modo
451 2719 540 2794 (grex
554 2719 640 2793 tuus)
658 2735 676 2778 a
694 2721 867 2796 contagione
886 2719 1071 2795 expiabitur,
1089 2737 1148 2795 qua
1164 2727 1197 2780 tu
1213 2725 1278 2797 ejus
1300 2723 1428 2782 medicus

345 2831 377 2874 es
395 2815 562 2875 infectusiz
580 2816 671 2876 ·Non
691 2819 788 2892 enim,
808 2821 895 2893 juata
913 2816 1168 2894 Ecclesiasticum,
1185 2817 1222 2894 (3)
1238 2820 1429 2880 mundabitur

346 2914 458 2990 aliquid
483 2914 520 2972 ab
544 2914 706 2974 immundo.
728 2917 765 2974 Et
789 2915 882 2974 Paulo
907 2922 984 2992 post,
999 2921 1087 2990 juxta
1104 2915 1268 2991 Sapientiae
1287 2920 1428 2994 scriplum

346 3011 420 3070 haec
444 3011 532 3070 dicit:
550 3037 562 3062 «ι
576 3013 690 3072 Clamat
713 3016 791 3072 enim
821 3029 896 3088 quae
916 3031 975 3072 non
997 3015 1137 3072 mentitur
1158 3013 1331 3094 Scriptura,
1350 3016 1388 3092 (1)
1403 3022 1428 3074 et

346 3109 418 3184 quid
428 3109 582 3168 elamoth·
591 3112 676 3184 Quod
690 3114 797 3187 exiguo
812 3111 932 3170 debetur
944 3112 1158 3188 misericordia,
1169 3113 1220 3170 sed
1232 3119 1368 3188 potentes
1381 3130 1427 3190 po

342 3211 436 3266 tenter
455 3213 601 3268 tormenta
619 3211 786 3284 patientur,
808 3216 837 3267 et
855 3226 944 3286 greve
964 3210 1108 3285 judicium
1130 3213 1264 3270 imminet
1280 3211 1349 3288 his,
1381 3213 1425 3287 qui

344 3311 494 3378 praesunt.
518 3330 531 3356 »
561 3307 596 3364 In
619 3306 725 3382 synodi
748 3307 853 3365 Exouii
876 3314 1069 3383 congregatae
1087 3307 1267 3384 praelatione
1287 3309 1426 3386 legiture

341 3401 417 3460 libro
438 3403 476 3478 (5)
503 3402 620 3462 Sirach:
649 3429 662 3453 «ι
686 3404 774 3463 Venit
803 3421 928 3481 magnus
950 3405 1100 3482 medicus,
1125 3408 1195 3482 quia
1218 3407 1329 3482 ubique
1349 3411 1423 3483 jace·

341 3496 393 3557 hat
413 3506 568 3585 aegrotus,
593 3501 631 3560 de
652 3504 735 3576 cujus
759 3502 903 3560 medicina
921 3503 1027 3562 dicitur
1049 3506 1081 3560 in
1099 3503 1318 3564 Ecclesiastico:
1340 3503 1422 3563 -Un-

342 3599 511 3672 guentarius
524 3596 596 3658 iacit
615 3601 764 3675 pigmenta
779 3601 954 3676 suavitatis,
977 3607 1007 3658 et
1024 3604 1173 3663 unctiones
1197 3601 1334 3661 conficiet
1350 3604 1420 3662 saui-

342 3697 424 3754 tatis.
448 3720 460 3745 υ

381 3790 408 3864 S.
431 3793 483 3850 IX.
505 3792 731 3854 constitutiones
753 3795 859 3872 synodi
876 3798 1047 3856 nicosiensis
1067 3813 1145 3856 anno
1168 3805 1243 3856 1313
1268 3797 1419 3858 hahitaea

339 3887 426 3948 Petro
438 3891 607 3952 ruthenensi
627 3895 760 3969 episeopo
769 3897 968 3954 testimonium
976 3895 1115 3954 exhibent
1126 3895 1374 3956 ahEcclcstasuco
1383 3896 1416 3971 (6)

339 3990 476 4064 petitum:
496 3989 613 4050 «Utere
636 3994 722 4068 quasi
745 3992 833 4051 homo
857 3992 952 4070 frugi,
975 3995 1018 4052 ait
1038 3995 1173 4071 sapiens,
1197 3997 1252 4071 iis,
1275 4011 1351 4072 quae
1369 3993 1416 4052 tihi

368 4214 403 4277 (1)
420 4217 1177 4284 11011111,-(1)Εω1.ο.11.11),-(3)Εοο1,ο.111111Ν.
1198 4221 1233 4287 (4)
1243 4225 1299 4288 Sap.
1310 4237 1332 4274 c.
1344 4223 1382 4272 vl.
1392 4225 1413 4270 l.

340 4320 370 4330 -
381 4295 416 4358 (5)
427 4297 492 4346 Eecl.
505 4311 527 4346 c.
540 4300 649 4348 XXXVI.
659 4325 690 4336 -
701 4299 736 4362 (6)
747 4300 814 4350 Eecl.
826 4313 848 4350 c.
860 4303 946 4351 XXXI.
