3022 5178
570 319 750 372 -2334

1 439 2 460 ²
118 434 324 504 apponuntur,
348 433 382 487 ut
411 444 471 486 non
487 444 555 486 cum
581 428 739 488 manduces
759 429 904 503 multum,
926 429 992 487 odio
1019 428 1164 490 habearis.
1180 455 1192 480 ι’

1 530 3 557 i
115 523 150 582 ln
172 525 273 584 altaris
290 525 545 586 constitutionibus
558 525 679 584 loannis
697 527 823 601 episcopi
836 527 1005 585 nicosiensis
1019 541 1096 586 anno
1119 535 1196 588 iaia

115 637 132 680 c
148 622 400 683 Machabaeorum
419 622 495 682 libro
511 623 637 682 secundo
650 624 687 682 dc
700 627 908 684 anniversariis
928 641 981 700 pro
995 625 1140 686 defunctis
1155 643 1201 686 so

114 719 251 779 lemniter
264 721 443 780 celebrandis
457 721 513 780 hoc
528 724 618 781 sumit
631 723 761 783 dictum:
781 747 793 772 «
806 723 887 782 Idem
906 726 1061 783 statuimus
1080 731 1109 784 et
1125 725 1204 784 ordi·

1 821 9 855 i
115 833 234 894 numus,
250 819 328 894 quod
342 822 543 878 anniversaria
553 837 628 896 quae
642 837 695 896 pro
707 820 852 880 defunctis
868 821 1064 897 celebrantur,
1079 821 1204 882 debeant

6 951 10 956 -
111 916 283 975 solemniter
298 917 436 976 celebrari
457 919 584 996 adhoc,
608 925 641 977 ut
660 922 792 979 viventes
808 920 985 979 inducantur
999 921 1132 995 exemplo
1145 937 1202 996 pro

1 1015 11 1054 ἒ
113 1013 263 1074 defunctis
275 1015 436 1076 oblationes
455 1017 577 1094 offerre,
594 1033 676 1076 cum:
694 1017 764 1077 -sit
781 1017 908 1077 salubris
927 1021 1065 1095 cogitatio
1082 1035 1136 1096 pro
1149 1018 1199 1078 de·

1 1132 10 1152 r
112 1110 225 1172 bractis
249 1131 410 1174 exorare.»
429 1117 463 1174 ln
486 1118 559 1175 actis
582 1118 661 1175 tertii
683 1118 799 1176 concilii
817 1118 894 1193 regis
913 1123 942 1175 et
960 1116 1097 1176 ecclesiae
1118 1117 1201 1193 galli·

1 1242 9 1250 ·
112 1223 224 1287 canae,
246 1211 365 1272 Parisiis
388 1214 524 1273 celebrati
543 1230 621 1273 anno
641 1221 728 1272 1398.
751 1213 824 1273 haee
844 1215 880 1274 de
898 1214 1085 1274 Machabaeis
1102 1213 1139 1289 (1)
1154 1214 1199 1273 di·

4 1322 11 1332 ·
113 1315 164 1368 cta
179 1317 285 1369 sunta
306 1311 392 1370 Petro
418 1311 520 1371 Plaoul
540 1329 594 1371 suo
617 1314 649 1370 in
675 1313 815 1371 orationis
832 1313 952 1372 limine:
974 1313 1145 1388 «Propitius
1159 1314 1202 1372 sit

8 1438 13 1447 ›
114 1407 203 1466 nohis
219 1408 317 1486 Deus,
333 1425 391 1468 non
405 1415 449 1470 est
466 1409 551 1469 nobis
565 1411 636 1469 utile
649 1410 811 1486 relinquere
828 1412 938 1488 legem,
952 1415 981 1470 et
992 1412 1122 1487 justitias
1135 1410 1200 1486 Dei,

115 1511 151 1564 ut
172 1521 274 1566 eamus
301 1509 394 1568 altera
411 1510 481 1583 via,
504 1508 594 1567 verba
618 1511 675 1568 ista
694 1509 923 1568 metuendissimi
940 1508 1057 1568 Domini
1077 1511 1134 1566 mei
1157 1507 1201 1567 ia·

6 1639 13 1647 -
114 1606 200 1664 cium
223 1605 261 1664 ad
278 1609 458 1682 propositum
479 1624 530 1683 per
558 1607 639 1666 hunc
667 1607 796 1666 modum.
826 1606 989 1666 Antiochus
1013 1623 1066 1665 rex
1085 1607 1203 1666 tenebat

115 1702 322 1779 Hierusalem,
341 1711 371 1764 et
394 1705 535 1780 populum
553 1705 642 1765 lsrael
663 1707 694 1763 in
714 1706 923 1782 subjectionem
946 1711 975 1764 et
997 1703 1066 1764 iecit
1083 1707 1114 1762 in
1130 1706 1201 1762 civi-

0 1817 2 1824 ’
114 1805 178 1858 tate
194 1801 304 1860 elevari
321 1801 440 1879 idolon,
461 1803 604 1878 publicari
618 1808 647 1862 et
662 1805 810 1878 praecipi,
830 1809 863 1862 ut
875 1805 1076 1878 unusquisque
1089 1804 1209 1861 veniret·

7 1892 12 1948 ’-
115 1897 155 1955 ad
178 1897 361 1958 adorandum
377 1899 496 1976 idolon,
517 1907 546 1960 et
563 1902 676 1960 inducti
693 1907 762 1960 sunt
784 1902 882 1977 plures
900 1901 1045 1959 israelitae
1064 1900 1102 1959 ad
1125 1901 1200 1976 hoc,

114 1996 209 2074 aliqui
228 2015 280 2074 per
299 2002 456 2076 pecunias,
475 2001 582 2076 aliique
600 2017 651 2076 per
667 2003 773 2060 minas.
803 2001 962 2059 Mathatias
983 2007 1101 2075 autem,
1126 2007 1155 2058 et
1168 2000 1201 2058 ii-

0 2127 1 2142 )
115 2095 149 2154 lii
168 2099 232 2172 ejus
257 2113 318 2156 non
338 2095 435 2158 ierunt
461 2099 600 2176 adorare,
629 2099 707 2175 quod
730 2099 850 2158 audiens
870 2099 1033 2157 Antiochus
1057 2099 1137 2155 misit
1165 2099 1202 2156 ad

114 2210 185 2254 enm
198 2195 308 2274 legatos
326 2213 379 2273 pro
399 2197 564 2257 inducendo
579 2203 612 2256 ut
631 2198 798 2273 adorarent,
815 2197 944 2256 dicentes
956 2214 963 2254 :
974 2196 1040 2255 ·Tu
1054 2197 1111 2254 cris
1129 2198 1201 2253 ami-

1 2310 3 2324 ’
115 2307 168 2352 cus
182 2296 282 2372 regis,
309 2301 338 2354 et
358 2295 548 2372 amplificabit
567 2301 597 2355 te
623 2311 714 2374 auro,
737 2301 857 2373 argento
884 2299 915 2354 et
942 2294 1043 2354 multis
1071 2294 1201 2352 muneri·

1 2437 8 2446 ,,
115 2389 172 2450 bus
192 2397 248 2450 etc.
264 2417 276 2442 υ

155 2489 184 2564 S.
207 2489 246 2548 X.
267 2491 302 2549 ln
320 2492 442 2552 concilio
456 2495 663 2552 constantiensi
681 2509 759 2551 anno
783 2499 857 2551 1417
870 2491 1023 2568 theologus
1045 2489 1201 2550 Mauritius

1 2603 11 2644 r
114 2585 152 2644 de
168 2587 283 2665 Praga,
302 2592 396 2666 capite
408 2593 502 2667 prhno
519 2593 626 2651 clamat
644 2607 680 2650 ex
700 2593 871 2650 auctoritate
888 2590 950 2649 divi
964 2589 1122 2666 Augustini
1134 2588 1200 2648 lieri
1273 2585 1276 2594 '

0 2729 3 2742 .
111 2685 198 2746 nullo
207 2687 293 2746 modo
312 2703 408 2766 posse,
426 2689 505 2766 quod
522 2707 671 2749 sacrarum
685 2689 900 2764 scripturarum
916 2690 1074 2748 auctoritas
1092 2703 1129 2746 ex
1148 2687 1199 2746 ali·

0 2821 1 2828 κ
116 2799 179 2860 qua
197 2787 244 2844 sui
261 2793 343 2861 parte
360 2791 532 2862 mentiatur,
549 2795 579 2846 et
595 2788 749 2846 ostendens
763 2786 842 2864 quod
860 2788 1019 2846 auctoritas
1033 2784 1200 2862 Scripturae

1 2897 7 2963 ξ
114 2883 307 2958 praeferenda
323 2887 362 2944 sit
379 2887 460 2944 onini
489 2885 690 2945 consuetudini
710 2888 786 2945 inter
801 2885 877 2970 alios
904 2883 1069 2960 Scripturas
1090 2883 1201 2958 libros,

4 3024 7 3034 ,
115 2979 352 3042 Ecclesiasticnm
366 2983 403 3060 (i)
415 2984 586 3059 compellat:
607 3009 618 3033 «
632 2983 699 3042 Non
712 2983 894 3042 contradicas
905 2982 995 3041 verbo
1006 2983 1149 3056 veritatis,
1166 2995 1203 3039 ne

114 3077 152 3138 dc
167 3081 318 3139 mendacio
331 3083 362 3138 in
376 3082 537 3141 eruditione
548 3088 601 3140 tua
614 3080 813 3140 confundaris.
830 3105 841 3131 »
856 3080 902 3138 lix
916 3080 1018 3139 eadem
1036 3078 1199 3154 Scriptura,

113 3175 243 3238 lacobus
257 3180 408 3256 episcopus
422 3180 569 3238 laudensis
583 3179 684 3238 eodem
693 3181 723 3236 in
733 3178 856 3236 concilio
868 3176 982 3235 loeutus
997 3177 1121 3236 alierum
1134 3191 1201 3252 pro-

115 3274 175 3334 fert
195 3279 413 3335 testimonium:
434 3301 446 3328 a
461 3277 586 3336 Attende
600 3275 679 3353 quod
692 3292 743 3334 cor
756 3275 862 3334 durum
876 3275 955 3332 mala
971 3272 1091 3332 habebit
1104 3275 1135 3330 ln
1148 3289 1201 3331 no

1 3441 2 3452 χ
118 3375 258 3450 sissimo,
277 3377 372 3454 etqui
395 3381 474 3434 amat
494 3374 675 3450 periculum,
690 3371 795 3448 peribit
817 3375 848 3430 in
871 3371 932 3429 illo.
951 3395 963 3421 »
981 3370 1083 3430 Oratio
1101 3368 1202 3428 habita

114 3472 147 3529 in
173 3472 295 3544 concilio
323 3472 452 3532 Basileae
475 3487 552 3531 anno
583 3479 671 3530 ilai.
697 3472 735 3530 ad
756 3469 966 3529 convertendos
985 3468 1126 3528 bohemos
1151 3467 1202 3525 ali·

0 3605 4 3620 2
113 3570 235 3647 qnando
256 3571 449 3630 Ecclesiastici
466 3571 504 3648 (3)
520 3573 687 3632 auctoritati
700 3573 846 3644 innititur,
864 3575 965 3644 utpote
978 3567 1143 3642 scripturae
1159 3565 1203 3624 di-

115 3671 215 3728 uinae:
233 3693 245 3718 a
257 3669 370 3728 Dicitur
382 3671 469 3727 enim:
482 3668 677 3727 -Maledictus
692 3685 710 3728 a
723 3668 795 3743 Deo,
810 3668 861 3742 qui
875 3672 1028 3741 exasperat
1042 3670 1196 3726 matrem.»

117 3767 154 3826 Et
167 3773 269 3843 postea
279 3766 316 3826 de
330 3769 392 3826 vita
407 3774 524 3826 aeterna
535 3767 643 3826 Tobiae
655 3767 763 3826 librum
778 3771 908 3841 repetens
922 3764 1001 3825 illius
1017 3764 1108 3823 verba
1124 3777 1204 3838 prae·

115 3864 210 3924 dicat:
233 3889 246 3915 «ι
259 3865 358 3941 lnquit
372 3863 493 3924 Tobias:
512 3865 549 3940 (4)
565 3863 656 3923 -Filii
675 3870 843 3923 sanctorum
861 3879 962 3922 sumus
975 3905 984 3936 ,
999 3867 1028 3920 ct
1044 3863 1135 3920 vitam
1155 3877 1204 3944 ax:

1 3989 2 4024 ;
117 3969 285 4040 pecmmus,
308 3979 397 4040 quam
421 3963 562 4022 Donninus
585 3963 706 4022 daturus
727 3967 771 4021 est
796 3961 875 4038 illis,
896 3964 1047 4037 quispam
1062 3974 1123 4017 non
1139 3963 1204 4016 mn¹

142 4176 178 4239 (i)
191 4183 213 4228 i.
227 4178 289 4225 hinc.
299 4187 353 4238 cap.
366 4177 397 4223 ll.
414 4200 444 4212 -
455 4174 489 4238 (2)
501 4173 565 4224 Eccl.
577 4187 631 4237 cop.
643 4175 693 4223 xi.
711 4199 740 4210 -
752 4171 786 4235 (³)
798 4173 864 4222 licei.
877 4185 931 4236 cap.
944 4173 987 4222 lll.
1004 4179 1041 4222 18.
1052 4198 1081 4210 -
1096 4170 1131 4234 (4)
1143 4170 1203 4222 Tob.

119 4269 140 4308 c.
154 4259 185 4307 it.
201 4263 238 4308 is.
1027 4281 1030 4286 ·
1157 4263 1158 4268 ’
