3086 5182
726 319 729 329 ·
817 319 977 372 -ss-
1081 336 1084 346 ·

360 435 443 496 sacri·
458 433 615 512 scriptores
629 432 746 510 plures,
766 432 911 491 mosaicae
924 429 997 508 legis
1010 429 1181 507 interpretes
1195 435 1392 506 uocarentur,
1414 445 1447 492 ae

361 541 495 594 ueterum
520 531 759 608 Prophetarum,
780 531 888 606 quippe
906 529 957 606 qni
979 543 1025 588 res
1045 534 1214 605 anoeaetas,
1239 532 1271 588 in
1289 527 1377 606 libpis
1389 527 1448 589 suis
1530 575 1531 584 ,

362 636 571 708 componerent
591 645 629 690 err
651 631 800 689 seniorum
827 627 938 688 lilblils.
964 625 1013 688 sio
1043 642 1091 688 ex.
1114 643 1159 704 gr.
1187 627 1307 704 David,
1333 627 1447 705 baias,

361 727 524 810 lllermnias
542 732 698 805 praecepta
711 731 741 786 et
753 725 921 785 historiase
940 723 1023 784 lihrls
1041 723 1174 803 Moysis,
1188 725 1295 802 lasne,
1317 730 1349 785 et
1367 725 1448 785 dudl-
1530 723 1531 810 ζ

364 841 432 888 cnm
457 833 487 888 et
503 825 621 886 sunuel
641 823 806 885 muleram.
829 823 982 884 Praetmea
1000 823 1081 883 haud
1104 823 1175 884 latet
1203 823 1395 901 Prophetas,
1424 831 1449 884 e

364 926 520 1000 scriptores
542 938 664 1002 omnes,
686 923 738 1002 qui
760 927 900 998 perpetuo
914 922 946 980 in
959 920 1067 997 populo
1086 920 1139 980 liei
1154 923 1328 998 perstitere,
1352 922 1449 980 omnia

364 1021 558 1083 hebraeorum
579 1027 662 1082 aobrs
674 1019 831 1080 tradidisse
844 1021 1081 1096 commentariis,
1104 1019 1164 1095 (uti
1178 1035 1215 1080 ex
1235 1017 1321 1080 libris
1335 1019 1448 1096 Regum
1530 1027 1531 1030 ’

363 1121 509 1198 legimus)
531 1127 620 1198 atquo
637 1136 675 1179 ex
687 1119 735 1178 his
748 1123 923 1194 acceperunt
942 1133 1044 1180 omnes
1057 1119 1135 1178 sacri
1147 1117 1282 1178 historici
1301 1134 1339 1179 ea
1353 1161 1364 1196 ,
1379 1133 1448 1195 quae

353 1233 448 1280 'nune
466 1219 591 1296 legimus
616 1219 647 1277 ln
670 1233 775 1278 eorum-
798 1217 967 1293 Scripmris.
992 1216 1135 1276 Nouimus
1162 1217 1250 1276 mam
1274 1233 1315 1276 ex
1341 1214 1449 1276 meru

362 1319 578 1378 commentariis
607 1315 724 1376 meinos
756 1321 913 1391 auctores,
943 1331 997 1391 pro
1027 1318 1112 1374 uada
1137 1314 1254 1374 illorum
1278 1316 1399 1374 ratione
1425 1321 1450 1375 et

363 1423 484 1492 mente,
505 1415 591 1492 plura
608 1415 766 1492 seripturis
786 1415 849 1474 suis
869 1416 1052 1474 conseruisse
1065 1415 1174 1474 omissa
1187 1413 1225 1474 ab
1242 1411 1329 1490 aliis,
1348 1429 1450 1488 quam

363 1516 410 1573 vis
428 1513 468 1573 oh·
487 1513 596 1573 eisdem
619 1513 750 1572 lontibus
770 1511 912 1572 biberent.
929 1511 981 1572 Uti
993 1527 1041 1571 ex.
1059 1527 1090 1588 g.
1106 1511 1217 1572 Auctor
1230 1511 1384 1570 librorum
1397 1511 1450 1571 lie·
1530 1517 1531 1532 ¹

366 1625 437 1688 gum
458 1617 488 1670 et
508 1617 610 1672 auetor
632 1609 896 1687 Paralipomenon,
920 1611 975 1669 etsi
995 1609 1075 1669 hand
1096 1611 1172 1670 inter
1193 1625 1224 1670 se
1240 1607 1380 1685 dissoni,
1400 1608 1451 1668 hoc

365 1707 570 1786 perfecerunt3
592 1714 621 1768 et
640 1709 683 1768 ita
702 1707 819 1768 iactum
832 1709 981 1784 excipitur
998 1707 1037 1767 ab
1059 1707 1254 1784 Evangelistis
1272 1709 1308 1766 in
1329 1706 1452 1766 hisinio
1530 1705 1531 1772 f

364 1806 484 1868 Christi.
504 1807 601 1884 Atque
621 1805 710 1865 ildmn
734 1807 855 1882 insuper
876 1805 907 1865 id
929 1805 1099 1884 contulere,
1122 1805 1273 1866 vocabulis
1294 1821 1333 1864 ac
1352 1804 1452 1882 phrasi
1530 1795 1531 1814 ¹

365 1906 483 1981 propria
501 1907 565 1981 nsi,
589 1909 619 1964 et
647 1903 950 1964 animadversionibus
972 1904 1013 1964 lbi
1041 1905 1210 1982 inscriptis,
1236 1908 1330 1981 prout
1358 1904 1451 1980 viris,

363 2003 457 2080 iocis,
481 2003 570 2067 aetati
597 2017 708 2078 suoque
728 2001 759 2062 ld
780 2003 1010 2080 uniuscnjusque
1033 2003 1155 2063 consilio
1181 2019 1237 2080 par
1261 2001 1449 2078 videbatur,

365 2103 397 2160 in
417 2099 553 2161 omnibus
574 2105 673 2160 tamen
695 2101 814 2160 coelesti
837 2103 969 2160 veritatis
990 2101 1100 2161 lumine
1123 2099 1251 2160 suffulti.
1273 2101 1326 2160 Ita
1344 2101 1454 2160 saebam

366 2198 544 2260 eredendum
564 2205 609 2260 est
629 2206 659 2258 et
680 2201 710 2258 in
733 2199 808 2258 libro
829 2199 1005 2276 Sapientiae.
1027 2200 1153 2260 Divinus
1168 2203 1247 2258 enim
1261 2205 1374 2258 auctor
1389 2202 1454 2259 seri-

367 2300 426 2373 ptis
447 2296 611 2360 Salomonis
630 2296 775 2356 hebraicis
798 2297 950 2374 perlectis,
973 2313 1009 2358 ae
1029 2299 1117 2358 aetati
1138 2313 1210 2357 snae
1230 2297 1364 2356 utilibus
1378 2299 1454 2357 resti

366 2397 455 2454 matis
475 2395 513 2455 ad
535 2411 647 2456 errores
670 2395 854 2454 ethnicorum
874 2395 1092 2473 profligandos,
1114 2396 1151 2455 ad
1165 2411 1248 2472 reges
1268 2395 1455 2471 edocendos,

367 2503 495 2568 suosque
508 2492 737 2552 commonendos
750 2492 948 2569 contribules,
968 2509 1004 2553 ea
1017 2496 1138 2570 scripta,
1148 2493 1229 2552 hand
1239 2493 1374 2553 seclusis
1396 2493 1455 2552 alin

366 2589 579 2666 Prophetarum
606 2589 713 2666 libris,
743 2597 957 2652 commentatus
984 2591 1096 2668 fuerit,
1127 2598 1214 2668 atque
1242 2591 1363 2668 publici
1384 2593 1455 2668 juris

367 2687 442 2748 illud
459 2703 534 2764 opus
552 2688 664 2748 iacent.
686 2689 827 2766 Numquid
844 2705 882 2748 oa
900 2689 957 2749 hoe
983 2689 1082 2750 obstat
1100 2689 1217 2749 didace
1236 2690 1439 2750 revelationi?

407 2786 530 2862 Insuper
550 2801 588 2846 ex
599 2788 767 2847 testimonio
780 2786 923 2848 lihmmm
938 2789 1077 2866 Regum,
1101 2783 1208 2864 quihus
1224 2805 1325 2864 neqm
1338 2787 1455 2848 hebrae·

368 2898 463 2960 neque
483 2883 521 2944 ab
542 2883 672 2944 Ecclesia
691 2884 826 2946 Romana
851 2887 957 2964 alieni,
988 2901 1083 2964 neum
1114 2901 1169 2946 nos
1198 2885 1454 2961 muhadieimns,

368 2988 468 3058 aperte
489 2982 627 3043 doeemur
652 2979 745 3042 multa
765 2985 919 3060 scripsisse
949 2983 1148 3045 Salomonem.
1171 2985 1290 3045 Dicitur
1319 2987 1356 3044 ln
1385 2984 1455 3044 libro

369 3095 423 3139 111.
443 3079 558 3157 Regum
579 3080 618 3158 (i)
641 3080 757 3142 loeutus
779 3081 870 3142 fuisse
888 3081 1025 3142 Salomon
1039 3085 1096 3144 tria
1110 3082 1204 3142 millia
1223 3081 1452 3160 parabolarum,

364 3183 397 3238 et
414 3177 505 3238 fuisse
523 3180 654 3238 carmina
673 3182 737 3256 qus
758 3183 888 3258 quinqua
908 3186 939 3240 et
958 3181 1047 3242 nrilie.
1072 3175 1213 3242 Traditur
1224 3183 1318 3245 wem
1335 3195 1358 3240 a
1372 3196 1454 3241 sacro

367 3277 532 3353 scriptore,
552 3277 713 3354 univmsa,
734 3293 810 3354 qnae
831 3277 940 3340 imeras
964 3277 1122 3356 Solonion,
1144 3285 1174 3340 ct
1191 3282 1374 3356 sapientiam
1395 3283 1456 3356 eju

368 3377 478 3451 scripta
497 3389 560 3435 esse
580 3377 612 3434 in
632 3374 712 3446 ¹libru
725 3374 882 3436 verborum
895 3375 1009 3436 diennn
1029 3377 1204 3438 Salomonis.
1226 3377 1390 3436 Librorum
1404 3377 1455 3435 lie·

369 3487 440 3550 gum
458 3477 547 3550 p'orro
560 3479 681 3550 auctor,
703 3474 750 3534 vel
763 3475 868 3536 saltem
881 3475 952 3552 ille,
971 3479 1022 3553 qui
1035 3483 1198 3554 postremos
1213 3476 1288 3534 duos
1304 3475 1453 3550 contulit,

368 3576 452 3648 geste
470 3587 573 3650 regum
592 3571 682 3634 lsrael
706 3577 738 3634 et
753 3571 833 3634 luda
855 3573 973 3651 collegit
994 3576 1114 3636 ineunte
1133 3574 1180 3634 rel
1203 3579 1337 3634 cessante
1362 3575 1453 3650 cepti·

367 3669 460 3727 vitate
478 3667 676 3747 Babylonica,
699 3671 787 3731 sicuti
803 3675 836 3731 et
860 3673 955 3732 serius
979 3674 1105 3748 scriptor
1129 3671 1403 3748 Paralipomenon3
1427 3675 1456 3730 et

368 3763 456 3824 arnbo
478 3766 501 3824 ii
520 3766 678 3842 scriptores
699 3766 829 3830 latentur
851 3783 884 3830 se
900 3783 920 3828 a
935 3769 1136 3846 innatum,
1157 3775 1188 3828 et
1206 3767 1298 3828 hrosi
1316 3783 1392 3828 suas
1413 3767 1454 3826 hi·

368 3863 476 3924 storias
501 3877 659 3924 oxomense
671 3880 707 3924 eo
719 3879 814 3942 nsque
825 3867 930 3926 mlada
943 3866 1160 3943 superstitibus.
1184 3865 1242 3926 Sed
1254 3881 1350 3942 usqne
1364 3866 1454 3924 marn

368 3959 1455 4038 adme,thuscoiiatasetaditasiutritbesirachctracaodur

367 4057 631 4138 llaehahaaorum,
653 4065 879 4140 mmmeotaria,
901 4061 1010 4141 aliique
1026 4065 1103 4124 uarii
1121 4065 1236 4142 gereris
1255 4061 1452 4124 hebraeam

409 4270 443 4332 (i)
459 4272 519 4335 cap.
531 4274 573 4322 lv.
588 4280 627 4324 et.
