3022 5178
547 398 730 449 -199-

92 525 128 568 eo
149 509 310 584 legebatur.
332 506 441 566 Deinde
454 475 605 566 errurnerat
620 506 710 565 libros
724 522 842 581 sacrm,
859 509 910 582 qui
925 511 1081 584 unicuique
1099 510 1178 568 ccdi-

91 622 162 666 cum
177 607 279 666 inserti
294 610 392 663 erant:
413 629 424 654 a
439 604 474 663 Iu
486 605 588 679 quinto
599 607 676 662 enim
688 604 787 663 codice
803 611 956 664 censentur
970 605 1037 664 libri
1047 605 1177 666 Salomo-

93 707 140 762 nis
163 705 305 780 quinque,
326 701 535 776 Ecclesiasten,
551 701 705 761 Canticum
717 700 924 778 canticorum,
940 702 1111 780 Proverbia,
1131 704 1180 764 Sa·

1 835 2 840 1
92 803 221 879 pientiae
238 800 330 875 llber,
349 799 385 858 de
402 815 461 874 quo
483 799 666 875 Augustinus
688 805 717 858 et
742 799 913 858 Ambrosius
938 803 1055 860 nomine
1083 801 1178 860 homi-

93 900 201 959 liarum
225 899 366 958 nonnulla
382 897 537 973 diruerunt,
554 904 583 956 et
596 897 747 974 presbyter
763 897 890 956 Belletnr
905 901 1114 973 expositionem
1133 917 1180 960 as-

93 998 254 1072 sumpsisse
274 1003 396 1055 testatus
414 1002 477 1069 ast,
496 1001 527 1053 et
547 995 786 1070 Ecclesiasticus,
811 999 894 1072 cujus
919 999 1007 1071 juxta
1031 998 1178 1076 llierony-

93 1111 177 1155 mum
196 1094 282 1154 Jesus
302 1093 403 1152 sirach
424 1093 502 1152 lilius
523 1099 625 1152 auctor
639 1093 772 1152 babetur.
791 1094 825 1150 ln
843 1100 926 1152 sexto
939 1094 1037 1154 codice
1050 1099 1179 1154 contine-

93 1201 142 1254 tur
161 1194 236 1253 liber
246 1195 317 1252 Jcb.
328 1238 335 1251 .
346 1237 370 1250 ..
389 1193 497 1252 Tobiae
513 1198 611 1252 autern
630 1195 661 1250 in
679 1192 761 1250 libris
774 1195 922 1268 quinque,
937 1193 1042 1251 Esther
1054 1197 1085 1252 in
1098 1194 1181 1254 libris

1 1322 7 1349 ς
93 1309 163 1367 sex,
178 1291 281 1351 Judith
302 1295 333 1349 in
354 1291 437 1350 libris
455 1297 586 1366 septem,
605 1296 634 1348 et
651 1289 896 1349 Machabaeorum
916 1291 1047 1349 inlibris
1068 1291 1179 1366 decem,

6 1411 7 1414 ¹
92 1390 238 1464 expositio
259 1392 291 1446 in
311 1389 434 1447 lahnum
449 1403 612 1446 sermonem
624 1387 765 1462 praedicti
782 1387 934 1446 Bellatoris
947 1388 1129 1464 presbyteri,
1144 1395 1179 1449 ut

1 1522 9 1548 ;
93 1488 266 1562 praevalet,
288 1486 386 1546 labore
411 1485 556 1544 confecta·
568 1491 632 1559 est,
659 1500 784 1560 quorum
803 1491 902 1544 mmen
921 1485 1064 1544 librorum
1079 1486 1180 1546 titulos

6 1621 9 1631 ,
94 1585 150 1644 snb
164 1585 307 1644 brevitate
321 1583 444 1660 collegi,
460 1583 578 1659 quando
592 1585 791 1642 instructionis
806 1599 866 1641 non
882 1585 1038 1642 minimum
1053 1583 1180 1643 creditur

4 1709 8 1746 ·.
92 1683 391 1758 esseoompendium,
407 1699 453 1740 res
467 1681 548 1740 fusas
562 1681 714 1755 latissime,
729 1684 829 1756 paucis
843 1682 1026 1741 sermonibus
1037 1681 1177 1741 indicare.

0 1841 1 1844 ,
94 1783 147 1840 llis
162 1781 296 1840 remediis
308 1780 424 1838 lectoris
439 1783 555 1838 ammas
567 1779 750 1839 introductus
774 1778 995 1838 saluberrimam
1016 1779 1180 1856 Scriptura-

1 1939 3 1945 ,
94 1897 160 1940 rum
171 1881 275 1939 seriem
286 1884 461 1953 provocabas
470 1880 607 1936 excurrit.
619 1902 631 1928 a
644 1878 731 1950 Quali
740 1885 838 1936 autem
853 1880 1026 1936 auctoritate
1039 1878 1093 1936 has
1101 1877 1178 1937 Deu-

9 2033 12 2042 ,
92 1977 342 2051 terasScrlpturas
353 1975 507 2033 donaverit
516 1974 706 2034 Cassiodorus
726 1977 832 2033 suisio
851 1977 978 2050 seriptis,
991 1974 1118 2034 breviter
1128 1992 1178 2034 ex·

1 2115 5 2138 2
91 2093 210 2152 ponam.
223 2075 258 2133 ln
270 2073 388 2139 Psalmo
400 2089 461 2132 xrr.
472 2074 509 2132 de
522 2071 630 2131 Tobiae
641 2079 671 2132 et
684 2073 787 2131 Judith
798 2073 873 2131 libro
886 2072 958 2132 haec
972 2073 1064 2132 verba
1077 2073 1178 2133 hausit

0 2214 8 2237 t
92 2177 133 2233 sic
150 2173 318 2250 praelatus:
340 2196 353 2222 a
367 2172 444 2230 Nam
465 2178 494 2230 et
514 2171 585 2230 alibi
603 2173 635 2229 in
651 2187 682 2229 re
703 2173 840 2230 cartusie
866 2173 985 2245 ponitur
1000 2171 1080 2247 (agit
1098 2174 1176 2230 enim

92 2273 127 2331 de
144 2271 289 2330 vocabulo
303 2266 468 2345 sersttoal:
494 2301 507 2313 ·
527 2269 591 2327 Nisi
609 2267 687 2344 quod
709 2268 757 2327 lex
780 2275 832 2328 tua
855 2268 1005 2328 meditatio
1024 2285 1090 2330 mea
1108 2274 1174 2344 est,

4 2402 12 2444 Ι·
90 2377 163 2428 tunc
180 2369 304 2428 forsitan
323 2369 474 2444 periissem
494 2369 526 2424 in
546 2366 710 2426 humilitate
725 2381 807 2426 mea:
823 2366 955 2425 ·Tobias
973 2381 1089 2442 quoque
1102 2365 1173 2426 Pro-

0 2489 8 2504 κ
92 2468 180 2544 pheta
207 2470 251 2526 sie
271 2469 326 2525 ait:
343 2497 355 2510 -
369 2465 578 2525 convertimini
594 2463 647 2540 (1),
661 2470 843 2540 peccatores,
855 2463 942 2526 facite
962 2466 1108 2540 justitiam
1126 2481 1175 2524 oo·

0 2599 14 2641 ,ι
92 2563 394 2638 ramDomin03quls
410 2564 466 2622 soit
483 2564 509 2621 si
526 2561 681 2636 velitvos,
696 2568 726 2620 et
745 2562 832 2621 faciet
847 2561 1000 2623 vobiscum
1015 2563 1176 2621 misericor·

4 2719 5 2732 ,
89 2663 172 2721 dam
187 2677 290 2720 suam:
310 2691 321 2704 ·
335 2660 373 2719 Et
388 2659 457 2718 alibi
478 2662 618 2735 scriptum
636 2665 698 2718 est:
715 2659 778 2718 -Et
793 2661 905 2719 elevate
921 2660 958 2735 (a)
974 2676 1041 2719 eum
1056 2660 1128 2718 fletu
1141 2675 1173 2720 o-

0 2733 14 2838 ,
89 2760 174 2819 ullos
192 2765 305 2818 vestros
319 2761 351 2817 in
369 2758 500 2833 coelum,
515 2758 638 2816 forsitan
652 2758 835 2816 miserebitur
853 2761 946 2816 nostri
962 2758 1125 2833 Dominus,
1144 2766 1174 2817 et

91 2857 222 2918 servabit
242 2872 305 2915 nos.
321 2881 333 2906 a
357 2856 392 2914 ln
415 2855 533 2916 Psalmo
557 2873 631 2914 aun.
650 2872 688 2914 ex
710 2857 814 2914 Esther
832 2856 947 2914 scribit:
969 2857 1101 2916 «Versus
1119 2858 1173 2916 iste

2 3017 4 3028 ,
91 2953 239 3032 signidem
264 2954 344 3030 quod
370 2959 399 3012 et
424 2953 494 3012 alibi
521 2953 632 3013 dictum
658 2959 718 3012 est:
737 2955 797 3012 -ln
818 2954 968 3012 voluntate
984 2959 1036 3012 tua
1050 2953 1174 3013 Domine

0 3105 12 3130 ,„
91 3053 216 3129 (Esther
233 3053 369 3127 c.1111.)
385 3055 523 3112 universa
543 3054 735 3127 suntpcsita,
753 3059 783 3110 et
800 3048 860 3111 non
879 3054 990 3127 estqui
1008 3053 1100 3127 possit
1122 3067 1174 3110 vc·

11 3218 14 3232 ,
91 3155 200 3216 luntatl
222 3160 290 3214 tuae
313 3155 454 3212 resistere.
476 3179 487 3204 u
512 3152 629 3211 Psalmo
655 3169 782 3210 anniv.
806 3168 843 3210 ex
866 3152 1030 3210 Hieremiae
1052 3151 1175 3227 epistola

0 3309 7 3334 ,.
92 3253 149 3312 hoc
176 3253 377 3310 testimonium
404 3253 510 3310 sumit:
530 3249 639 3309 «Unde
658 3249 820 3308 Hieremias
842 3248 988 3324 Propheta
1007 3250 1039 3306 iu
1054 3247 1177 3322 epistola

4 3387 6 3394 ·
91 3367 147 3410 sue
160 3350 285 3428 judaeos
304 3364 491 3409 commonens
509 3349 597 3407 dicit:
613 3347 713 3407 »Nam
736 3349 854 3423 linguae
866 3363 968 3406 eorum
981 3347 1088 3422 politae
1101 3363 1120 3406 u
1133 3346 1175 3406 la-

91 3449 165 3523 bro,
187 3450 253 3524 ipsa
270 3454 368 3506 autem
381 3450 517 3505 inaurata
530 3453 558 3504 et
572 3447 758 3521 inargentata
778 3445 854 3504 falsa
871 3451 941 3504 sunt
953 3444 1058 3520 (idola)
1074 3450 1104 3503 et
1116 3459 1176 3503 nou

10 3614 13 3628 ³
92 3552 219 3624 possum
236 3545 325 3620 loqui.
342 3569 354 3595 u
379 3545 422 3604 De
441 3544 557 3603 Barueh
576 3547 695 3620 insuper
715 3544 787 3604 haec
813 3544 901 3620 legit:
923 3545 1029 3602 «Inter
1043 3541 1181 3603 homines

91 3643 242 3711 habitasse
254 3643 442 3718 corporaliter
458 3645 642 3718 cognoscitur
655 3641 800 3717 Christus,
815 3645 890 3701 sicut
903 3641 1018 3700 Baruch
1031 3639 1178 3715 Propheta

91 3739 356 3816 praedixit-Post
369 3741 441 3800 haec
455 3743 575 3800 interra
588 3743 670 3800 visus
683 3747 739 3816 est,
753 3747 857 3799 etcum
872 3738 1039 3798 hominibus
1056 3754 1177 3798 conver·

0 3881 13 3924 ,⁴
92 3845 175 3898 ntus
199 3845 253 3897 est.
276 3863 288 3888 u
308 3839 389 3898 Libri
406 3841 493 3913 primi
510 3837 775 3912 Machabaeorum,
800 3838 891 3897 verba
907 3837 1013 3913 psalmi
1035 3852 1172 3896 axxunr.

0 4003 2 4020 ζ
97 3939 315 4014 interpretatus:
335 3967 346 3980 -
367 3935 531 3996 Posuerunt
551 3935 714 3994 Jerusalem
728 3952 880 4011 pomorum
904 3935 1081 3994 custodiam:
1097 3964 1108 3976 ·
1124 3934 1179 3994 ite-

94 4033 235 4094 oordatur
249 4033 397 4094 mribens:
418 4059 430 4084 «
442 4033 499 4092 Sed
515 4036 621 4108 impiae
635 4035 729 4110 gentis
746 4036 778 4090 in
798 4034 989 4092 sanctissimis
1004 4033 1075 4090 locis
1088 4032 1176 4090 simu·

1 4195 10 4222 ,¹
85 4131 175 4200 ,lacre
192 4130 321 4192 nefanda
346 4134 579 4208 praesumptione
606 4137 786 4207 posuerunt,
810 4136 843 4190 ut
859 4129 900 4189 ibi
918 4129 1066 4189 colebatur
1086 4142 1173 4186 verus

0 4309 3 4324 '
119 4325 155 4388 (ι)
176 4325 294 4398 recrea
316 4327 382 4376 mu.
404 4353 433 4363 -
450 4324 676 4389 (cuminam.
