3094 5176
389 391 393 401 .
852 367 892 380 -
912 346 950 398 92
972 369 1011 380 ··

389 459 537 518 misissent
555 458 587 516 in
601 453 738 532 judaeam
755 455 893 530 pecunias
915 453 952 513 ad
972 453 1082 515 hostius
1095 454 1229 516 emendas
1245 459 1415 528 saccaria„

391 571 477 634 ΒΨ
497 556 608 632 “lma
629 553 708 632 quod
726 558 797 614 tunc
816 553 954 629 temporis
974 552 1033 612 levi
1051 567 1137 627 opero
1155 555 1332 618 instaurarunt
1346 563 1372 620 in
1384 581 1416 624 aa
1495 569 1496 650 ξ

391 653 559 729 cimaloco,
579 653 631 712 uhi
650 658 736 711 anoea
753 651 925 711 collocatum
945 650 1041 710 iuerat
1058 651 1180 710 alterurn
1194 667 1212 710 a
1224 651 1374 734 salomom,
1389 666 1419 722 ui

392 752 527 828 deinceps
551 751 607 810 auh
629 749 721 810 &dra
747 765 849 809 revera
868 747 1007 808 discimus
1027 747 1161 824 iactum,
1185 765 1203 809 a
1226 752 1420 818 sacerdotissae
1495 765 1496 808 1

390 851 558 928 captivitate
581 847 756 922 reducibus,
782 848 834 924 qui
859 845 908 906 ubi
934 845 1116 906 Hierusalem
1140 850 1246 908 rcvcrsi
1269 849 1422 916 seditiosam
1495 869 1496 876 ¹

389 947 482 1008 airam
503 945 563 1006 Deo
583 945 692 1005 Israel:
719 945 781 1004 «iit
796 945 923 1006 surrexit
938 942 1046 1020 Josue,
1068 944 1110 1003 ait
1129 943 1293 1023 Scriptura,
1314 947 1346 1025 (i)
1363 933 1421 1013 iiiios

388 1043 550 1119 Josariach,
568 1050 598 1103 et
608 1042 712 1104 nanos
725 1045 788 1118 ejus
801 1041 983 1117 sacerdotes,
1001 1047 1030 1101 ci
1046 1041 1203 1101 zorobabel
1217 1041 1292 1104 iliius
1304 1042 1422 1126 suatur,
1495 1029 1496 1032 Ἴ

389 1146 421 1201 ct
439 1140 544 1202 innuas
567 1144 651 1217 ejus,
672 1146 702 1200 ct
721 1139 946 1200 aedificaverunt
965 1138 1057 1198 altare
1076 1139 1128 1198 Dei
1148 1139 1248 1215 lauri,
1269 1146 1300 1200 ut
1314 1141 1423 1208 oiierront

390 1241 422 1299 in
435 1255 470 1300 co
484 1238 734 1314 holocautomata,
754 1239 830 1298 sicut
844 1238 985 1313 scriptum
996 1239 1028 1296 in
1041 1237 1104 1312 icgc
1117 1237 1214 1315 Moysi
1231 1241 1287 1298 viri
1298 1239 1345 1299 Dei
1357 1285 1363 1300 .
1377 1285 1384 1301 .
1398 1287 1421 1303 ..

390 1336 418 1396 A
439 1339 533 1414 primo
552 1335 600 1396 dic
619 1338 727 1398 mansis
745 1336 861 1411 septimi
882 1340 1039 1410 coeperunt
1055 1333 1161 1404 oiicrrc
1180 1335 1368 1398 holocaustum
1383 1341 1423 1400 Do

391 1436 491 1512 mino,
511 1450 599 1510 porro
621 1435 762 1510 ternplum
781 1432 834 1492 Dei
853 1431 983 1492 nondum
1004 1430 1159 1491 fundatum
1179 1438 1282 1492 crat.»
1310 1434 1358 1494 His
1373 1451 1423 1513 crgo

392 1532 624 1608 animadversis,
646 1537 722 1590 recte
745 1532 923 1591 conveniunt
940 1532 1047 1590 citatae
1071 1527 1186 1588 Barnch
1207 1529 1363 1592 locutiooas.
1381 1533 1425 1594 Hoc

391 1630 469 1690 idem
491 1631 660 1690 instituatur
677 1628 717 1688 dc
734 1628 800 1688 aliis
822 1628 937 1688 Daruch
956 1627 1086 1702 ejusdem
1110 1627 1229 1686 verbis:
1255 1628 1426 1690 «Decitariio

391 1727 500 1804 tcmpio
512 1726 630 1788 Domini
649 1727 681 1785 in
700 1723 748 1786 dic
767 1725 930 1800 solemni·
954 1721 1032 1802 quod
1051 1723 1191 1801 ternplum
1204 1727 1260 1786 etsi
1277 1726 1427 1788 combustio

389 1830 421 1884 et
435 1824 566 1884 dirutum
582 1823 691 1899 inerit,
711 1829 841 1884 atamen
858 1823 938 1882 iocus
957 1824 1021 1882 sivo
1040 1824 1186 1898 spatium,
1206 1822 1259 1882 utri
1272 1828 1349 1882 antea
1361 1827 1426 1886 sitan

390 1928 473 1998 erat,
494 1921 731 1997 discernebatur,
752 1936 810 1998 quo
823 1919 1025 1980 consentanius
1046 1919 1164 1980 hebraei
1178 1920 1320 1998 orabant,
1337 1920 1388 1981 dia
1401 1923 1428 1982 ic·

389 2025 451 2080 stoc
472 2019 616 2097 agebant,
638 2024 667 2078 et
686 2033 739 2078 ara
751 2020 910 2093 instructa,
930 2017 1065 2078 uictimas
1079 2017 1244 2078 offerebant
1261 2034 1312 2092 pro
1326 2026 1424 2094 peccato.

428 2117 529 2194 Neque
547 2119 683 2194 insuper,
705 2119 859 2178 averitata
878 2115 965 2176 vaide
977 2116 1127 2178 dissonum
1147 2121 1287 2192 apparet,
1305 2115 1386 2176 adhuc
1396 2133 1426 2176 ae

388 2217 459 2274 tatis
479 2217 554 2275 inter
573 2215 679 2276 rudera
700 2221 762 2274 tam
782 2214 901 2290 spatiosi
921 2211 1045 2274 aedificii
1066 2227 1216 2288 superasse
1235 2213 1299 2274 ioca
1316 2213 1426 2288 quacun

388 2327 442 2372 sau
461 2329 610 2389 roccssus;
633 2328 667 2373 ec
684 2313 777 2389 magis
797 2311 876 2388 quod
892 2328 909 2370 c
927 2326 1026 2372 sacrae
1046 2309 1211 2386 Scripturas
1232 2309 1325 2370 verbis
1341 2316 1426 2370 tantm

387 2418 508 2472 anatur
525 2409 707 2472 succenduse
727 2409 920 2470 Nabunardan
935 2410 1055 2470 domurn
1067 2409 1185 2470 Domui
1197 2417 1229 2470 ct
1239 2409 1352 2470 domurn
1362 2410 1425 2485 repis.

389 2509 454 2574 Hoc
472 2517 540 2570 actu
560 2511 638 2570 eninr
660 2510 753 2570 solum
773 2511 850 2586 ignis
871 2509 993 2568 eiicctus
1015 2507 1267 2568 animadvertendi
1290 2515 1369 2583 sunt,
1386 2521 1426 2582 qno

388 2608 490 2683 tempii
513 2611 589 2668 sacri
609 2607 824 2684 magnificantia
847 2613 876 2666 ct
893 2607 981 2666 decor
1000 2607 1152 2682 deturpata
1174 2605 1280 2682 iuerc,
1307 2610 1427 2666 auramrt

389 2711 543 2782 argentum
567 2711 596 2764 at
616 2720 664 2764 aas
684 2711 876 2780 consumpta,
899 2704 979 2780 iigna
997 2707 1137 2779 citiusque
1157 2705 1272 2780 generis
1289 2702 1425 2774 combusta,

387 2801 533 2864 euntibus
548 2807 646 2860 tamon
660 2801 833 2878 quibusdum
847 2801 963 2860 audium
980 2800 1130 2877 partibus,
1149 2817 1226 2876 quac
1240 2801 1337 2876 tempii
1348 2814 1427 2858 memo

389 2901 465 2958 riam
486 2900 666 2975 excitarant,
688 2900 773 2958 sicuti
790 2915 841 2975 per
855 2899 988 2960 cumdem
1006 2899 1121 2960 Baruch
1134 2898 1261 2960 dicitur:
1288 2899 1343 2958 nDt
1356 2896 1426 2972 posri·

387 2998 427 3054 sti
439 2995 597 3072 templum,
612 2997 644 3054 in
657 3011 715 3072 quo
729 2998 899 3058 invocatum
912 3003 956 3058 cst
968 3011 1073 3056 nornen
1086 3003 1171 3056 tuum
1184 2999 1262 3058 siout
1274 2996 1332 3056 dics
1342 2993 1423 3054 hacco

388 3093 431 3152 Ea
451 3109 534 3152 sacra
556 3093 693 3170 loquendi
714 3111 836 3170 norma,
859 3110 917 3170 qua
941 3109 1012 3156 usuc
1032 3100 1077 3154 cst
1097 3093 1133 3152 dc
1152 3093 1282 3170 tamplo,
1306 3091 1426 3151 familiaris

388 3191 445 3250 iuit
470 3193 558 3251 etiarn
581 3197 610 3252 et
637 3192 702 3252 aiiis
726 3193 914 3268 scriptoribus
937 3192 1201 3253 Protoiiunonicis.
1229 3191 1334 3252 Narrat
1353 3189 1426 3248 iiiuc·

388 3289 463 3348 mias
477 3289 536 3367 (ψ
563 3289 740 3350 «Venerunt
756 3292 813 3350 viri
826 3290 862 3349 da
880 3288 1014 3366 Sichcm,
1035 3296 1065 3350 ct
1077 3291 1114 3350 de
1127 3288 1207 3366 Siio,
1230 3295 1259 3350 et
1276 3289 1311 3350 dc
1326 3287 1426 3348 &marin

387 3387 536 3461 octoginta
560 3387 637 3462 viri,
659 3388 717 3446 rasi
739 3386 853 3462 barba,
875 3389 1019 3450 usensis
1040 3386 1189 3461 vestibus,
1208 3392 1242 3446 ct
1259 3385 1425 3462 squallente3

387 3485 416 3539 ci
438 3497 558 3541 munera
576 3488 605 3541 ct
623 3483 692 3544 thus
712 3484 859 3544 habebant
877 3487 908 3546 in
929 3499 1038 3562 rnanu,
1056 3492 1090 3546 ut
1107 3483 1248 3544 oiiarrcut
1261 3485 1291 3542 in
1303 3480 1426 3542 domoDo

385 3579 468 3638 nuni.
483 3603 496 3630 o
520 3579 557 3638 lit
576 3581 681 3641 domus
703 3581 819 3642 Domini
838 3586 902 3659 jorn
922 3585 1041 3644 incensa
1059 3589 1156 3642 erata
1174 3581 1337 3655 chaldaeis,
1355 3585 1382 3638 ut
1398 3578 1426 3634 rii

385 3677 481 3750 capite
505 3677 696 3750 praecedenti.
725 3677 873 3754 Scriptura
899 3679 1008 3740 murac
1034 3681 1213 3754 apmussimc
1233 3679 1289 3738 hoc
1310 3677 1392 3736 mouit
1405 3674 1425 3730 io

384 3787 451 3846 cap.
469 3788 522 3847 rn,
543 3772 594 3834 ubi
608 3777 749 3850 scriptum
766 3782 828 3836 ast:
855 3777 920 3836 «iit
932 3777 970 3836 de
982 3777 1160 3852 principibus
1172 3783 1308 3852 patrum,
1327 3788 1383 3831 curo
1395 3772 1426 3828 in·

385 3867 572 3942 armarentur
594 3872 733 3946 tempium
757 3873 894 3951 Domini,
915 3873 994 3950 quod
1013 3881 1057 3934 cst
1077 3877 1109 3934 in
1131 3874 1329 3947 Hierusalem,
1347 3871 1425 3944 spontc

384 3962 553 4026 obtulerunt
569 3968 601 4024 in
618 3967 736 4028 domum
756 3969 808 4030 Dei
825 3971 862 4029 ad
876 3971 1066 4030 extruendam
1087 3988 1152 4032 eam
1168 3973 1199 4029 in
1213 3971 1277 4030 loco
1292 3984 1370 4028 suo.»
1390 3963 1425 4024 lc·

382 4065 476 4138 grossi
493 4069 562 4124 sunt
581 4081 683 4141 nempe
701 4068 732 4125 in
742 4068 882 4144 tempium
896 4069 1025 4144 Domini,
1039 4072 1071 4128 in
1084 4071 1210 4146 spatium
1224 4069 1301 4128 iilius
1315 4069 1378 4124 inter
1389 4075 1423 4120 ru·

408 4257 444 4322 (i)
455 4258 545 4312 morae
561 4262 630 4312 ciii.
644 4268 667 4310 2.
677 4287 708 4306 ··-
719 4261 753 4324 (2)
764 4262 869 4312 Hieram.
884 4265 982 4314 ciiii.
1002 4269 1024 4314 i.
