3086 5182
547 415 727 466 -iie-

96 529 302 604 perstitarunt,
323 524 374 585 scd
395 527 542 584 communi
566 524 628 584 irato
650 525 783 600 periere3
805 522 909 583 deinde
932 523 1016 584 alteri
1035 525 1100 586 loco
1122 527 1173 586 ad-

96 643 200 706 ponam
221 639 296 704 quus
318 623 357 684 oh
378 623 478 684 oculos
499 628 614 684 nostros
634 621 731 685 adhuc
753 629 919 700 supersunt.

132 723 288 786 Desinenie
308 722 424 784 saeculo
445 739 489 782 ιν.
513 722 604 782 vitam
626 717 750 799 degebat
772 735 797 782 s.
825 719 976 782 Paulinus.
999 723 1055 784 Hic
1075 726 1173 787 basili-

97 839 159 884 carn
182 839 207 882 s.
231 819 334 882 Felicis
355 823 505 896 exuuxlt,
531 822 563 880 in
585 823 668 897 cujus
688 818 847 895 porticibus
869 819 1061 882 cernebantur
1084 827 1177 901 pictae

14 953 15 956 =
96 921 224 982 virorum
246 933 280 980 ac
300 917 455 980 mulierum
468 920 631 996 imagines,
648 920 691 978 uti
705 920 736 980 in
754 918 862 979 divinis
881 919 1037 999 scripturis
1057 939 1175 984 neumn-

14 1003 15 1014 ’
96 1026 154 1096 tur,
178 1017 257 1080 acin
275 1019 311 1079 lis
332 1017 477 1080 notandae
495 1023 584 1093 sunt,
605 1033 680 1096 quas
700 1017 748 1080 ille
771 1018 848 1078 idem
869 1019 914 1078 his
932 1021 1112 1082 carminibus
1133 1030 1175 1083 ta-

14 1117 15 1156 l
96 1123 208 1194 satus,
229 1112 384 1178 describit:

14 1215 17 1256 ἵ
118 1241 130 1266 α
153 1215 235 1277 Binis
254 1215 383 1278 historiis
402 1220 488 1276 ornat
507 1217 620 1292 pictura
640 1214 750 1274 ildelis:

154 1314 222 1376 Una
243 1320 411 1376 uncorum
435 1316 560 1392 complet
579 1329 663 1374 sacru
683 1321 765 1391 gesta
784 1317 914 1378 virorum

155 1409 231 1490 Jcb,
254 1415 304 1490 qui
325 1411 496 1476 vulneribus
516 1417 665 1489 tentatus,
687 1413 798 1475 iumine
817 1413 924 1489 Tobit;

154 1509 211 1580 Asi
230 1511 319 1572 uum
339 1527 426 1572 sesan
447 1513 543 1572 minor
563 1510 674 1572 obtinet
694 1510 794 1572 inclita
814 1511 936 1588 ludu,

155 1611 221 1685 Qua
239 1612 348 1690 simul,
370 1619 400 1672 et
418 1614 520 1690 regina
539 1618 641 1688 potens
662 1610 828 1689 depingitur
847 1610 988 1672 Esther.»

14 1745 15 1756 .
96 1709 188 1770 liivus
208 1709 390 1788 Augustinus
412 1725 544 1772 sermone
555 1727 620 1770 uix.
632 1710 669 1771 ds
681 1709 869 1771 Machahaeis
880 1711 993 1789 scribit,
1005 1711 1179 1773 Andoohiae

14 1819 15 1852 i
96 1807 156 1868 illis
180 1806 321 1884 templum
344 1808 473 1870 dicatum
500 1824 582 1876 asse:
614 1807 821 1870 stanconam
845 1811 951 1886 quippe
974 1825 1092 1888 regem,
1119 1813 1178 1888 ait,

94 1914 309 1986 metuerem
332 1909 454 1984 impium
476 1907 681 1985 pertulerunt,
703 1913 733 1968 et
756 1909 896 1968 memoria
921 1910 1055 1986 martyrii
1079 1925 1179 1970 eorum

97 2009 128 2068 in
151 2005 311 2068 Antiochia
331 2008 512 2084 celebratur,
534 2013 571 2068 ut
590 2007 675 2066 simui
697 2013 780 2068 sonet
805 2013 835 2068 et
864 2023 971 2068 nomen
990 2009 1180 2084 persecutoris

15 2117 16 2150 1
95 2111 126 2168 et
138 2108 280 2166 memoria
294 2109 483 2168 coronatoris.
501 2105 580 2166 Haeo
591 2103 711 2166 basilica
724 2119 742 2164 a
753 2104 919 2166 christianis
932 2111 1046 2166 tenetur
1057 2147 1066 2182 ,
1077 2122 1095 2165 a
1106 2105 1181 2166 chri·

95 2205 203 2266 suanis
225 2201 378 2268 eedliicata
397 2212 451 2266 est.
472 2230 484 2257 υ
1227 2275 1228 2282 ἵ

156 2303 193 2364 ln
210 2307 305 2366 sandi
322 2302 469 2366 Ambrosii
487 2305 609 2382 epistole
628 2305 666 2366 ad
681 2304 877 2366 Theudosium
897 2303 936 2380 (i)
957 2306 1177 2380 imperatorem,

96 2419 157 2482 qne
179 2399 272 2464 sidem
294 2405 480 2481 conqueritur
505 2405 542 2465 de
562 2403 748 2466 ecdesiarum
770 2404 986 2481 prostratione,
1006 2410 1036 2462 et
1057 2405 1116 2462 aris
1138 2401 1182 2464 di·

96 2503 193 2579 ruiis,
214 2507 244 2564 et
263 2501 413 2562 saodfioiis
428 2502 653 2564 christianorum
666 2502 791 2564 turbatis
805 2517 856 2578 per
870 2517 975 2562 manus
989 2500 1181 2560 hebraeorum

97 2607 129 2662 et
151 2599 326 2679 gentillum,
347 2601 480 2677 exemplu
502 2599 656 2678 teruntur,
678 2601 734 2662 hac
747 2599 784 2662 de
804 2603 935 2677 ratione,
960 2605 1092 2661 vetustae
1116 2615 1184 2660 oon·

95 2699 262 2760 suetudinis
279 2699 409 2760 bdelium
427 2701 459 2758 ln
472 2699 608 2762 ecelesias
623 2699 830 2778 conveniendi,
849 2699 1024 2762 sacrificinm
1040 2701 1180 2777 salutare,

97 2815 223 2878 preces,
245 2799 361 2877 aliaque
383 2798 549 2877 huiusmodi
572 2814 656 2860 sacra
679 2798 850 2862 conficiendi
871 2815 981 2877 causa;
1000 2815 1035 2860 ac
1051 2798 1116 2859 ideo
1131 2801 1184 2860 im·

95 2899 229 2976 peratorl
255 2897 471 2976 commendat,
498 2901 662 2960 utiterum
687 2899 817 2960 fidelium
843 2899 952 2976 templa
984 2897 1182 2959 aedificentur.

99 2997 186 3058 inter
207 2995 285 3073 clia,
306 2994 416 3056 lactum
437 3001 557 3072 narrat,
580 2996 659 3074 quod
676 2997 793 3072 respicit
812 2997 923 3058 cultum
941 2995 1187 3057 Machubaeornm

95 3095 303 3174 martyribus,
325 3112 344 3157 a
365 3095 532 3156 mdsuanis
555 3094 594 3156 ah
615 3096 699 3156 initio
724 3096 832 3156 camuli
854 3112 891 3155 rr.
914 3093 972 3155 iilis
993 3095 1184 3171 praestitum,

95 3201 131 3254 et
152 3193 252 3256 locum
271 3209 387 3273 quoqm
406 3209 507 3254 sorum
530 3191 709 3254 venerationi
726 3195 918 3270 assignatum.
940 3193 985 3252 lta
1001 3207 1072 3252 vero
1088 3189 1186 3268 arguit

97 3293 241 3354 Sanctum
266 3292 494 3355 «vindicabitur
508 3294 596 3352 etiam
611 3290 877 3353 valentinianorum
892 3289 992 3350 lanum
1008 3290 1187 3350 incensum?

93 3389 182 3465 Quid
198 3395 243 3452 est
258 3392 337 3452 enirn
356 3392 413 3454 nisi
432 3390 555 3470 lanum,
577 3393 608 3452 in
628 3406 687 3468 quo
705 3395 750 3452 est
766 3395 927 3450 conventus
947 3389 1122 3467 gentilium?
1139 3388 1186 3449 Li·

92 3493 151 3549 cet
163 3488 286 3566 gentiles
299 3486 453 3550 duodecim
467 3488 543 3552 Deos
557 3487 713 3568 appellent,
728 3490 776 3550 isti
790 3489 927 3567 triginta,
942 3493 972 3548 et
985 3487 1059 3548 duos
1073 3485 1188 3546 Oeonas

90 3584 225 3665 oclant,
245 3603 319 3665 quos
337 3587 486 3666 appellunt
504 3587 589 3650 Deos.
614 3588 690 3650 Nam
710 3587 747 3650 de
766 3590 837 3664 ipsis
855 3587 982 3664 comperi
1000 3585 1144 3662 relatum,
1159 3591 1189 3645 et

87 3691 313 3766 praeceptum,
335 3692 368 3748 ut
390 3688 422 3746 in
445 3686 603 3748 monachos
627 3687 845 3761 vindicaretur,
873 3685 944 3762 qui,
969 3681 1189 3760 prohibentibus

86 3787 160 3844 lter
183 3783 411 3862 valentinianis,
427 3799 486 3861 quo
508 3784 640 3846 Psalmos
660 3790 796 3846 mentes
819 3800 855 3844 ex
874 3781 1100 3861 consuetudine,
1122 3797 1190 3843 usu-

87 3881 275 3958 que.reteri
297 3881 457 3959 pergebant
478 3881 516 3943 ad
533 3881 727 3944 celebritatem
748 3882 994 3944 Macchabaeorum
1012 3887 1187 3961 martyrum,

84 3979 179 4041 moti
196 3978 351 4040 insolentia
368 3980 558 4041 incenderunt
578 3982 679 4044 lanum
698 3997 797 4041 eorum
818 3985 848 4040 ln
869 3981 995 4058 quodam
1015 3981 1104 4042 rurali
1125 3983 1190 4042 vico

85 4076 297 4140 tumultuaris
319 4078 507 4140 conditum.»

138 4175 217 4236 Pisis
240 4178 270 4235 in
293 4179 463 4238 coemeterio
486 4181 557 4240 satis
582 4181 723 4257 antiquo,
748 4178 826 4258 quod
849 4179 887 4241 ad
910 4179 1057 4240 saeculum
1080 4175 1173 4237 duodr

165 4370 201 4432 (Ι)
218 4372 293 4434 ilpisi.
310 4379 348 4426 lo.
367 4381 387 4426 i.
403 4375 494 4426 classis.
512 4375 566 4425 udi.
582 4378 646 4426 Mau.
