2964 5174
495 395 655 447 ..gg-

41 505 165 564 mendat:
186 529 199 556 a
211 504 264 563 Est
283 506 372 582 igitur
391 505 551 562 immensus
568 503 621 562 Del
641 503 749 580 Filius,
769 511 798 564 et
812 503 915 582 Pater,
932 511 962 566 et
978 505 1119 586 Spiritus,

40 607 172 681 quoniam
189 603 227 662 de
246 605 310 678 ipso
326 601 451 661 dieitur:
468 631 481 645 ·
495 601 623 678 Magnus
642 607 703 677 est,
722 603 752 662 et
769 619 829 662 nou
846 603 935 665 habet
951 605 1056 685 finem,
1070 625 1120 668 ex·

39 703 143 779 1111111,
158 707 189 761 et
201 703 379 777 immensus,
395 717 430 760 ac
447 700 535 777 paulo
551 707 633 776 post:
646 700 813 776 -posthaec
826 703 857 761 in
874 709 954 764 terra
968 707 1050 766 visus
1063 713 1119 792 est,

40 809 149 861 etcum
167 799 336 860 homiuibus
357 805 557 858 conversatus.
575 823 587 849 a

71 901 182 959 Contra
202 901 334 974 mianos,
356 897 553 973 libramime,
573 897 736 956 Salomonis
747 897 925 974 Sapientiam
944 903 1062 962 invocat
1075 905 1121 964 his

39 998 146 1057 verbis:
164 997 204 1075 (t)
223 997 358 1058 «Panem
377 997 413 1057 dc
433 996 513 1056 coelo
535 994 655 1074 datum,
679 995 874 1057 substantiam
890 1005 919 1058 et
938 999 1121 1062 dulcedinem

38 1097 83 1156 liei
100 1113 186 1173 esse,
205 1096 354 1173 Scriptura
377 1101 540 1156 testatur.»
561 1095 597 1153 In
616 1109 750 1154 sermone
769 1094 914 1156 fastidiosi
935 1099 1049 1176 ariani,
1070 1105 1121 1177 qui

38 1199 107 1255 inter
121 1198 232 1272 scripta
245 1195 393 1273 Fulgentii
406 1197 552 1269 occurrit,
567 1194 604 1252 de
618 1193 720 1252 eodem
733 1193 898 1270 Sapientiae
911 1195 986 1256 libro
1003 1199 1119 1276 legitur:

39 1293 120 1352 allec
136 1293 176 1354 ad
186 1300 339 1370 peccatum
358 1293 427 1352 lecit
441 1294 610 1372 hominem,
624 1307 679 1350 nec
696 1291 735 1350 ad
752 1299 892 1369 mortem,
908 1293 1058 1371 Scriptura
1077 1297 1120 1356 di·

36 1397 131 1451 ocnte:
151 1423 164 1436 ·
177 1391 256 1451 Deus
276 1397 399 1452 mortem
421 1407 481 1450 non
496 1391 585 1467 lecit,
605 1407 660 1450 nec
678 1391 803 1450 laetatur
816 1394 847 1450 in
863 1392 1024 1468 perditione
1039 1398 1122 1456 vivo-

38 1507 108 1550 rum.
124 1515 138 1542 ι
161 1489 284 1550 Omissis
301 1491 366 1551 aliis
381 1490 514 1567 piurimis
532 1489 719 1566 eScripturis
735 1491 868 1550 Deuteris
881 1509 899 1552 a
913 1491 983 1554 divo
999 1495 1123 1572 Fulgen-

37 1591 73 1648 tio
90 1592 237 1666 excerptis
254 1591 448 1665 testimoniis,
463 1589 536 1648 haec
551 1595 668 1648 tantum
682 1604 772 1664 supra
788 1589 881 1648 relata
896 1605 950 1666 pro
967 1591 1025 1650 illis
1039 1609 1123 1668 spou-

39 1687 133 1746 deant.

70 1787 97 1860 5.
121 1785 206 1846 lllll.
228 1785 394 1846 Ferrendus
418 1785 558 1844 diaconus
580 1785 726 1844 Ecclesiae
742 1783 974 1862 carthaginensis
992 1789 1123 1863 aequalis

37 1892 61 1944 et
79 1887 236 1945 iamdiaris
252 1885 399 1962 Fulgentii
412 1885 450 1943 ad
463 1885 610 1960 Reginum
626 1885 760 1942 comitem
781 1886 981 1958 paraeneticus
1000 1885 1122 1962 alioqui-

36 1991 95 2044 tur:
120 1984 179 2044 «Si
199 1999 309 2061 parvus
328 1985 472 2043 exercitus
497 1989 599 2042 contra
619 1983 747 2042 hostium
766 1982 967 2042 multitudines
987 1987 1119 2044 innume-

39 2083 140 2142 rabiles
155 2083 322 2142 educendus
336 2085 391 2158 sit,
408 2087 510 2142 orante
524 2080 642 2157 lauth,
659 2083 791 2156 protinus
811 2081 1038 2157 confortaberis,
1053 2097 1121 2141 con-

37 2197 104 2239 sona
121 2183 270 2255 oratione,
287 2180 357 2240 dum
376 2178 575 2257 gemebundus
593 2179 818 2238 exclamaveris:
838 2178 876 2256 (2)
894 2211 906 2222 ·
921 2179 986 2237 Non
1001 2181 1032 2237 in
1050 2180 1123 2239 mul-

38 2278 157 2337 titudine
178 2285 223 2337 est
243 2278 384 2338 fortitudo
396 2285 465 2354 tua,
481 2293 575 2352 neque
595 2279 689 2336 virtus
706 2283 758 2334 tua
779 2278 811 2334 in
833 2275 1049 2353 potentatibus,
1071 2279 1122 2338 sed

39 2375 191 2435 humilium
199 2382 243 2435 cst
254 2375 341 2435 Deus.
349 2401 362 2426 v
374 2375 421 2434 Ad
432 2375 578 2451 eumdem,
584 2378 673 2451 Juxta
682 2373 876 2433 Ecclesiastici
887 2375 1121 2452 Scripturamtlt)

44 2475 269 2553 «despondente
279 2476 332 2535 tibi
344 2477 558 2552 sapientissimo
568 2475 736 2534 Salomone:
753 2505 765 2517 ·
780 2474 847 2533 Noli
861 2491 923 2534 esse
940 2476 1067 2535 multum
1076 2481 1123 2554 ju·

39 2581 104 2634 stus.
129 2601 143 2626 v
169 2575 206 2634 In
232 2573 362 2651 ejusdem
388 2573 518 2649 Epistola
544 2572 583 2631 ad
605 2573 745 2632 Severum
767 2571 973 2632 scholasticum
998 2575 1119 2636 scribit:

42 2671 104 2731 lieri
118 2679 279 2748 antequam
290 2675 433 2748 acciperet
447 2687 581 2747 camem;
603 2671 689 2730 hodie
703 2670 820 2747 qnando
839 2675 927 2748 juxto
950 2676 1123 2733 vaticinium

42 2769 199 2830 Hieremiae
207 2769 378 2846 Prophetae:
393 2769 445 2846 (4)-
453 2769 508 2828 Hic
515 2769 592 2828 Deus
605 2775 714 2844 noster,
722 2775 819 2828 etnon
832 2770 1033 2829 aestimabitur
1047 2773 1122 2832 alius

40 2866 142 2945 absque
160 2869 232 2944 illo,
255 2870 306 2945 qui
323 2869 436 2927 invenit
450 2883 566 2927 omnem
589 2869 670 2926 viam
690 2866 880 2943 disciplinae,
895 2873 925 2926 et
944 2867 1024 2927 dedit
1038 2869 1121 2928 illam

41 2965 123 3026 Jacob
140 2964 240 3045 {puero
260 2983 315 3026 sno
340 2972 371 3026 et
391 2966 482 3026 lsrael
498 2966 604 3025 dilecto
623 2981 694 3041 suo;
711 2965 868 3040 posthaec
887 2967 917 3022 in
937 2957 1023 3026 terr'is
1041 2970 1123 3028 visus

40 3071 91 3141 cst,
110 3071 141 3124 et
158 3079 227 3124 curu
249 3064 416 3124 bominibus
434 3069 624 3123 conversatus
639 3069 693 3122 est.
708 3087 719 3112 υ

73 3163 152 3224 llaec
171 3163 229 3223 luit
248 3166 279 3221 in
299 3165 435 3222 mauricis
449 3162 616 3239 regionibus
629 3161 780 3238 doctrina,
802 3167 831 3220 et
844 3163 989 3220 institutio
1002 3162 1040 3220 ab
1060 3167 1122 3238 ejus

41 3267 101 3320 ortu
120 3279 216 3338 usque
236 3263 274 3321 ad
293 3262 401 3322 saeculi
424 3265 517 3339 quinti
538 3265 667 3336 exitum,
687 3265 771 3336 cujus
787 3259 896 3336 ubique
913 3261 999 3319 ilrma
1018 3265 1122 3320 unani·

41 3363 118 3420 udus
132 3363 164 3419 in
179 3375 211 3419 re
223 3367 324 3421 nostra
342 3367 387 3420 est
410 3361 600 3437 inspicienda.
621 3361 658 3419 Et
670 3375 750 3418 nune
763 3359 843 3419 illius
856 3359 1003 3419 Ecclesiae
1015 3357 1122 3436 Deum,

42 3457 206 3535 Apostolos,
221 3459 341 3535 Patres,
356 3458 488 3518 doctores
501 3474 601 3518 omnes
615 3466 732 3518 sanctos
743 3463 860 3518 orantes
879 3456 1073 3533 obtestemur,
1090 3465 1124 3518 ut

42 3573 133 3618 rursus
143 3559 263 3618 illarum
283 3565 381 3637 gentes
397 3575 414 3617 e
430 3559 559 3618 tenebris
574 3560 680 3617 erroris
693 3563 722 3616 et
733 3557 926 3634 seductionis,
937 3553 1044 3634 qulbus
1061 3556 1123 3616 lon·

42 3655 208 3730 1111111111)
230 3663 323 3716 aetate
338 3656 487 3716 involutae
510 3663 605 3733 sunt,
626 3656 664 3716 ad
678 3656 831 3733 Evangelii
850 3657 946 3715 lucem
965 3657 1122 3714 restituan-

42 3757 84 3810 tur
95 3759 199 3831 ,luxta
212 3755 291 3815 illius
311 3755 475 3816 doctrinam
492 3755 645 3832 incedant,
658 3761 687 3814 et
701 3755 811 3832 gloriae
823 3755 955 3814 coelestis
968 3756 1122 3830 participes

43 3847 120 3927 lunt,
133 3858 215 3930 cujus
235 3856 353 3913 initium
366 3859 431 3931 jam
450 3853 550 3932 nobis,
573 3853 689 3913 iaventc
707 3851 805 3930 coelo,
827 3853 929 3912 eluxit.

65 4045 100 4104 u>
117 4049 202 4112 sapa.
214 4051 278 4099 xvr.
294 4049 368 4112 -al
386 4049 480 4101 tuum.
500 4061 521 4099 e.
534 4053 575 4100 rx.
591 4057 669 4100 in-
688 4049 722 4111 (a)
736 4049 800 4098 noct.
814 4053 837 4098 7.
863 4053 899 4098 17.
919 4047 995 4110 -m
1013 4045 1107 4094 aarum

45 4139 64 4172 r.
78 4127 119 4176 ΙΙΙ.
132 4133 168 4178 ai.
