3070 5180
515 385 675 438 ...17-

83 499 156 556 rtaute
170 493 252 554 iesus
262 491 412 568 discipulis
425 494 486 554 suis
502 494 717 573 eleemosynam
732 495 813 558 hisae
829 498 927 559 verbis
942 502 1143 564 commendat:

85 601 166 654 ⁸11a'rrr
176 602 203 655 dr*
216 602 251 671 τῷ
265 599 382 655 αἰτουντί
401 621 431 654 σε
449 599 531 668 dr'dou,
544 597 595 655 be.
605 591 694 652 Olmii
706 599 803 654 autem
819 599 927 672 petenti
939 615 958 657 a
969 604 999 658 'ae
1008 600 1114 660 tribue.
1126 625 1140 652 s

83 691 141 751 flaui
151 691 255 751 Tobiae
274 691 313 768 (1)
331 691 393 751 filio
409 691 555 772 eloquenti
569 691 743 753 cohaerent:
760 717 773 742 «ι
782 695 828 750 Ἐκ
849 695 1008 768 drapau'rraa
1019 697 1063 752 cor*
1076 697 1143 754 rcr'rr

81 793 263 867 ι’λωμοσόνην...
273 796 310 868 μή
327 794 498 872 ἀποστρέψῃς
513 795 543 851 τό
560 796 692 870 πρόσωπόν
709 817 757 851 σου
769 795 820 852 rino*
834 797 930 860 παντός
944 799 1061 870 πτωχοῦ,
1075 791 1097 849 i.
1113 807 1140 850 e.

81 883 112 943 ir
126 885 289 946 adeundis
304 889 364 946 tuis
372 886 419 946 iac
433 887 647 966 eleemosynam
718 903 755 946 ne
766 892 882 946 avertas
893 888 996 948 faciem
1009 895 1092 946 tuam
1105 885 1144 944 ab

80 984 139 1040 unni
152 999 285 1059 paupere.
300 1009 314 1035 ν
325 984 361 1043 In
378 983 533 1061 Scripturls
543 985 718 1062 evangelicis
733 991 830 1044 autem
842 1001 912 1045 sane
928 984 1084 1044 observata
1096 981 1141 1042 di·

81 1095 149 1154 puam
162 1087 220 1156 est,
243 1082 325 1158 quod
346 1087 464 1142 sanctus
488 1083 615 1142 loannes
633 1083 669 1142 de
685 1081 813 1142 Christo·
824 1082 894 1142 lesu
911 1086 943 1141 ln
960 1085 1072 1158 porticu
1091 1081 1142 1141 Sa·

80 1175 178 1236 iunianis
192 1179 362 1240 ambulante
374 1181 499 1257 loeutus,
509 1188 592 1242 notat
602 1181 652 1258 (2)2
667 1191 808 1264 «Ἐγένετο
823 1193 848 1246 δὲ
866 1194 898 1245 ταὶ
915 1192 1032 1264 ἕγκαίνια
1052 1189 1076 1244 r’r
1091 1189 1145 1245 'Is-

78 1287 213 1357 ροσολύμοις,
225 1287 271 1340 rari
287 1285 378 1357 κειμῶν
389 1283 435 1354 ἦν,
445 1282 495 1340 be.
506 1281 597 1341 F'adtd
611 1288 679 1342 Silili
694 1289 791 1342 autem
800 1283 952 1343 Eocueuto
964 1285 995 1342 in
1009 1283 1142 1342 Hieroso-

80 1373 190 1452 liniret
204 1377 299 1438 biems
311 1383 402 1439 erato
414 1379 498 1438 Hanc
515 1381 726 1440 solemnitatem
740 1381 782 1440 ibi
790 1383 964 1458 descriptam
980 1380 1064 1440 nobis
1072 1385 1140 1438 tan-

80 1471 370 1536 tunbiacbabaeorum
384 1475 451 1536 libri
467 1477 605 1555 madunt,
620 1495 654 1538 ac
670 1477 774 1538 nullibi
792 1483 919 1539 occurrit
926 1495 938 1556 '3
951 1495 1051 1538 eurum
1063 1481 1142 1538 enirn

80 1575 149 1630 aute
157 1571 326 1634 Antiochus·
337 1575 452 1635 Israelis
469 1578 601 1652 regiones
618 1576 746 1655 murdit,
766 1582 795 1636 et
809 1583 969 1655 pergentes
987 1579 1019 1635 in
1033 1575 1142 1652 templo

81 1673 155 1726 amoc
170 1669 334 1746 profanatio
351 1673 429 1731 facta
445 1672 522 1748 fuit··,
541 1679 685 1750 acpustea
697 1676 785 1750 Juxta
802 1691 902 1733 eorum
917 1654 1140 1751 Scripturaslalz

84 1763 298 1829 «Munmvemnt
306 1777 418 1848 sancta,
430 1772 598 1831 esurierunt
604 1773 717 1849 lapides
729 1773 984 1832 mutaminatlonis
997 1775 1029 1831 in
1044 1773 1142 1832 locum

83 1863 237 1926 lamundum
333 1873 362 1926 et
379 1867 510 1927 iecerunt
527 1868 738 1928 dedicationem
765 1870 865 1930 altaris
891 1869 993 1928 umbus
1012 1875 1094 1946 octo,
1113 1874 1143 1928 et

83 1961 220 2026 obtulerant
236 1966 410 2026 holocausta
424 1983 492 2026 cum
502 1967 629 2045 laetitia,
644 1969 864 2030 et‘sacriiiclum
876 1970 1023 2046 salutaris,
1036 1975 1066 2028 et
1079 1968 1142 2028 lau·

34 2077 35 2088 ¹
82 2059 128 2136 dis,
143 2069 168 2122 et
182 2066 284 2124 statuit
301 2063 409 2142 indus,
427 2070 456 2124 et
473 2065 578 2125 iratres
595 2072 674 2142 ejus,
693 2072 722 2126 et
738 2069 875 2127 universa
891 2068 1020 2126 Ecclesia
1037 2067 1140 2142 Israel,

78 2155 226 2232 'liudprandi
245 2162 275 2216 αι’
291 2162 387 2238 ἡμέραι
409 2161 580 2236 ι’γκωινισμοῦ
597 2166 644 2218 τοῦ
656 2163 845 2238 θυσιαστηρίου
862 2167 887 2219 iu
901 2167 956 2228 τοῖς
978 2169 1078 2239 καιροῖς
1099 2167 1145 2220 ad·

83 2257 229 2316 siricianis
245 2261 304 2316 aar·
319 2263 453 2327 iusseras,
471 2257 559 2314 iamt
568 2261 721 2332 agerentur
730 2256 792 2315 dies
800 2255 988 2316 dedicationis
998 2257 1099 2315 altaris
1110 2259 1143 2316 ln

83 2352 228 2426 tenporibus
245 2356 310 2413 suis
327 2351 365 2413 ab
383 2357 509 2412 anno·in
527 2361 637 2412 annum
653 2371 705 2430 per
717 2353 779 2413 dies
795 2361 880 2431 octo,
900 2370 918 2413 a
935 2357 1037 2431 qurlnta
1055 2359 1084 2413 et
1099 2356 1142 2414 vi-

83 2449 166 2520 gesima
182 2449 226 2509 dle
242 2453 354 2510 mensis
373 2450 563 2510 Corbu-oum
580 2452 691 2510 laetitia
704 2456 733 2510 et
750 2450 866 2528 gaudio.
882 2475 894 2502 a
912 2452 992 2511 llaec
1008 2467 1080 2511 vera
1096 2459 1142 2511 est

82 2539 137 2620 diu,
149 2546 182 2606 de
196 2564 254 2625 qua
267 2549 399 2625 loquitur
408 2549 537 2608 ioannes
549 2549 706 2625 Apostolus
723 2551 754 2607 in
770 2549 867 2608 verbis
880 2549 1045 2624 praedictis.
1067 2551 1143 2610 Vere

84 2637 139 2716 llil,
154 2647 288 2720 quommn
312 2647 458 2710 nonnulli·
474 2645 551 2705 hanc
569 2647 646 2705 dlern
672 2663 733 2704 non
756 2661 819 2705 esse
841 2645 1034 2722 arbitrantur,
1052 2663 1143 2723 quam

84 2733 222 2802 Mahabael
239 2749 425 2820 statuerumt,
447 2750 500 2803 ast·
512 2746 624 2820 potius,
643 2737 754 2803 addunt
771 2745 840 2820 isti,
858 2744 949 2803 verba
973 2746 1143 2822 evangelica

85 2839 148 2895 atati
162 2837 340 2918 Salomonis,
360 2841 409 2900 vei
419 2840 842 2901 'zorobabelieoniorrnantua
862 2841 903 2901 Ut
919 2843 976 2902 hoe
986 2859 1046 2901 non
1057 2845 1099 2901 ila
1110 2860 1142 2902 se

84 2927 164 2993 babere
187 2941 320 3015 quisquis
337 2937 393 2998 sibl
417 2939 553 3014 suadeat,
581 2939 653 2998 satis
673 2940 719 2997 sit
735 2938 887 3014 Evangelii
910 2941 1000 2998 verba
1025 2955 1142 3016 percur-

84 3041 223 3108 1010,an
238 3041 401 3112 sequuntur
413 3061 426 3087 a
438 3042 468 3096 et
486 3037 580 3095 hiems
599 3041 773 3112 eratoquae
795 3037 872 3095 clare
889 3036 1011 3096 ioannis
1029 3038 1138 3097 lincae-

83 3125 130 3200 ula,
143 3131 248 3192 nullum
262 3131 345 3192 aliud
361 3132 480 3209 festum,
492 3135 549 3192 nisi
560 3132 640 3192 ¹illud
657 3133 891 3209 Machabaieum,
905 3151 968 3193 esse
981 3135 1137 3210 explicant.

84 3217 171 3283 Etenim
186 3230 383 3290 solemnitates
401 3231 475 3290 aliae
491 3231 599 3291 adhoc
620 3233 788 3307 institutae,
808 3233 869 3292 sive
887 3249 905 3290 a
923 3231 1076 3292 Salomone
1093 3235 1141 3293 vel

84 3318 263 3386 iZorobabelo
288 3329 322 3386 ln
338 3327 433 3389 hieme
456 3329 583 3389 incidere
600 3345 659 3388 non
676 3335 810 3406 poterant
821 3349 830 3407 3
842 3359 844 3364 ·
855 3329 907 3390 sed
926 3333 1022 3406 potius
1035 3347 1069 3389 ea
1086 3330 1142 3391 sub

84 3409 207 3481 Sdimoue
228 3425 258 3482 ln
287 3425 371 3484 Tarra
399 3441 450 3485 seu
470 3427 634 3487 autumnali
656 3432 811 3504 tempore,
839 3445 874 3487 ac
901 3427 1059 3489 zorobabel
1083 3429 1141 3490 alia

83 3509 201 3577 arcense
219 3520 318 3598 Adur,
336 3525 387 3600 qui
408 3523 559 3584 Februarii
575 3531 606 3584 et
623 3524 724 3584 Martii
740 3525 861 3586 dimidio
878 3526 1042 3602 respondet.
1063 3525 1137 3586 Con·

85 3609 117 3664 lm
129 3619 224 3694 auum,
241 3620 364 3680 loannis
374 3621 519 3682 liacaenia
537 3625 569 3681 in
585 3639 684 3682 mense
703 3621 808 3684 Cocles
825 3627 970 3700 occurrit,
989 3627 1040 3701 qul
1053 3625 1141 3700 plane

85 3699 214 3772 Nouembri
228 3731 263 3776 ae
279 3717 432 3777 Decembri
448 3719 599 3796 cohaeret,
621 3719 924 3798 Machabaeorumque
945 3725 1033 3782 aetati
1059 3725 1142 3782 salis·

86 3795 144 3861 boli.
162 3808 277 3888 Imuper
292 3815 469 3874 voeabulum
479 3815 631 3876 Eoeueur'u
650 3819 712 3876 siue
735 3823 855 3898 ipsarum
875 3837 891 3879 e
909 3837 963 3879 sua
981 3820 1077 3878 radice
1095 3823 1140 3880 in·

86 3905 177 3962 aare
192 3921 243 3983 pro
257 3911 421 3972 Salomonis
437 3914 546 3990 templo
563 3921 631 3990 apta
645 3933 706 3974 non
724 3917 866 3994 habetur,
890 3919 961 3977 dum
978 3935 1039 3978 non
1055 3922 1140 3978 inno·

85 3997 205 4060 taillia
221 4003 443 4088 smoumam,
465 4011 645 4088 sedprimus
666 4015 727 4089 ipse
750 4013 915 4074 aedificavit
935 4015 1081 4074 Salomon.
1105 4015 1140 4073 In

86 4083 185 4156 fflflno
200 4109 293 4165 auum
309 4107 384 4167 libro
405 4109 659 4171 diemsolemnem
680 4111 870 4173 dedicationis
890 4114 994 4174 domus
1015 4112 1068 4172 Dei
1090 4129 1141 4188 per

103 4285 199 4438 (12:⁸th
210 4310 231 4352 e.
242 4307 285 4358 lv.
297 4333 327 4348 -
340 4311 374 4375 (a)
390 4313 444 4364 ios.
457 4315 512 4364 ux.
526 4320 564 4366 rr.
576 4313 649 4378 -(a)
663 4315 751 4367 lires.
764 4315 807 4366 lib.
819 4319 886 4368 olv.
900 4320 938 4367 rr.
950 4317 976 4367 et
986 4316 1060 4366 aei.
1072 4323 1111 4368 as.

192 4423 199 4438 .
779 4408 796 4456 2
