<?xml version="1.0" encoding="UTF-8"?>
<!DOCTYPE html PUBLIC "-//W3C//DTD XHTML 1.0 Transitional//EN"
    "http://www.w3.org/TR/xhtml1/DTD/xhtml1-transitional.dtd">
<html xmlns="http://www.w3.org/1999/xhtml" xml:lang="en" lang="en">
 <head>
  <title>
</title>
<meta http-equiv="Content-Type" content="text/html;charset=utf-8" />
  <meta name='ocr-system' content='tesseract 3.04.00' />
  <meta name='ocr-capabilities' content='ocr_page ocr_carea ocr_par ocr_line ocrx_word'/>
</head>
<body>
  <div class='ocr_page' id='page_1' title='image "./sessioquartacon00vincgoog_0046.png"; bbox 0 0 3070 5180; ppageno 0'>
   <div class='ocr_carea' id='block_1_1' title="bbox 12 367 1290 4316">
    <p class='ocr_par' dir='ltr' id='par_1_1' title="bbox 12 367 1290 4316">
     <span class='ocr_line' id='line_1_1' title="bbox 515 367 735 410; baseline 0 0"><span class='ocrx_word' id='word_1_1' title='bbox 515 383 556 394; x_wconf 90' lang='lat'>····</span> <span class='ocrx_word' id='word_1_2' title='bbox 576 367 676 410; x_wconf 80' lang='lat' dir='ltr'>mlx</span> <span class='ocrx_word' id='word_1_3' title='bbox 697 386 735 394; x_wconf 90' lang='grc'>·-</span> 
     </span>
     <span class='ocr_line' id='line_1_2' title="bbox 89 466 1253 576; baseline 0.003 -30"><span class='ocrx_word' id='word_1_4' title='bbox 89 487 180 548; x_wconf 88' lang='lat' dir='ltr'>tuac</span> <span class='ocrx_word' id='word_1_5' title='bbox 198 466 361 566; x_wconf 87' lang='lat' dir='ltr'>studi0,</span> <span class='ocrx_word' id='word_1_6' title='bbox 388 467 518 574; x_wconf 90' lang='lat' dir='ltr'>qualis</span> <span class='ocrx_word' id='word_1_7' title='bbox 531 469 761 576; x_wconf 88' lang='lat' dir='ltr'>praesertim</span> <span class='ocrx_word' id='word_1_8' title='bbox 780 467 929 548; x_wconf 91' lang='lat' dir='ltr'>dicitur</span> <span class='ocrx_word' id='word_1_9' title='bbox 959 471 1158 568; x_wconf 80' lang='lat' dir='ltr'>hebraica,</span> <span class='ocrx_word' id='word_1_10' title='bbox 1250 538 1253 542; x_wconf 94' lang='lat'>.</span> 
     </span>
     <span class='ocr_line' id='line_1_3' title="bbox 88 602 1161 708; baseline 0.002 -28"><span class='ocrx_word' id='word_1_11' title='bbox 88 631 132 682; x_wconf 90' lang='lat' dir='ltr'>ac</span> <span class='ocrx_word' id='word_1_12' title='bbox 155 603 490 708; x_wconf 82' lang='lat' dir='ltr'>interpretatione</span> <span class='ocrx_word' id='word_1_13' title='bbox 508 630 653 681; x_wconf 91' lang='lat' dir='ltr'>vocum</span> <span class='ocrx_word' id='word_1_14' title='bbox 668 602 774 680; x_wconf 91' lang='lat' dir='ltr'>illius</span> <span class='ocrx_word' id='word_1_15' title='bbox 792 604 998 700; x_wconf 89' lang='lat' dir='ltr'>sermonis,</span> <span class='ocrx_word' id='word_1_16' title='bbox 1013 605 1161 684; x_wconf 90' lang='lat' dir='ltr'>solnm-</span> 
     </span>
     <span class='ocr_line' id='line_1_4' title="bbox 89 733 1161 845; baseline 0.004 -31"><span class='ocrx_word' id='word_1_17' title='bbox 89 733 210 814; x_wconf 90' lang='lat' dir='ltr'>modo</span> <span class='ocrx_word' id='word_1_18' title='bbox 241 736 404 814; x_wconf 86' lang='lat' dir='ltr'>lexicon</span> <span class='ocrx_word' id='word_1_19' title='bbox 436 736 779 841; x_wconf 81' lang='lat' dir='ltr'>complectamur,</span> <span class='ocrx_word' id='word_1_20' title='bbox 808 736 870 814; x_wconf 90' lang='lat' dir='ltr'>vel</span> <span class='ocrx_word' id='word_1_21' title='bbox 905 739 1161 845; x_wconf 86' lang='lat' dir='ltr'>interpretem</span> 
     </span>
     <span class='ocr_line' id='line_1_5' title="bbox 89 869 1161 976; baseline 0.003 -30"><span class='ocrx_word' id='word_1_22' title='bbox 89 897 308 975; x_wconf 89' lang='lat' dir='ltr'>sequamur</span> <span class='ocrx_word' id='word_1_23' title='bbox 333 871 408 974; x_wconf 83' lang='lat' dir='ltr'>(eo</span> <span class='ocrx_word' id='word_1_24' title='bbox 432 870 554 976; x_wconf 85' lang='lat' dir='ltr'>magis</span> <span class='ocrx_word' id='word_1_25' title='bbox 573 870 606 948; x_wconf 92' lang='lat' dir='ltr'>si</span> <span class='ocrx_word' id='word_1_26' title='bbox 626 869 692 948; x_wconf 92' lang='lat' dir='ltr'>ille</span> <span class='ocrx_word' id='word_1_27' title='bbox 711 869 907 949; x_wconf 90' lang='lat' dir='ltr'>hebraeus</span> <span class='ocrx_word' id='word_1_28' title='bbox 927 870 1070 970; x_wconf 87' lang='lat' dir='ltr'>fuerit,</span> <span class='ocrx_word' id='word_1_29' title='bbox 1100 872 1161 952; x_wconf 93' lang='lat' dir='ltr'>vel</span> 
     </span>
     <span class='ocr_line' id='line_1_6' title="bbox 88 989 1267 1112; baseline 0.002 -32"><span class='ocrx_word' id='word_1_30' title='bbox 88 1030 233 1110; x_wconf 89' lang='lat' dir='ltr'>parum</span> <span class='ocrx_word' id='word_1_31' title='bbox 262 995 414 1100; x_wconf 88' lang='lat' dir='ltr'>fidelis,</span> <span class='ocrx_word' id='word_1_32' title='bbox 444 1019 484 1080; x_wconf 92' lang='lat' dir='ltr'>et</span> <span class='ocrx_word' id='word_1_33' title='bbox 517 1003 735 1084; x_wconf 88' lang='lat' dir='ltr'>catholicae</span> <span class='ocrx_word' id='word_1_34' title='bbox 764 1001 970 1084; x_wconf 86' lang='lat' dir='ltr'>doctrinae</span> <span class='ocrx_word' id='word_1_35' title='bbox 1002 1006 1164 1112; x_wconf 92' lang='lat' dir='ltr'>opposi-</span> <span class='ocrx_word' id='word_1_36' title='bbox 1264 989 1267 994; x_wconf 37' lang='lat'>⁵</span> 
     </span>
     <span class='ocr_line' id='line_1_7' title="bbox 89 1132 1164 1243; baseline 0.002 -29"><span class='ocrx_word' id='word_1_37' title='bbox 89 1135 182 1238; x_wconf 87' lang='lat' dir='ltr'>tus)</span> <span class='ocrx_word' id='word_1_38' title='bbox 198 1135 276 1242; x_wconf 92' lang='lat' dir='ltr'>qui</span> <span class='ocrx_word' id='word_1_39' title='bbox 296 1132 430 1233; x_wconf 86' lang='lat' dir='ltr'>aliud,</span> <span class='ocrx_word' id='word_1_40' title='bbox 460 1136 537 1214; x_wconf 92' lang='lat' dir='ltr'>nisi</span> <span class='ocrx_word' id='word_1_41' title='bbox 557 1136 794 1243; x_wconf 86' lang='lat' dir='ltr'>simplicem,</span> <span class='ocrx_word' id='word_1_42' title='bbox 818 1164 886 1215; x_wconf 90' lang='lat' dir='ltr'>scu</span> <span class='ocrx_word' id='word_1_43' title='bbox 907 1137 1093 1216; x_wconf 85' lang='lat' dir='ltr'>vocabuli</span> <span class='ocrx_word' id='word_1_44' title='bbox 1113 1139 1164 1216; x_wconf 91' lang='lat' dir='ltr'>si-</span> 
     </span>
     <span class='ocr_line' id='line_1_8' title="bbox 88 1267 1163 1377; baseline 0.004 -31"><span class='ocrx_word' id='word_1_45' title='bbox 88 1267 326 1374; x_wconf 89' lang='lat' dir='ltr'>gnificatum</span> <span class='ocrx_word' id='word_1_46' title='bbox 347 1269 587 1348; x_wconf 86' lang='lat' dir='ltr'>materialem</span> <span class='ocrx_word' id='word_1_47' title='bbox 617 1270 829 1377; x_wconf 87' lang='lat' dir='ltr'>explanet,</span> <span class='ocrx_word' id='word_1_48' title='bbox 860 1270 1051 1350; x_wconf 89' lang='lat' dir='ltr'>omnibus</span> <span class='ocrx_word' id='word_1_49' title='bbox 1077 1270 1163 1350; x_wconf 89' lang='lat' dir='ltr'>aliis</span> 
     </span>
     <span class='ocr_line' id='line_1_9' title="bbox 89 1400 1164 1509; baseline 0.003 -29"><span class='ocrx_word' id='word_1_50' title='bbox 89 1400 441 1481; x_wconf 89' lang='lat' dir='ltr'>observationibus</span> <span class='ocrx_word' id='word_1_51' title='bbox 469 1403 657 1501; x_wconf 85' lang='lat' dir='ltr'>seclusis,</span> <span class='ocrx_word' id='word_1_52' title='bbox 687 1430 793 1509; x_wconf 91' lang='lat' dir='ltr'>quae</span> <span class='ocrx_word' id='word_1_53' title='bbox 826 1401 876 1482; x_wconf 91' lang='lat' dir='ltr'>de</span> <span class='ocrx_word' id='word_1_54' title='bbox 906 1402 1011 1482; x_wconf 91' lang='lat' dir='ltr'>illius</span> <span class='ocrx_word' id='word_1_55' title='bbox 1046 1431 1164 1483; x_wconf 90' lang='lat' dir='ltr'>voca·</span> 
     </span>
     <span class='ocr_line' id='line_1_10' title="bbox 89 1534 1164 1642; baseline 0.004 -30"><span class='ocrx_word' id='word_1_56' title='bbox 89 1534 175 1612; x_wconf 93' lang='lat' dir='ltr'>buli</span> <span class='ocrx_word' id='word_1_57' title='bbox 195 1535 368 1641; x_wconf 84' lang='lat' dir='ltr'>origine,</span> <span class='ocrx_word' id='word_1_58' title='bbox 389 1563 466 1614; x_wconf 91' lang='lat' dir='ltr'>usu</span> <span class='ocrx_word' id='word_1_59' title='bbox 479 1597 488 1632; x_wconf 96' lang='lat'>,</span> <span class='ocrx_word' id='word_1_60' title='bbox 502 1535 703 1632; x_wconf 85' lang='lat' dir='ltr'>varietate,</span> <span class='ocrx_word' id='word_1_61' title='bbox 725 1564 770 1613; x_wconf 90' lang='lat' dir='ltr'>ac</span> <span class='ocrx_word' id='word_1_62' title='bbox 789 1564 881 1614; x_wconf 92' lang='lat' dir='ltr'>cum</span> <span class='ocrx_word' id='word_1_63' title='bbox 900 1537 1164 1642; x_wconf 87' lang='lat' dir='ltr'>sequentibus</span> 
     </span>
     <span class='ocr_line' id='line_1_11' title="bbox 90 1667 1165 1778; baseline 0.004 -32"><span class='ocrx_word' id='word_1_64' title='bbox 90 1685 127 1746; x_wconf 91' lang='lat' dir='ltr'>et</span> <span class='ocrx_word' id='word_1_65' title='bbox 147 1667 489 1775; x_wconf 88' lang='lat' dir='ltr'>praecedentibus</span> <span class='ocrx_word' id='word_1_66' title='bbox 507 1669 666 1776; x_wconf 84' lang='lat' dir='ltr'>syntaxi</span> <span class='ocrx_word' id='word_1_67' title='bbox 690 1671 954 1766; x_wconf 91' lang='lat' dir='ltr'>conveniant,</span> <span class='ocrx_word' id='word_1_68' title='bbox 977 1698 1165 1778; x_wconf 87' lang='lat' dir='ltr'>quaeque</span> 
     </span>
     <span class='ocr_line' id='line_1_12' title="bbox 91 1801 1167 1909; baseline 0.002 -31"><span class='ocrx_word' id='word_1_69' title='bbox 91 1801 252 1908; x_wconf 85' lang='lat' dir='ltr'>singula</span> <span class='ocrx_word' id='word_1_70' title='bbox 283 1801 525 1909; x_wconf 91' lang='lat' dir='ltr'>explicatum</span> <span class='ocrx_word' id='word_1_71' title='bbox 558 1829 689 1908; x_wconf 90' lang='lat' dir='ltr'>aequo</span> <span class='ocrx_word' id='word_1_72' title='bbox 725 1802 901 1881; x_wconf 88' lang='lat' dir='ltr'>subeunt</span> <span class='ocrx_word' id='word_1_73' title='bbox 935 1804 1035 1882; x_wconf 89' lang='lat' dir='ltr'>sacri</span> <span class='ocrx_word' id='word_1_74' title='bbox 1072 1805 1167 1882; x_wconf 91' lang='lat' dir='ltr'>scri·</span> 
     </span>
     <span class='ocr_line' id='line_1_13' title="bbox 90 1912 1166 2042; baseline 0.002 -28"><span class='ocrx_word' id='word_1_75' title='bbox 90 1934 221 2042; x_wconf 90' lang='lat' dir='ltr'>ptoris</span> <span class='ocrx_word' id='word_1_76' title='bbox 242 1954 442 2032; x_wconf 91' lang='lat' dir='ltr'>mentem,</span> <span class='ocrx_word' id='word_1_77' title='bbox 470 1936 528 2014; x_wconf 94' lang='lat' dir='ltr'>nil</span> <span class='ocrx_word' id='word_1_78' title='bbox 558 1936 704 2016; x_wconf 90' lang='lat' dir='ltr'>nostris</span> <span class='ocrx_word' id='word_1_79' title='bbox 730 1936 864 2033; x_wconf 88' lang='lat' dir='ltr'>curis,</span> <span class='ocrx_word' id='word_1_80' title='bbox 895 1953 934 2014; x_wconf 90' lang='lat' dir='ltr'>et</span> <span class='ocrx_word' id='word_1_81' title='bbox 959 1912 1166 2017; x_wconf 89' lang='lat' dir='ltr'>laboribus</span> 
     </span>
     <span class='ocr_line' id='line_1_14' title="bbox 92 2069 1251 2177; baseline 0.003 -31"><span class='ocrx_word' id='word_1_82' title='bbox 92 2069 190 2146; x_wconf 90' lang='lat' dir='ltr'>boui</span> <span class='ocrx_word' id='word_1_83' title='bbox 217 2070 422 2147; x_wconf 88' lang='lat' dir='ltr'>consecuti</span> <span class='ocrx_word' id='word_1_84' title='bbox 452 2070 625 2164; x_wconf 90' lang='lat' dir='ltr'>erimus,</span> <span class='ocrx_word' id='word_1_85' title='bbox 655 2070 891 2148; x_wconf 89' lang='lat' dir='ltr'>evanuerint</span> <span class='ocrx_word' id='word_1_86' title='bbox 914 2097 1080 2177; x_wconf 89' lang='lat' dir='ltr'>prorsus</span> <span class='ocrx_word' id='word_1_87' title='bbox 1109 2099 1169 2149; x_wconf 91' lang='lat' dir='ltr'>su·</span> <span class='ocrx_word' id='word_1_88' title='bbox 1248 2071 1251 2080; x_wconf 89' lang='grc'>’</span> 
     </span>
     <span class='ocr_line' id='line_1_15' title="bbox 93 2186 1167 2311; baseline 0 -31"><span class='ocrx_word' id='word_1_89' title='bbox 93 2199 212 2280; x_wconf 89' lang='lat' dir='ltr'>dores</span> <span class='ocrx_word' id='word_1_90' title='bbox 246 2203 385 2279; x_wconf 90' lang='lat' dir='ltr'>nostri.</span> <span class='ocrx_word' id='word_1_91' title='bbox 416 2203 621 2280; x_wconf 90' lang='lat' dir='ltr'>Dietiones</span> <span class='ocrx_word' id='word_1_92' title='bbox 644 2203 750 2280; x_wconf 89' lang='lat' dir='ltr'>varie</span> <span class='ocrx_word' id='word_1_93' title='bbox 775 2203 877 2280; x_wconf 91' lang='lat' dir='ltr'>sumi</span> <span class='ocrx_word' id='word_1_94' title='bbox 904 2186 1096 2311; x_wconf 87' lang='lat' dir='ltr'>possunt,</span> <span class='ocrx_word' id='word_1_95' title='bbox 1127 2221 1167 2284; x_wconf 88' lang='lat' dir='ltr'>et</span> 
     </span>
     <span class='ocr_line' id='line_1_16' title="bbox 95 2335 1169 2444; baseline 0.001 -30"><span class='ocrx_word' id='word_1_96' title='bbox 95 2365 232 2416; x_wconf 88' lang='lat' dir='ltr'>carum</span> <span class='ocrx_word' id='word_1_97' title='bbox 266 2335 501 2442; x_wconf 86' lang='lat' dir='ltr'>significatio</span> <span class='ocrx_word' id='word_1_98' title='bbox 543 2363 668 2442; x_wconf 89' lang='lat' dir='ltr'>vaga,</span> <span class='ocrx_word' id='word_1_99' title='bbox 708 2336 824 2414; x_wconf 88' lang='lat' dir='ltr'>sicuti</span> <span class='ocrx_word' id='word_1_100' title='bbox 855 2363 967 2414; x_wconf 91' lang='lat' dir='ltr'>mens</span> <span class='ocrx_word' id='word_1_101' title='bbox 1003 2354 1169 2444; x_wconf 87' lang='lat' dir='ltr'>vagatur</span> 
     </span>
     <span class='ocr_line' id='line_1_17' title="bbox 96 2469 1169 2577; baseline -0.003 -26"><span class='ocrx_word' id='word_1_102' title='bbox 96 2473 297 2568; x_wconf 89' lang='lat' dir='ltr'>humana;</span> <span class='ocrx_word' id='word_1_103' title='bbox 331 2485 489 2576; x_wconf 89' lang='lat' dir='ltr'>practer</span> <span class='ocrx_word' id='word_1_104' title='bbox 522 2470 635 2548; x_wconf 87' lang='lat' dir='ltr'>verbi</span> <span class='ocrx_word' id='word_1_105' title='bbox 668 2469 958 2577; x_wconf 88' lang='lat' dir='ltr'>significatum,</span> <span class='ocrx_word' id='word_1_106' title='bbox 990 2469 1066 2548; x_wconf 89' lang='lat' dir='ltr'>nisi</span> <span class='ocrx_word' id='word_1_107' title='bbox 1093 2471 1169 2548; x_wconf 89' lang='lat' dir='ltr'>lin-</span> 
     </span>
     <span class='ocr_line' id='line_1_18' title="bbox 98 2602 1170 2712; baseline -0.001 -28"><span class='ocrx_word' id='word_1_108' title='bbox 98 2632 197 2712; x_wconf 83' lang='lat' dir='ltr'>guae</span> <span class='ocrx_word' id='word_1_109' title='bbox 220 2602 397 2711; x_wconf 84' lang='lat' dir='ltr'>ejusdem</span> <span class='ocrx_word' id='word_1_110' title='bbox 426 2604 588 2710; x_wconf 91' lang='lat' dir='ltr'>penitus</span> <span class='ocrx_word' id='word_1_111' title='bbox 611 2602 786 2682; x_wconf 89' lang='lat' dir='ltr'>indolem</span> <span class='ocrx_word' id='word_1_112' title='bbox 812 2602 1101 2709; x_wconf 83' lang='lat' dir='ltr'>pervadamus,</span> <span class='ocrx_word' id='word_1_113' title='bbox 1131 2622 1170 2683; x_wconf 91' lang='lat' dir='ltr'>et</span> 
     </span>
     <span class='ocr_line' id='line_1_19' title="bbox 99 2737 1171 2848; baseline -0.004 -30"><span class='ocrx_word' id='word_1_114' title='bbox 99 2740 358 2848; x_wconf 88' lang='lat' dir='ltr'>proprietates</span> <span class='ocrx_word' id='word_1_115' title='bbox 383 2766 406 2816; x_wconf 92' lang='lat' dir='ltr'>a</span> <span class='ocrx_word' id='word_1_116' title='bbox 430 2738 622 2844; x_wconf 89' lang='lat' dir='ltr'>scriptore</span> <span class='ocrx_word' id='word_1_117' title='bbox 642 2753 839 2844; x_wconf 91' lang='lat' dir='ltr'>sumptas,</span> <span class='ocrx_word' id='word_1_118' title='bbox 861 2737 966 2816; x_wconf 90' lang='lat' dir='ltr'>sanis</span> <span class='ocrx_word' id='word_1_119' title='bbox 991 2737 1171 2816; x_wconf 90' lang='lat' dir='ltr'>collatio-</span> 
     </span>
     <span class='ocr_line' id='line_1_20' title="bbox 99 2869 1171 2980; baseline -0.006 -28"><span class='ocrx_word' id='word_1_120' title='bbox 99 2873 244 2971; x_wconf 89' lang='lat' dir='ltr'>nibus,</span> <span class='ocrx_word' id='word_1_121' title='bbox 265 2874 351 2980; x_wconf 91' lang='lat' dir='ltr'>pari</span> <span class='ocrx_word' id='word_1_122' title='bbox 372 2873 528 2968; x_wconf 91' lang='lat' dir='ltr'>critice,</span> <span class='ocrx_word' id='word_1_123' title='bbox 550 2887 589 2949; x_wconf 93' lang='lat' dir='ltr'>et</span> <span class='ocrx_word' id='word_1_124' title='bbox 610 2873 711 2950; x_wconf 90' lang='lat' dir='ltr'>seria</span> <span class='ocrx_word' id='word_1_125' title='bbox 729 2869 1011 2967; x_wconf 89' lang='lat' dir='ltr'>meditationc;</span> <span class='ocrx_word' id='word_1_126' title='bbox 1041 2871 1075 2950; x_wconf 93' lang='lat' dir='ltr'>si</span> <span class='ocrx_word' id='word_1_127' title='bbox 1097 2871 1171 2948; x_wconf 90' lang='lat' dir='ltr'>hu-</span> 
     </span>
     <span class='ocr_line' id='line_1_21' title="bbox 96 3002 1165 3113; baseline -0.005 -27"><span class='ocrx_word' id='word_1_128' title='bbox 96 3005 270 3112; x_wconf 85' lang='lat' dir='ltr'>jusmodi</span> <span class='ocrx_word' id='word_1_129' title='bbox 296 3006 455 3113; x_wconf 89' lang='lat' dir='ltr'>linguae</span> <span class='ocrx_word' id='word_1_130' title='bbox 481 3003 659 3085; x_wconf 89' lang='lat' dir='ltr'>studium</span> <span class='ocrx_word' id='word_1_131' title='bbox 681 3003 791 3082; x_wconf 89' lang='lat' dir='ltr'>haud</span> <span class='ocrx_word' id='word_1_132' title='bbox 821 3004 941 3084; x_wconf 86' lang='lat' dir='ltr'>fuerit</span> <span class='ocrx_word' id='word_1_133' title='bbox 966 3002 1165 3110; x_wconf 90' lang='lat' dir='ltr'>discipulo</span> 
     </span>
     <span class='ocr_line' id='line_1_22' title="bbox 12 3135 1171 3244; baseline 0 -30"><span class='ocrx_word' id='word_1_134' title='bbox 12 3201 14 3214; x_wconf 90' lang='lat'>.</span> <span class='ocrx_word' id='word_1_135' title='bbox 100 3141 317 3218; x_wconf 90' lang='lat' dir='ltr'>christiano</span> <span class='ocrx_word' id='word_1_136' title='bbox 347 3141 542 3235; x_wconf 85' lang='lat' dir='ltr'>noxium,</span> <span class='ocrx_word' id='word_1_137' title='bbox 566 3142 580 3244; x_wconf 84' lang='lat'>(</span> <span class='ocrx_word' id='word_1_138' title='bbox 601 3139 661 3217; x_wconf 91' lang='lat' dir='ltr'>uti</span> <span class='ocrx_word' id='word_1_139' title='bbox 688 3165 825 3216; x_wconf 88' lang='lat' dir='ltr'>revera</span> <span class='ocrx_word' id='word_1_140' title='bbox 851 3135 973 3216; x_wconf 91' lang='lat' dir='ltr'>hodie</span> <span class='ocrx_word' id='word_1_141' title='bbox 998 3139 1171 3244; x_wconf 89' lang='lat' dir='ltr'>pervica-</span> 
     </span>
     <span class='ocr_line' id='line_1_23' title="bbox 102 3267 1200 3380; baseline -0.004 -28"><span class='ocrx_word' id='word_1_142' title='bbox 102 3274 214 3353; x_wconf 87' lang='lat' dir='ltr'>cibus</span> <span class='ocrx_word' id='word_1_143' title='bbox 240 3272 422 3352; x_wconf 89' lang='lat' dir='ltr'>hebraeis</span> <span class='ocrx_word' id='word_1_144' title='bbox 448 3290 531 3369; x_wconf 90' lang='lat' dir='ltr'>est,</span> <span class='ocrx_word' id='word_1_145' title='bbox 562 3273 635 3380; x_wconf 91' lang='lat' dir='ltr'>qui</span> <span class='ocrx_word' id='word_1_146' title='bbox 662 3288 818 3350; x_wconf 88' lang='lat' dir='ltr'>tantum</span> <span class='ocrx_word' id='word_1_147' title='bbox 843 3271 1045 3350; x_wconf 90' lang='lat' dir='ltr'>sterilibus</span> <span class='ocrx_word' id='word_1_148' title='bbox 1072 3271 1170 3348; x_wconf 88' lang='lat' dir='ltr'>inse·</span> <span class='ocrx_word' id='word_1_149' title='bbox 1197 3267 1200 3273; x_wconf 67' lang='grc'><strong>’</strong></span> 
     </span>
     <span class='ocr_line' id='line_1_24' title="bbox 103 3402 1171 3512; baseline -0.005 -26"><span class='ocrx_word' id='word_1_150' title='bbox 103 3424 272 3486; x_wconf 91' lang='lat' dir='ltr'>nescunt</span> <span class='ocrx_word' id='word_1_151' title='bbox 295 3406 459 3505; x_wconf 91' lang='lat' dir='ltr'>litteris,</span> <span class='ocrx_word' id='word_1_152' title='bbox 491 3407 546 3484; x_wconf 90' lang='lat' dir='ltr'>ait</span> <span class='ocrx_word' id='word_1_153' title='bbox 574 3405 796 3512; x_wconf 84' lang='lat' dir='ltr'>Origenes,</span> <span class='ocrx_word' id='word_1_154' title='bbox 827 3432 982 3511; x_wconf 91' lang='lat' dir='ltr'>semper</span> <span class='ocrx_word' id='word_1_155' title='bbox 1015 3402 1171 3483; x_wconf 89' lang='lat' dir='ltr'>discen-</span> 
     </span>
     <span class='ocr_line' id='line_1_25' title="bbox 102 3537 1172 3647; baseline -0.006 -27"><span class='ocrx_word' id='word_1_156' title='bbox 102 3559 182 3639; x_wconf 89' lang='lat' dir='ltr'>tes,</span> <span class='ocrx_word' id='word_1_157' title='bbox 212 3568 435 3647; x_wconf 90' lang='lat' dir='ltr'>numquam</span> <span class='ocrx_word' id='word_1_158' title='bbox 471 3567 565 3618; x_wconf 92' lang='lat' dir='ltr'>vero</span> <span class='ocrx_word' id='word_1_159' title='bbox 604 3538 888 3647; x_wconf 89' lang='lat' dir='ltr'>proficientes,</span> <span class='ocrx_word' id='word_1_160' title='bbox 930 3537 1058 3616; x_wconf 91' lang='lat' dir='ltr'>solum</span> <span class='ocrx_word' id='word_1_161' title='bbox 1091 3565 1172 3616; x_wconf 90' lang='lat' dir='ltr'>una</span> 
     </span>
     <span class='ocr_line' id='line_1_26' title="bbox 104 3657 1170 3780; baseline -0.007 -28"><span class='ocrx_word' id='word_1_162' title='bbox 104 3671 420 3780; x_wconf 88' lang='lat' dir='ltr'>significatione,</span> <span class='ocrx_word' id='word_1_163' title='bbox 450 3700 554 3780; x_wconf 88' lang='lat' dir='ltr'>quae</span> <span class='ocrx_word' id='word_1_164' title='bbox 592 3673 757 3751; x_wconf 86' lang='lat' dir='ltr'>fortasse</span> <span class='ocrx_word' id='word_1_165' title='bbox 786 3671 842 3750; x_wconf 94' lang='lat' dir='ltr'>ibi</span> <span class='ocrx_word' id='word_1_166' title='bbox 872 3657 973 3748; x_wconf 90' lang='lat' dir='ltr'>nihil</span> <span class='ocrx_word' id='word_1_167' title='bbox 1006 3670 1170 3766; x_wconf 91' lang='lat' dir='ltr'>innuit,</span> 
     </span>
     <span class='ocr_line' id='line_1_27' title="bbox 106 3802 1174 3912; baseline -0.005 -28"><span class='ocrx_word' id='word_1_168' title='bbox 106 3807 171 3885; x_wconf 90' lang='lat' dir='ltr'>nbi</span> <span class='ocrx_word' id='word_1_169' title='bbox 195 3803 354 3886; x_wconf 89' lang='lat' dir='ltr'>addicta</span> <span class='ocrx_word' id='word_1_170' title='bbox 389 3806 535 3901; x_wconf 82' lang='lat' dir='ltr'>fuerit,</span> <span class='ocrx_word' id='word_1_171' title='bbox 572 3804 784 3902; x_wconf 89' lang='lat' dir='ltr'>oblectati,</span> <span class='ocrx_word' id='word_1_172' title='bbox 815 3804 968 3912; x_wconf 91' lang='lat' dir='ltr'>absque</span> <span class='ocrx_word' id='word_1_173' title='bbox 998 3802 1078 3880; x_wconf 91' lang='lat' dir='ltr'>ulla</span> <span class='ocrx_word' id='word_1_174' title='bbox 1112 3829 1174 3880; x_wconf 92' lang='lat' dir='ltr'>ra·</span> 
     </span>
     <span class='ocr_line' id='line_1_28' title="bbox 105 3939 1290 4048; baseline -0.004 -30"><span class='ocrx_word' id='word_1_175' title='bbox 105 3941 211 4019; x_wconf 89' lang='lat' dir='ltr'>tione</span> <span class='ocrx_word' id='word_1_176' title='bbox 230 3941 465 4036; x_wconf 89' lang='lat' dir='ltr'>contextui,</span> <span class='ocrx_word' id='word_1_177' title='bbox 496 3940 596 4018; x_wconf 90' lang='lat' dir='ltr'>sacri</span> <span class='ocrx_word' id='word_1_178' title='bbox 616 3940 791 4018; x_wconf 88' lang='lat' dir='ltr'>auctoris</span> <span class='ocrx_word' id='word_1_179' title='bbox 813 3939 1018 4045; x_wconf 82' lang='lat' dir='ltr'>subjecto,</span> <span class='ocrx_word' id='word_1_180' title='bbox 1041 3952 1081 4014; x_wconf 91' lang='lat' dir='ltr'>et</span> <span class='ocrx_word' id='word_1_181' title='bbox 1099 3962 1175 4014; x_wconf 88' lang='lat' dir='ltr'>ser·</span> <span class='ocrx_word' id='word_1_182' title='bbox 1287 4039 1290 4048; x_wconf 90' lang='lat'><em>.</em></span> 
     </span>
     <span class='ocr_line' id='line_1_29' title="bbox 106 4069 1170 4181; baseline -0.002 -31"><span class='ocrx_word' id='word_1_183' title='bbox 106 4073 232 4153; x_wconf 89' lang='lat' dir='ltr'>monis</span> <span class='ocrx_word' id='word_1_184' title='bbox 257 4073 431 4177; x_wconf 89' lang='lat' dir='ltr'>unitati)</span> <span class='ocrx_word' id='word_1_185' title='bbox 459 4072 639 4181; x_wconf 86' lang='lat' dir='ltr'>profecto</span> <span class='ocrx_word' id='word_1_186' title='bbox 673 4071 801 4151; x_wconf 91' lang='lat' dir='ltr'>eidem</span> <span class='ocrx_word' id='word_1_187' title='bbox 828 4069 1039 4177; x_wconf 88' lang='lat' dir='ltr'>indignum</span> <span class='ocrx_word' id='word_1_188' title='bbox 1070 4071 1170 4165; x_wconf 90' lang='lat' dir='ltr'>erit,</span> 
     </span>
     <span class='ocr_line' id='line_1_30' title="bbox 108 4201 1176 4316; baseline -0.007 -28"><span class='ocrx_word' id='word_1_189' title='bbox 108 4212 173 4316; x_wconf 93' lang='lat' dir='ltr'>qui</span> <span class='ocrx_word' id='word_1_190' title='bbox 209 4238 251 4288; x_wconf 92' lang='lat' dir='ltr'>se</span> <span class='ocrx_word' id='word_1_191' title='bbox 277 4207 474 4287; x_wconf 89' lang='lat' dir='ltr'>Ecclesiae</span> <span class='ocrx_word' id='word_1_192' title='bbox 509 4205 692 4286; x_wconf 89' lang='lat' dir='ltr'>doctores</span> <span class='ocrx_word' id='word_1_193' title='bbox 717 4206 831 4312; x_wconf 89' lang='lat' dir='ltr'>sequi</span> <span class='ocrx_word' id='word_1_194' title='bbox 861 4204 1065 4310; x_wconf 88' lang='lat' dir='ltr'>gloriatur.</span> <span class='ocrx_word' id='word_1_195' title='bbox 1092 4201 1176 4281; x_wconf 86' lang='lat' dir='ltr'>Vos</span> 
     </span>
    </p>
   </div>
   <div class='ocr_carea' id='block_1_2' title="bbox 0 0 1567 5180">
    <p class='ocr_par' dir='ltr' id='par_1_2' title="bbox 0 0 1567 5180">
     <span class='ocr_line' id='line_1_31' title="bbox 0 0 1567 5180; baseline 0 0"><span class='ocrx_word' id='word_1_196' title='bbox 0 0 1567 5180; x_wconf 95' lang='lat' dir='ltr'> </span> 
     </span>
    </p>
   </div>
  </div>
 </body>
</html>
