3086 5182
549 345 727 398 -119-

97 455 222 534 phanis,
243 457 294 532 qui
309 457 341 513 in
360 455 434 513 serie
454 468 555 532 regum
572 455 676 535 Syriae
692 462 813 533 quamne
829 462 971 518 censetur.
987 457 1029 518 De
1041 459 1098 519 hoc
1110 463 1174 521 viro

99 553 287 614 dicitDivina
310 551 459 628 Scriptura
478 553 536 632 iil:
556 561 605 614 ret
618 557 690 615 exiit
712 571 748 615 cx
773 558 814 616 eis
842 555 930 632 (idest
953 555 990 616 dc
1015 556 1175 618 Alexandri

96 650 327 728 successoribus)
350 649 434 710 radix
458 655 604 727 peccatrix
627 653 789 714 Antiochus
805 653 930 714 illustris
946 654 1025 714 iilius
1038 655 1176 716 Antiochi

97 753 197 827 regis,
217 752 267 827 qui
290 750 386 822 meiat
407 751 518 810 Romae
538 749 644 826 obses,
665 757 693 810 et
715 753 848 828 regnavit
870 755 900 810 ln
922 769 999 812 enno
1019 755 1176 814 centesimo

98 850 247 925 trigesimo
271 851 393 926 septimo
411 851 493 926 regni
509 865 689 926 graecomm.
709 873 722 902 ι
739 851 834 927 Hujus
856 852 933 928 regis
946 852 1039 911 multa
1062 852 1178 930 collegit

97 947 277 1012 Froelichios
295 947 372 1008 idem
400 948 594 1024 numismata,
617 963 651 1008 ac
672 948 760 1008 talem
781 951 878 1008 virum
898 951 1075 1026 respiciunt,
1100 952 1177 1010 inter

96 1063 172 1124 qnae
191 1062 313 1106 aeneum
333 1047 499 1122 numisma,
520 1045 558 1122 (ι)
578 1046 657 1130 quod
676 1048 707 1108 lo
725 1063 785 1107 nna
804 1053 886 1123 perte
909 1053 1104 1123 repraesentat
1126 1063 1174 1107 ce·

11 1173 14 1210 ι
97 1150 152 1221 put
168 1144 299 1204 mulieris
315 1143 511 1204 diadematum
529 1150 558 1204 et
575 1146 792 1222 cincinnatum,
814 1152 843 1205 et
856 1145 912 1204 hoc
928 1144 1051 1205 fortasse
1067 1145 1177 1204 indicat

11 1275 13 1312 r
100 1241 190 1320 hauns
202 1241 340 1304 Antiochi
353 1241 524 1320 mollitiem,
538 1257 628 1320 qnam
640 1242 795 1304 historicus
809 1259 890 1304 secer
906 1247 934 1304 et
947 1241 1063 1319 profani
1076 1259 1177 1304 omncs

11 1373 14 1412 ς
100 1347 268 1419 testantur,
293 1347 407 1419 praeter
433 1341 492 1402 alia
513 1344 604 1419 ritis,
629 1341 735 1420 quihus
758 1342 807 1402 ille
828 1345 874 1402 vir
896 1339 1045 1402 contabuit
1064 1343 1096 1400 in
1117 1342 1180 1402 rito

96 1455 162 1501 sua.
178 1439 214 1499 ln
231 1440 322 1500 altero
335 1455 405 1500 vero
420 1440 509 1501 lutere
522 1441 628 1518 legitur
645 1441 717 1500 hoec
734 1441 884 1517 inscriptio
903 1443 1033 1502 Deeratne
1050 1443 1177 1515 ινιιοχοο

10 1571 13 1610 ,
98 1541 322 1610 (ιεοοειιοαιοος
343 1543 363 1598 ι.
386 1553 412 1600 ο.
428 1540 517 1616 Regis
530 1539 667 1599 Antiochi
687 1540 739 1600 Dei
760 1539 956 1616 Epiphania.»
980 1541 1018 1601 lit
1038 1544 1070 1602 ln
1082 1539 1178 1602 medio

10 1669 12 1708 ;
96 1641 210 1698 nummi
233 1639 364 1715 exsurgit
377 1638 487 1715 emila,
497 1639 610 1714 imperii
633 1637 809 1716 symbolum.

10 1767 12 1778 =
136 1737 208 1796 Post
222 1743 344 1796 mortem
357 1737 494 1796 Antiochi
508 1737 930 1816 Epiphanie,llachebaeorum
946 1737 985 1814 (a)
1001 1741 1101 1797 auctor
1116 1740 1174 1798 ait:

9 1859 12 1908 ι,
99 1863 113 1888 «ι
126 1837 165 1896 Dt
184 1843 217 1897 nt
238 1838 377 1913 cognovit
396 1835 501 1914 Lysias
517 1839 655 1914 quomam
676 1842 808 1896 mortuus
826 1845 870 1896 est
889 1853 961 1913 rex,
983 1843 1012 1897 et
1030 1838 1180 1898 constituit

99 1951 221 2014 regnare
241 1935 418 1996 Antiochum
439 1933 533 1995 illium
552 1937 633 2010 ejus,
654 1951 740 2011 qoem
758 1936 883 1995 nutrivit
900 1935 1127 2011 adolescentem,
1151 1942 1181 1995 et

9 2073 12 2110 ,ι
98 2037 217 2095 vocavit
233 2034 438 2112 Eupatorem.»
455 2032 605 2094 Secundus
620 2031 864 2093 Machabeeomm
881 2033 920 2110 (ι)
935 2033 1008 2093 ιιιιοι·
1028 2032 1064 2094 de
1082 2049 1116 2093 eo
1136 2033 1179 2093 di·

8 2173 12 2190 .
96 2135 155 2194 cit:
182 2132 293 2192 “Anno
314 2135 470 2192 centesimo
489 2132 710 2209 quadragesimo
728 2147 805 2191 nono
823 2135 960 2209 cognovit
972 2131 1065 2192 tudes
1078 2131 1181 2192 Antio·

8 2203 11 2314 ἑ
94 2231 186 2294 οιιιιιιι
206 2231 380 2307 Eupatorem
394 2231 494 2292 venire
506 2246 574 2290 curn
588 2229 773 2291 multitudine
787 2230 926 2290 adversos
941 2229 1084 2290 Judaeum
1097 2235 1173 2290 etc.»

8 2371 10 2378 ·
96 2329 155 2390 lile
174 2328 336 2390 Antiochus
358 2331 478 2405 quintus
493 2333 663 2389 numerator
675 2329 706 2388 in
720 2330 794 2388 serie
816 2343 918 2406 regum
940 2327 1074 2406 Syriaca
1090 2327 1178 2388 citato

98 2427 262 2490 Froeliehio
284 2428 409 2504 collata,
431 2433 461 2488 et
483 2427 561 2488 illius
583 2443 690 2487 nomen
712 2432 847 2488 servator
867 2429 898 2486 in
918 2425 1113 2502 nnmhmate,
1136 2423 1177 2502 (a)

97 2526 178 2604 qnod
193 2525 311 2603 praehet
327 2531 415 2602 caput
430 2525 561 2604 juvenile
580 2525 709 2604 ejusdem
727 2525 864 2587 Antiochi
881 2528 959 2586 intra
976 2524 1126 2600 lauream,
1143 2539 1178 2584 ac

95 2627 130 2684 in
152 2623 244 2684 altera
267 2629 349 2701 parte
368 2623 533 2684 decernitur
554 2623 667 2702 Jupiter
685 2624 866 2701 seminudus,
886 2623 1069 2684 victoricium
1084 2627 1113 2682 et
1125 2620 1178 2682 ha·

96 2729 176 2782 stem
194 2728 314 2800 tentiis,
336 2722 439 2800 hisque
462 2723 565 2784 Dtteris
587 2725 720 2812 ilgnatilr
741 2724 868 2791 βασιλεως
888 2727 1015 2796 Αντιοχου
1043 2725 1177 2794 Eurorcp.

93 2824 116 2880 i.
133 2837 160 2880 e.
181 2821 269 2899 Regis
290 2820 427 2882 Antiochi
447 2823 613 2900 Eupatoria.

137 2917 232 2995 Caput
253 2935 314 2979 ιιι.
341 2921 471 2998 ejusdem
493 2921 658 2999 Scripturas
685 2923 724 2999 (t)
753 2921 844 2983 tradit
866 2921 1045 2982 Demetrium
1067 2919 1181 2980 Seleuci

95 3015 193 3077 illium
214 3016 252 3078 alr
273 3017 346 3079 urhe
368 3019 479 3080 Romae
498 3021 604 3080 exiisse
620 3025 650 3080 et
667 3019 831 3081 ascendisse
850 3035 917 3080 cum
936 3018 1037 3096 paucis
1057 3017 1129 3078 viris
1148 3016 1180 3075 ln

95 3117 248 3176 civitatem
271 3119 468 3194 maritimam,
494 3125 524 3178 et
540 3117 601 3178 illic
632 3120 847 3195 regnasse31o
878 3119 969 3178 altero
997 3131 1085 3192 pcrm
1106 3113 1181 3174 libro

94 3215 205 3292 legitur
230 3214 393 3276 Demetrius
415 3231 467 3292 per
490 3223 607 3292 portum
633 3215 760 3293 Tripolis
789 3215 952 3276 ascendisse
976 3213 1014 3274 ad
1042 3213 1108 3276 loce
1127 3227 1178 3288 op·

93 3317 225 3390 portura
244 3319 301 3374 etc.
323 3313 388 3374 lioc
410 3313 550 3391 probatur
561 3329 598 3374 ex
619 3328 741 3373 nummo
754 3311 926 3388 aeneo,uhi
949 3309 1126 3387 conspicitur
1142 3305 1180 3384 (ι)

94 3417 188 3487 eaput
204 3411 343 3472 Demetrii
362 3411 578 3488 diadematum,
598 3418 629 3472 et
648 3410 761 3470 modice
777 3408 943 3470 barbatum.
965 3407 1001 3468 ln
1017 3406 1076 3467 alio
1088 3405 1177 3466 latere

94 3507 212 3584 Jupiter
233 3509 404 3571 seminudum
424 3510 545 3586 sedens,
567 3509 750 3570 victorialem
770 3512 801 3569 ln
819 3507 956 3586 dextera,
973 3512 1004 3566 et
1015 3505 1134 3568 hastam
1149 3507 1180 3564 ln

95 3609 220 3668 sinistra
239 3613 364 3685 tenens,
386 3615 415 3669 et
435 3610 508 3672 haec
520 3609 610 3670 umba
632 3615 753 3685 excepto
773 3613 861 3686 sunt,
884 3605 1011 3674 βασιλεως
1028 3608 1179 3678 inperetur

96 3709 365 3780 Oeowl’vtoroeweos
389 3713 504 3781 Συτιρος
525 3713 546 3769 ι.
564 3725 590 3770 ο.
607 3709 697 3788 Regis
708 3709 846 3770 Demetrii
860 3707 912 3768 Dei
927 3703 1121 3784 Philopatoris
1133 3701 1183 3764 So

93 3806 190 3882 teris,
212 3807 258 3866 vei
279 3805 455 3868 Servatoris.

138 3899 235 3978 Supra
254 3910 387 3964 notatum
410 3911 454 3964 eet
476 3905 555 3965 hunc
579 3904 757 3964 Demetrium
780 3905 875 3965 lloma
897 3903 1055 3981 profugum
1077 3914 1183 3960 navem

142 4131 178 4196 (ι)
197 4139 218 4182 ι.
231 4135 293 4184 Mac.
307 4148 329 4184 c.
341 4135 361 4185 l.
377 4141 457 4186 11.-
475 4135 509 4200 (ι)
525 4135 612 4185 Froeli.
630 4135 867 4186 Tnh.lll.nnm.11.
885 4159 915 4170 -
932 4131 967 4196 (a)
984 4139 1004 4182 ι.
1018 4133 1080 4182 Μοο.
1097 4141 1119 4179 ο.
1137 4129 1179 4178 vl.

100 4215 141 4264 ιἰ.
161 4237 192 4250 -
209 4213 244 4276 (i)
260 4220 283 4264 ι.
295 4215 357 4265 hiae.
370 4227 393 4265 c.
405 4215 472 4265 lllll.
488 4221 508 4267 ι.
526 4241 556 4254 -
573 4214 607 4278 (5)
623 4213 702 4266 Froal.
716 4213 777 4264 'l'elx
792 4214 848 4263 vll.
865 4225 933 4262 num.
952 4217 974 4262 t..
993 4236 1022 4250 -
1039 4207 1074 4274 (t)
1092 4208 1178 4260 tillet.

96 4305 123 4340 c.
141 4293 197 4344 Vll.
213 4299 245 4356 ι.,
262 4295 286 4344 el
303 4303 325 4346 t.
342 4297 404 4347 ldae.
422 4299 486 4348 xiv.
506 4305 527 4348 1.
545 4321 575 4335 -
592 4295 627 4360 (7)
642 4293 860 4348 Ἑτοι1.ἰὀ1).ιί].
883 4305 950 4343 ιιιιιιι.
965 4300 986 4342 ι.
