3086 5182
532 397 695 451 ...1³-

412 591 736 664 PROPOSITIO
764 599 813 662 11.

472 797 520 858 De
540 795 617 859 libro
636 793 756 858 laeditis.

5 1027 6 1036 ι
116 994 145 1070 s.
167 989 193 1053 i.
214 991 434 1070 Expeditionem
454 991 661 1070 aemathium
680 991 747 1054 iibri
771 999 873 1056 nector
896 1011 948 1074 per
969 998 1155 1065 iioloiemem

5 1095 10 1136 i
76 1093 215 1154 mandato
232 1091 509 1154 Nmuenononosori
527 1099 692 1169 susceptam
710 1099 813 1154 eontra
832 1101 951 1175 gentes,
971 1114 1046 1176 qnae
1061 1103 1154 1181 impe.

5 1195 6 1234 1
76 1194 154 1252 riam
172 1191 251 1252 iliius
270 1197 478 1268 oontempsere.
501 1191 537 1250 In
556 1189 603 1251 his
620 1189 812 1252 censebantur
830 1193 885 1254 iiiii
903 1195 1011 1275 Israel,
1032 1203 1083 1278 qut
1100 1205 1156 1264 tm.

5 1293 10 1354 i
76 1295 177 1367 peinm
195 1291 376 1368 assyrioram
395 1287 481 1348 vaide
498 1287 795 1368 serimeniogemnt
810 1290 848 1352 ad
864 1293 974 1373 Deum,
994 1303 1028 1357 nt
1042 1305 1156 1361 etanta

5 1393 10 1436 ¹
76 1389 244 1452 disorimIne
261 1389 451 1465 eriperentur.
462 1386 559 1464 Deus,
579 1389 664 1465 enjus
680 1393 807 1466 potestas
818 1397 848 1450 et
862 1393 1088 1474 virmsinviota,
1103 1415 1156 1474 po·

77 1487 181 1564 prium
201 1487 258 1550 sihi
279 1493 430 1564 aeoaptum
450 1486 554 1546 linerat
573 1503 625 1563 per
643 1503 765 1548 menam
784 1487 947 1569 foeminae,
966 1509 1042 1570 quae
1060 1503 1156 1558 oestro

77 1587 195 1648 hostilia
213 1589 343 1665 ingresse
361 1601 451 1663 prope
470 1585 635 1646 Beihnliem
654 1585 735 1663 sita,
755 1588 872 1648 eoelesti
890 1591 1051 1654 munimine
1069 1595 1157 1657 edan

77 1691 126 1746 eta
148 1683 335 1746 obimmoerit
353 1686 495 1744 eervinem
516 1682 710 1764 Holofernis,
731 1690 902 1763 gentemque
919 1688 1092 1764 judoeorum
1111 1693 1156 1754 m.

78 1785 222 1846 oniumem
241 1783 380 1844 servavit.

118 1879 184 1942 Hoo
211 1880 335 1958 simplex
359 1881 506 1957 specimen
532 1885 576 1941 ast
596 1879 734 1954 historiae
756 1879 868 1942 inditia.
891 1881 1064 1948 Ponderntis
1086 1905 1158 1950 vom
1268 1869 1269 1872 ¹

77 1977 213 2039 omnibns
234 1980 481 2054 circumstantiis,
502 1993 577 2054 quae
596 1977 727 2038 eamdem
747 1979 1000 2062 eompleotnntur,
1020 1989 1157 2048 maximis

77 2077 210 2138 insoluta
229 2081 274 2136 est
291 2075 535 2153 difficultatibus,
565 2081 595 2135 ei
617 2076 785 2154 hujusmodi
802 2093 834 2138 se
855 2078 964 2140 habent
982 2122 993 2158 ,
1011 2089 1047 2143 nt
1068 2083 1157 2146 intar-

77 2177 270 2254 protestator
293 2191 325 2235 se
344 2174 430 2234 vaide
451 2173 639 2234 dissenserint
657 2177 688 2232 in
712 2175 843 2251 ejusdem
865 2179 1056 2253 expositione.
1077 2179 1157 2240 Non·

78 2275 153 2336 nniii
167 2276 246 2336 enim
263 2277 331 2334 ente
345 2271 504 2350 Babylonis
519 2272 719 2349 captivitatem
735 2273 931 2349 deposnerunt
945 2282 1026 2353 gesta
1042 2276 1158 2356 iudith,

79 2371 131 2432 aiii
148 2388 165 2432 e
185 2375 288 2431 eontra
309 2374 376 2446 poet
394 2369 584 2430 hebraeorum
605 2369 754 2448 reditum,
774 2373 836 2432 sive
852 2380 920 2450 post
938 2379 1070 2453 tempore
1089 2376 1159 2456 Gyri

78 2471 258 2532 ooiloonmnt
278 2469 451 2545 historiam,
471 2483 566 2546 neque
584 2475 684 2529 temen
701 2469 733 2529 hi
752 2473 890 2547 postremi
906 2471 1105 2536 eon'venemni
1122 2476 1159 2536 de

78 2575 173 2632 aemio
193 2585 228 2632 ee
251 2585 318 2648 rege
337 2583 488 2646 pomerum
507 2609 517 2645 ,
543 2566 598 2628 snb
620 2569 705 2645 enjus
734 2569 856 2646 imperio
884 2569 956 2630 haee
979 2571 1157 2634 aeciderunt.

77 2667 138 2728 iiiii
159 2675 195 2728 nt
210 2668 326 2729 isniflm
347 2683 364 2727 e
381 2665 606 2727 difficultatibus
624 2667 800 2744 evaderem,
822 2667 975 2746 allegorice
996 2672 1095 2730 omnia
1114 2673 1160 2730 in-

77 2768 228 2844 terpretati
246 2771 326 2826 sant.
354 2765 480 2842 Ideoque
504 2765 542 2824 ab
564 2767 678 2842 inoapto
702 2781 762 2826 non
786 2765 953 2844 emisione,
978 2773 1009 2828 et
1029 2769 1162 2830 libertate

77 2881 162 2942 usne,
171 2880 230 2942 qna
238 2881 286 2925 me
294 2865 416 2924 donavit
424 2866 605 2941 Augustinus
615 2864 756 2925 scribens:
771 2865 822 2924 «in
835 2864 931 2925 (iubis
942 2865 1083 2927 iberiae»
1096 2883 1161 2944 per·

76 2967 241 3024 smntntnm
260 2963 397 3023 aoeedom
417 2963 493 3022 hano
511 2961 691 3038 scripturam
713 3005 723 3038 ,
744 2965 870 3041 totisque
887 2963 999 3024 viribus
1012 2964 1068 3024 hoe
1088 2959 1161 3040 opus

76 3077 245 3138 aggressus,
257 3062 322 3122 vies
341 3060 631 3137 exquiram,qu1bas
647 3067 736 3135 prout
751 3060 816 3119 fieri
832 3065 945 3137 potest,
961 3064 1061 3122 omnin
1073 3062 1161 3139 hujus

77 3159 220 3220 historiae
239 3164 410 3236 argumente
429 3157 561 3232 diiuam,
582 3161 612 3216 et
631 3157 703 3216 eden
724 3157 908 3234 expendam,
929 3164 963 3220 ut
982 3159 1094 3235 inipso
1110 3176 1162 3235 pn-

75 3257 163 3317 teiiat
181 3259 289 3318 veritas
309 3255 501 3318 hebraeomm
516 3252 653 3314 historiae
673 3270 814 3331 nnngma,
835 3255 974 3332 aequitaii
991 3256 1161 3334 eoaformis,

78 3355 228 3416 humanae
252 3357 358 3416 rationi
384 3358 602 3429 consentanea,
628 3367 664 3412 ae
682 3354 865 3430 potissimum
891 3352 1062 3431 divinitati,
1088 3371 1163 3432 quae

78 3451 212 3514 historici
231 3469 352 3514 menum
371 3452 522 3512 moderate
540 3457 595 3510 est.

118 3551 148 3626 S.
169 3551 209 3612 11.
231 3550 385 3626 Primum,
411 3551 495 3625 parvi
514 3549 654 3608 momenti
673 3549 772 3624 opinio
796 3545 921 3608 habetur
946 3546 1087 3625 iliorum,
1112 3549 1164 3624 qni
1246 3577 1249 3586 v

75 3655 215 3710 meroni
232 3647 336 3710 iodim
355 3647 534 3724 scripturam
551 3650 626 3708 inter
647 3647 810 3724 allegorias,
831 3647 894 3704 sive
912 3644 1065 3721 pmaboias
1085 3661 1164 3706 nnm-

79 3749 192 3824 patari.
213 3744 334 3808 Grotius
352 3761 390 3806 ex
409 3746 457 3806 his
477 3745 507 3804 id
526 3747 724 3822 excogitavit,
745 3751 775 3804 et
793 3747 869 3804 inter
888 3743 1011 3804 tabelias
1030 3750 1166 3804 numerat

78 3843 163 3904 huno
182 3843 314 3921 imaum,
335 3848 420 3920 coins
440 3848 561 3919 auctor,
584 3845 646 3918 ait,
670 3843 824 3903 consilium
844 3843 969 3918 sompnii
988 3842 1072 3903 iiiam
1092 3843 1163 3902 sori·

77 3941 195 4019 bendi,
223 3949 258 4004 ni
273 3943 374 4021 judaei
392 3942 431 4001 ab
447 3941 592 4002 moecho
612 3941 762 4018 Epiphnne
785 3943 884 4000 venati
902 3943 933 3999 in
958 3955 1010 4017 spe
1033 3941 1164 4001 eoelestis

77 4040 187 4101 anxilii
206 4041 457 4102 ooniirmarentur.
487 4038 651 4118 symbolice
671 4037 709 4098 ob
728 4039 784 4097 hoe
804 4040 1010 4114 interpretatur
1033 4040 1165 4098 virorum

76 4139 222 4216 nomina,
243 4140 297 4217 qui
314 4143 512 4198 memorantur
529 4136 586 4197 hoo
601 4138 633 4196 in
650 4135 781 4196 historia.
802 4135 881 4196 Haeo
898 4139 998 4213 ntique
1016 4137 1166 4212 ingeniosa

76 4242 152 4296 enni
171 4239 303 4313 invente,
324 4237 376 4298 sed
395 4234 564 4313 hujusmodi
583 4250 703 4311 norme,
723 4237 822 4294 omnia
841 4250 956 4312 qnoque
975 4233 1166 4293 hebraeorum

77 4339 165 4412 gesta
185 4335 350 4411 pareboiioe
370 4335 608 4413 explanarentur,
627 4331 807 4407 abrahami,
829 4333 938 4406 narei,
964 4329 1065 4392 iacobi
1077 4330 1167 4390 histo·
