<?xml version="1.0" encoding="UTF-8"?>
<!DOCTYPE html PUBLIC "-//W3C//DTD XHTML 1.0 Transitional//EN"
    "http://www.w3.org/TR/xhtml1/DTD/xhtml1-transitional.dtd">
<html xmlns="http://www.w3.org/1999/xhtml" xml:lang="en" lang="en">
 <head>
  <title>
</title>
<meta http-equiv="Content-Type" content="text/html;charset=utf-8" />
  <meta name='ocr-system' content='tesseract 3.04.00' />
  <meta name='ocr-capabilities' content='ocr_page ocr_carea ocr_par ocr_line ocrx_word'/>
</head>
<body>
  <div class='ocr_page' id='page_1' title='image "./sessioquartacon00vincgoog_0103.png"; bbox 0 0 2964 5174; ppageno 0'>
   <div class='ocr_carea' id='block_1_1' title="bbox 313 379 1396 567">
    <p class='ocr_par' dir='ltr' id='par_1_1' title="bbox 313 379 1396 567">
     <span class='ocr_line' id='line_1_1' title="bbox 775 379 936 433; baseline 0 -17"><span class='ocrx_word' id='word_1_1' title='bbox 775 403 815 416; x_wconf 86' lang='grc'><strong>...</strong></span> <span class='ocrx_word' id='word_1_2' title='bbox 834 379 874 433; x_wconf 72' lang='lat'><strong>48</strong></span> <span class='ocrx_word' id='word_1_3' title='bbox 893 401 936 416; x_wconf 92' lang='grc'><strong>..</strong></span> 
     </span>
     <span class='ocr_line' id='line_1_2' title="bbox 313 455 1396 567; baseline -0.003 -14"><span class='ocrx_word' id='word_1_4' title='bbox 313 497 383 554; x_wconf 87' lang='lat' dir='ltr'><strong>ante</strong></span> <span class='ocrx_word' id='word_1_5' title='bbox 401 490 619 567; x_wconf 75' lang='lat' dir='ltr'><strong>generationem</strong></span> <span class='ocrx_word' id='word_1_6' title='bbox 638 455 750 550; x_wconf 81' lang='lat' dir='ltr'><strong>eorum.</strong></span> <span class='ocrx_word' id='word_1_7' title='bbox 768 511 782 540; x_wconf 70' lang='lat' dir='ltr'><strong>s</strong></span> <span class='ocrx_word' id='word_1_8' title='bbox 806 487 915 549; x_wconf 78' lang='lat' dir='ltr'><strong>(icntm</strong></span> <span class='ocrx_word' id='word_1_9' title='bbox 931 487 1048 550; x_wconf 77' lang='lat' dir='ltr'><strong>medem</strong></span> <span class='ocrx_word' id='word_1_10' title='bbox 1060 487 1135 549; x_wconf 89' lang='lat' dir='ltr'><strong>libro</strong></span> <span class='ocrx_word' id='word_1_11' title='bbox 1152 505 1176 548; x_wconf 90' lang='lat'><strong>1.</strong></span> <span class='ocrx_word' id='word_1_12' title='bbox 1199 489 1237 549; x_wconf 86' lang='lat' dir='ltr'><strong>de</strong></span> <span class='ocrx_word' id='word_1_13' title='bbox 1250 487 1396 550; x_wconf 85' lang='lat' dir='ltr'><strong>Trinitate</strong></span> 
     </span>
    </p>
   </div>
   <div class='ocr_carea' id='block_1_2' title="bbox 312 587 1403 4086">
    <p class='ocr_par' dir='ltr' id='par_1_2' title="bbox 312 587 1403 2619">
     <span class='ocr_line' id='line_1_3' title="bbox 314 587 1397 665; baseline -0.002 -17"><span class='ocrx_word' id='word_1_14' title='bbox 314 607 396 650; x_wconf 91' lang='lat' dir='ltr'><strong>num.</strong></span> <span class='ocrx_word' id='word_1_15' title='bbox 420 598 455 665; x_wconf 77' lang='lat'><strong>⁷,</strong></span> <span class='ocrx_word' id='word_1_16' title='bbox 474 589 553 649; x_wconf 92' lang='lat' dir='ltr'><strong>bunc</strong></span> <span class='ocrx_word' id='word_1_17' title='bbox 565 588 601 647; x_wconf 92' lang='lat' dir='ltr'><strong>de</strong></span> <span class='ocrx_word' id='word_1_18' title='bbox 613 587 675 647; x_wconf 88' lang='lat' dir='ltr'><strong>Deo</strong></span> <span class='ocrx_word' id='word_1_19' title='bbox 693 587 907 665; x_wconf 83' lang='lat' dir='ltr'><strong>pulcherrimae</strong></span> <span class='ocrx_word' id='word_1_20' title='bbox 929 591 1088 649; x_wconf 70' lang='lat' dir='ltr'><strong>sententlm</strong></span> <span class='ocrx_word' id='word_1_21' title='bbox 1106 588 1227 649; x_wconf 89' lang='lat' dir='ltr'><strong>modum</strong></span> <span class='ocrx_word' id='word_1_22' title='bbox 1248 589 1397 665; x_wconf 89' lang='lat' dir='ltr'><strong>propheti-</strong></span> 
     </span>
     <span class='ocr_line' id='line_1_4' title="bbox 313 686 1397 765; baseline -0.002 -18"><span class='ocrx_word' id='word_1_23' title='bbox 313 690 357 747; x_wconf 90' lang='lat' dir='ltr'><strong>cis</strong></span> <span class='ocrx_word' id='word_1_24' title='bbox 373 687 495 747; x_wconf 79' lang='lat' dir='ltr'><strong>vocibus</strong></span> <span class='ocrx_word' id='word_1_25' title='bbox 521 686 726 763; x_wconf 80' lang='lat' dir='ltr'>apprehendit:</span> <span class='ocrx_word' id='word_1_26' title='bbox 745 686 815 763; x_wconf 78' lang='grc'>«(1)</span> <span class='ocrx_word' id='word_1_27' title='bbox 838 686 882 747; x_wconf 83' lang='lat' dir='ltr'><strong>lle</strong></span> <span class='ocrx_word' id='word_1_28' title='bbox 898 688 1100 765; x_wconf 86' lang='lat' dir='ltr'><strong>magnitudine</strong></span> <span class='ocrx_word' id='word_1_29' title='bbox 1112 690 1190 748; x_wconf 88' lang='lat' dir='ltr'><strong>enim</strong></span> <span class='ocrx_word' id='word_1_30' title='bbox 1209 701 1346 764; x_wconf 81' lang='lat' dir='ltr'><strong>operum,</strong></span> <span class='ocrx_word' id='word_1_31' title='bbox 1366 693 1397 745; x_wconf 88' lang='lat' dir='ltr'><strong>et</strong></span> 
     </span>
     <span class='ocr_line' id='line_1_5' title="bbox 312 784 1398 864; baseline -0.003 -19"><span class='ocrx_word' id='word_1_32' title='bbox 312 784 527 860; x_wconf 78' lang='lat' dir='ltr'>pulchritudine</span> <span class='ocrx_word' id='word_1_33' title='bbox 553 791 753 844; x_wconf 80' lang='lat' dir='ltr'><strong>creaturarum</strong></span> <span class='ocrx_word' id='word_1_34' title='bbox 781 792 988 864; x_wconf 81' lang='lat' dir='ltr'><strong>comeqnenter</strong></span> <span class='ocrx_word' id='word_1_35' title='bbox 1016 787 1233 863; x_wconf 77' lang='lat' dir='ltr'><strong>generationum</strong></span> <span class='ocrx_word' id='word_1_36' title='bbox 1261 784 1398 844; x_wconf 88' lang='lat' dir='ltr'><strong>conditor</strong></span> 
     </span>
     <span class='ocr_line' id='line_1_6' title="bbox 314 881 1399 960; baseline -0.001 -18"><span class='ocrx_word' id='word_1_37' title='bbox 314 884 527 960; x_wconf 76' lang='lat' dir='ltr'><strong>conspuitur.»</strong></span> <span class='ocrx_word' id='word_1_38' title='bbox 549 881 594 941; x_wconf 82' lang='lat' dir='ltr'><strong>lie</strong></span> <span class='ocrx_word' id='word_1_39' title='bbox 612 883 811 959; x_wconf 88' lang='lat' dir='ltr'><strong>spiritualibus</strong></span> <span class='ocrx_word' id='word_1_40' title='bbox 828 883 986 944; x_wconf 88' lang='lat' dir='ltr'><strong>virtutibus</strong></span> <span class='ocrx_word' id='word_1_41' title='bbox 1002 899 1040 944; x_wconf 81' lang='lat' dir='ltr'><strong>ex</strong></span> <span class='ocrx_word' id='word_1_42' title='bbox 1052 884 1145 943; x_wconf 83' lang='lat' dir='ltr'><strong>Tabia</strong></span> <span class='ocrx_word' id='word_1_43' title='bbox 1163 885 1219 943; x_wconf 89' lang='lat' dir='ltr'><strong>ait:</strong></span> <span class='ocrx_word' id='word_1_44' title='bbox 1233 881 1271 960; x_wconf 75' lang='lat' dir='ltr'><strong>(t)</strong></span> <span class='ocrx_word' id='word_1_45' title='bbox 1291 881 1399 942; x_wconf 82' lang='lat' dir='ltr'><strong>«Sunt</strong></span> 
     </span>
     <span class='ocr_line' id='line_1_7' title="bbox 314 980 1398 1060; baseline 0.001 -21"><span class='ocrx_word' id='word_1_46' title='bbox 314 980 475 1040; x_wconf 88' lang='lat' dir='ltr'><strong>secundum</strong></span> <span class='ocrx_word' id='word_1_47' title='bbox 492 980 624 1057; x_wconf 84' lang='lat' dir='ltr'><strong>Rapbael</strong></span> <span class='ocrx_word' id='word_1_48' title='bbox 641 980 680 1040; x_wconf 86' lang='lat' dir='ltr'><strong>ad</strong></span> <span class='ocrx_word' id='word_1_49' title='bbox 692 981 816 1047; x_wconf 85' lang='lat' dir='ltr'><strong>Toblam</strong></span> <span class='ocrx_word' id='word_1_50' title='bbox 829 982 1011 1060; x_wconf 81' lang='lat' dir='ltr'><strong>loquenten,</strong></span> <span class='ocrx_word' id='word_1_51' title='bbox 1030 982 1126 1059; x_wconf 87' lang='lat' dir='ltr'><strong>angeli</strong></span> <span class='ocrx_word' id='word_1_52' title='bbox 1142 983 1310 1042; x_wconf 74' lang='lat' dir='ltr'><strong>assistentes</strong></span> <span class='ocrx_word' id='word_1_53' title='bbox 1327 987 1398 1040; x_wconf 85' lang='lat' dir='ltr'><strong>onte</strong></span> 
     </span>
     <span class='ocr_line' id='line_1_8' title="bbox 313 1078 1392 1156; baseline 0.002 -20"><span class='ocrx_word' id='word_1_54' title='bbox 313 1078 475 1138; x_wconf 88' lang='lat' dir='ltr'><strong>claritatem</strong></span> <span class='ocrx_word' id='word_1_55' title='bbox 486 1078 558 1155; x_wconf 86' lang='lat' dir='ltr'><strong>Del;</strong></span> <span class='ocrx_word' id='word_1_56' title='bbox 578 1085 607 1139; x_wconf 90' lang='lat' dir='ltr'><strong>et</strong></span> <span class='ocrx_word' id='word_1_57' title='bbox 623 1082 769 1138; x_wconf 90' lang='lat' dir='ltr'><strong>orationes</strong></span> <span class='ocrx_word' id='word_1_58' title='bbox 782 1080 1000 1156; x_wconf 81' lang='lat' dir='ltr'><strong>deprecantium</strong></span> <span class='ocrx_word' id='word_1_59' title='bbox 1017 1079 1056 1138; x_wconf 90' lang='lat' dir='ltr'><strong>ad</strong></span> <span class='ocrx_word' id='word_1_60' title='bbox 1072 1079 1165 1140; x_wconf 63' lang='lat' dir='ltr'><strong>Mum</strong></span> <span class='ocrx_word' id='word_1_61' title='bbox 1185 1079 1358 1139; x_wconf 86' lang='lat' dir='ltr'><strong>deferentes.</strong></span> <span class='ocrx_word' id='word_1_62' title='bbox 1379 1101 1392 1128; x_wconf 75' lang='grc' dir='ltr'><strong>»ι</strong></span> 
     </span>
     <span class='ocr_line' id='line_1_9' title="bbox 315 1174 1393 1255; baseline 0.002 -21"><span class='ocrx_word' id='word_1_63' title='bbox 315 1174 351 1234; x_wconf 93' lang='lat' dir='ltr'><strong>In</strong></span> <span class='ocrx_word' id='word_1_64' title='bbox 369 1175 480 1236; x_wconf 89' lang='lat' dir='ltr'><strong>Psalm.</strong></span> <span class='ocrx_word' id='word_1_65' title='bbox 502 1191 572 1236; x_wconf 84' lang='lat' dir='ltr'><strong>cxn.</strong></span> <span class='ocrx_word' id='word_1_66' title='bbox 593 1193 675 1236; x_wconf 90' lang='lat' dir='ltr'><strong>num.</strong></span> <span class='ocrx_word' id='word_1_67' title='bbox 697 1185 727 1236; x_wconf 80' lang='lat'><strong>5.</strong></span> <span class='ocrx_word' id='word_1_68' title='bbox 753 1177 818 1236; x_wconf 74' lang='lat' dir='ltr'><strong>«In</strong></span> <span class='ocrx_word' id='word_1_69' title='bbox 832 1193 867 1237; x_wconf 91' lang='lat' dir='ltr'><strong>ec</strong></span> <span class='ocrx_word' id='word_1_70' title='bbox 886 1179 964 1238; x_wconf 88' lang='lat' dir='ltr'><strong>enim</strong></span> <span class='ocrx_word' id='word_1_71' title='bbox 983 1177 1074 1254; x_wconf 88' lang='lat' dir='ltr'><strong>libro,</strong></span> <span class='ocrx_word' id='word_1_72' title='bbox 1092 1179 1144 1255; x_wconf 85' lang='lat' dir='ltr'><strong>qui</strong></span> <span class='ocrx_word' id='word_1_73' title='bbox 1164 1177 1317 1237; x_wconf 91' lang='lat' dir='ltr'><strong>nobiscum</strong></span> <span class='ocrx_word' id='word_1_74' title='bbox 1339 1175 1393 1236; x_wconf 88' lang='lat' dir='ltr'><strong>Sa·</strong></span> 
     </span>
     <span class='ocr_line' id='line_1_10' title="bbox 314 1269 1398 1354; baseline 0.003 -23"><span class='ocrx_word' id='word_1_75' title='bbox 314 1269 439 1332; x_wconf 91' lang='lat' dir='ltr'><strong>lomonls</strong></span> <span class='ocrx_word' id='word_1_76' title='bbox 451 1273 637 1351; x_wconf 78' lang='lat' dir='ltr'><strong>inscribitur,</strong></span> <span class='ocrx_word' id='word_1_77' title='bbox 649 1275 727 1351; x_wconf 90' lang='lat' dir='ltr'><strong>apud</strong></span> <span class='ocrx_word' id='word_1_78' title='bbox 740 1291 859 1354; x_wconf 81' lang='lat' dir='ltr'><strong>graems</strong></span> <span class='ocrx_word' id='word_1_79' title='bbox 870 1281 985 1352; x_wconf 90' lang='lat' dir='ltr'><strong>autem,</strong></span> <span class='ocrx_word' id='word_1_80' title='bbox 998 1282 1085 1352; x_wconf 81' lang='lat' dir='ltr'><strong>atque</strong></span> <span class='ocrx_word' id='word_1_81' title='bbox 1095 1274 1234 1336; x_wconf 88' lang='lat' dir='ltr'><strong>hebraeos</strong></span> <span class='ocrx_word' id='word_1_82' title='bbox 1248 1273 1398 1351; x_wconf 89' lang='lat' dir='ltr'><strong>Sapientia</strong></span> 
     </span>
     <span class='ocr_line' id='line_1_11' title="bbox 313 1369 1399 1449; baseline 0 -19"><span class='ocrx_word' id='word_1_83' title='bbox 313 1369 418 1430; x_wconf 89' lang='lat' dir='ltr'><strong>Siracb</strong></span> <span class='ocrx_word' id='word_1_84' title='bbox 444 1371 580 1448; x_wconf 87' lang='lat' dir='ltr'><strong>babetur,</strong></span> <span class='ocrx_word' id='word_1_85' title='bbox 607 1389 777 1432; x_wconf 89' lang='lat' dir='ltr'><strong>monemur:</strong></span> <span class='ocrx_word' id='word_1_86' title='bbox 794 1403 807 1418; x_wconf 94' lang='lat'><strong>·</strong></span> <span class='ocrx_word' id='word_1_87' title='bbox 822 1371 860 1449; x_wconf 78' lang='grc'><strong>(3)</strong></span> <span class='ocrx_word' id='word_1_88' title='bbox 882 1373 956 1432; x_wconf 78' lang='lat' dir='ltr'><strong>ane</strong></span> <span class='ocrx_word' id='word_1_89' title='bbox 975 1373 1165 1433; x_wconf 78' lang='lat' dir='ltr'><strong>circumvalla</strong></span> <span class='ocrx_word' id='word_1_90' title='bbox 1185 1375 1399 1448; x_wconf 86' lang='lat' dir='ltr'><strong>possessionem</strong></span> 
     </span>
     <span class='ocr_line' id='line_1_12' title="bbox 316 1456 1397 1547; baseline 0.003 -22"><span class='ocrx_word' id='word_1_91' title='bbox 316 1471 400 1526; x_wconf 91' lang='lat' dir='ltr'><strong>tuam</strong></span> <span class='ocrx_word' id='word_1_92' title='bbox 421 1470 531 1546; x_wconf 85' lang='lat' dir='ltr'><strong>spinis,</strong></span> <span class='ocrx_word' id='word_1_93' title='bbox 550 1456 704 1546; x_wconf 80' lang='lat' dir='ltr'><strong>argentum</strong></span> <span class='ocrx_word' id='word_1_94' title='bbox 723 1476 753 1529; x_wconf 89' lang='lat' dir='ltr'><strong>et</strong></span> <span class='ocrx_word' id='word_1_95' title='bbox 770 1485 876 1530; x_wconf 87' lang='lat' dir='ltr'><strong>aurum</strong></span> <span class='ocrx_word' id='word_1_96' title='bbox 892 1475 976 1530; x_wconf 85' lang='lat' dir='ltr'><strong>tuum</strong></span> <span class='ocrx_word' id='word_1_97' title='bbox 993 1473 1153 1547; x_wconf 68' lang='lat' dir='ltr'><strong>constitue,</strong></span> <span class='ocrx_word' id='word_1_98' title='bbox 1172 1475 1201 1530; x_wconf 90' lang='lat' dir='ltr'><strong>et</strong></span> <span class='ocrx_word' id='word_1_99' title='bbox 1218 1472 1262 1529; x_wconf 89' lang='lat' dir='ltr'><strong>ori</strong></span> <span class='ocrx_word' id='word_1_100' title='bbox 1279 1475 1332 1528; x_wconf 80' lang='lat' dir='ltr'><strong>mo</strong></span> <span class='ocrx_word' id='word_1_101' title='bbox 1349 1468 1397 1528; x_wconf 88' lang='lat' dir='ltr'><strong>fae</strong></span> 
     </span>
     <span class='ocr_line' id='line_1_13' title="bbox 314 1565 1396 1645; baseline 0.002 -22"><span class='ocrx_word' id='word_1_102' title='bbox 314 1565 439 1641; x_wconf 89' lang='lat' dir='ltr'><strong>ostium,</strong></span> <span class='ocrx_word' id='word_1_103' title='bbox 457 1571 487 1624; x_wconf 90' lang='lat' dir='ltr'><strong>et</strong></span> <span class='ocrx_word' id='word_1_104' title='bbox 503 1581 618 1642; x_wconf 86' lang='lat' dir='ltr'><strong>seram,</strong></span> <span class='ocrx_word' id='word_1_105' title='bbox 641 1573 672 1626; x_wconf 89' lang='lat' dir='ltr'><strong>et</strong></span> <span class='ocrx_word' id='word_1_106' title='bbox 693 1566 791 1626; x_wconf 87' lang='lat' dir='ltr'><strong>verbis</strong></span> <span class='ocrx_word' id='word_1_107' title='bbox 807 1569 866 1628; x_wconf 90' lang='lat' dir='ltr'><strong>tuis</strong></span> <span class='ocrx_word' id='word_1_108' title='bbox 881 1570 998 1645; x_wconf 84' lang='lat' dir='ltr'><strong>jugum.</strong></span> <span class='ocrx_word' id='word_1_109' title='bbox 1017 1593 1031 1619; x_wconf 66' lang='lat' dir='ltr'><strong>a</strong></span> <span class='ocrx_word' id='word_1_110' title='bbox 1053 1567 1143 1628; x_wconf 88' lang='lat' dir='ltr'><strong>Libro</strong></span> <span class='ocrx_word' id='word_1_111' title='bbox 1162 1570 1264 1644; x_wconf 85' lang='lat' dir='ltr'><strong>quinto</strong></span> <span class='ocrx_word' id='word_1_112' title='bbox 1280 1567 1318 1626; x_wconf 87' lang='lat' dir='ltr'><strong>de</strong></span> <span class='ocrx_word' id='word_1_113' title='bbox 1330 1565 1396 1625; x_wconf 86' lang='lat' dir='ltr'><strong>Tri·</strong></span> 
     </span>
     <span class='ocr_line' id='line_1_14' title="bbox 313 1661 1396 1742; baseline 0.003 -22"><span class='ocrx_word' id='word_1_114' title='bbox 313 1661 405 1721; x_wconf 87' lang='lat' dir='ltr'><strong>nitate</strong></span> <span class='ocrx_word' id='word_1_115' title='bbox 417 1679 500 1722; x_wconf 89' lang='lat' dir='ltr'><strong>num.</strong></span> <span class='ocrx_word' id='word_1_116' title='bbox 524 1672 575 1723; x_wconf 80' lang='lat'><strong>41.</strong></span> <span class='ocrx_word' id='word_1_117' title='bbox 594 1681 632 1724; x_wconf 85' lang='lat' dir='ltr'><strong>ex</strong></span> <span class='ocrx_word' id='word_1_118' title='bbox 650 1665 767 1724; x_wconf 86' lang='lat' dir='ltr'><strong>itarucb</strong></span> <span class='ocrx_word' id='word_1_119' title='bbox 787 1665 875 1725; x_wconf 88' lang='lat' dir='ltr'><strong>dicit:</strong></span> <span class='ocrx_word' id='word_1_120' title='bbox 899 1664 1010 1726; x_wconf 67' lang='lat' dir='ltr'><strong>alludi</strong></span> <span class='ocrx_word' id='word_1_121' title='bbox 1030 1667 1110 1724; x_wconf 86' lang='lat' dir='ltr'><strong>enim</strong></span> <span class='ocrx_word' id='word_1_122' title='bbox 1132 1672 1247 1742; x_wconf 88' lang='lat' dir='ltr'><strong>praeter</strong></span> <span class='ocrx_word' id='word_1_123' title='bbox 1267 1664 1396 1742; x_wconf 84' lang='lat' dir='ltr'><strong>Moysen</strong></span> 
     </span>
     <span class='ocr_line' id='line_1_15' title="bbox 314 1762 1395 1840; baseline 0 -20"><span class='ocrx_word' id='word_1_124' title='bbox 314 1766 345 1820; x_wconf 89' lang='lat' dir='ltr'><strong>et</strong></span> <span class='ocrx_word' id='word_1_125' title='bbox 363 1762 487 1838; x_wconf 63' lang='grc' dir='ltr'>Μαῖα,</span> <span class='ocrx_word' id='word_1_126' title='bbox 509 1767 574 1821; x_wconf 84' lang='lat' dir='ltr'><strong>tum</strong></span> <span class='ocrx_word' id='word_1_127' title='bbox 592 1764 678 1822; x_wconf 89' lang='lat' dir='ltr'><strong>tertio</strong></span> <span class='ocrx_word' id='word_1_128' title='bbox 698 1762 729 1822; x_wconf 92' lang='lat' dir='ltr'><strong>id</strong></span> <span class='ocrx_word' id='word_1_129' title='bbox 748 1765 845 1840; x_wconf 89' lang='lat' dir='ltr'><strong>ipsum</strong></span> <span class='ocrx_word' id='word_1_130' title='bbox 863 1778 979 1840; x_wconf 86' lang='lat' dir='ltr'><strong>quoque</strong></span> <span class='ocrx_word' id='word_1_131' title='bbox 996 1763 1210 1823; x_wconf 88' lang='lat' dir='ltr'><strong>etllicremlam</strong></span> <span class='ocrx_word' id='word_1_132' title='bbox 1223 1763 1395 1822; x_wconf 90' lang='lat' dir='ltr'><strong>docentem:</strong></span> 
     </span>
     <span class='ocr_line' id='line_1_16' title="bbox 318 1858 1402 1938; baseline 0.003 -20"><span class='ocrx_word' id='word_1_133' title='bbox 318 1887 331 1902; x_wconf 94' lang='lat'>·</span> <span class='ocrx_word' id='word_1_134' title='bbox 344 1858 401 1918; x_wconf 86' lang='lat' dir='ltr'><strong>Hic</strong></span> <span class='ocrx_word' id='word_1_135' title='bbox 416 1859 495 1919; x_wconf 83' lang='lat' dir='ltr'><strong>Deus</strong></span> <span class='ocrx_word' id='word_1_136' title='bbox 514 1865 629 1937; x_wconf 84' lang='lat' dir='ltr'><strong>noster,</strong></span> <span class='ocrx_word' id='word_1_137' title='bbox 644 1866 674 1920; x_wconf 87' lang='lat' dir='ltr'><strong>et</strong></span> <span class='ocrx_word' id='word_1_138' title='bbox 693 1877 754 1920; x_wconf 89' lang='lat' dir='ltr'><strong>non</strong></span> <span class='ocrx_word' id='word_1_139' title='bbox 772 1861 958 1938; x_wconf 80' lang='lat' dir='ltr'><strong>deputabitur</strong></span> <span class='ocrx_word' id='word_1_140' title='bbox 973 1861 1049 1922; x_wconf 90' lang='lat' dir='ltr'><strong>alius</strong></span> <span class='ocrx_word' id='word_1_141' title='bbox 1065 1861 1203 1938; x_wconf 91' lang='lat' dir='ltr'><strong>adeum,</strong></span> <span class='ocrx_word' id='word_1_142' title='bbox 1218 1862 1270 1938; x_wconf 90' lang='lat' dir='ltr'><strong>qul</strong></span> <span class='ocrx_word' id='word_1_143' title='bbox 1287 1862 1402 1921; x_wconf 88' lang='lat' dir='ltr'><strong>invenit</strong></span> 
     </span>
     <span class='ocr_line' id='line_1_17' title="bbox 319 1958 1401 2036; baseline 0.004 -20"><span class='ocrx_word' id='word_1_144' title='bbox 319 1972 437 2016; x_wconf 87' lang='lat' dir='ltr'><strong>omnem</strong></span> <span class='ocrx_word' id='word_1_145' title='bbox 454 1959 535 2018; x_wconf 89' lang='lat' dir='ltr'><strong>viam</strong></span> <span class='ocrx_word' id='word_1_146' title='bbox 552 1961 705 2036; x_wconf 88' lang='lat' dir='ltr'><strong>scientiae,</strong></span> <span class='ocrx_word' id='word_1_147' title='bbox 727 1965 756 2019; x_wconf 93' lang='lat' dir='ltr'><strong>et</strong></span> <span class='ocrx_word' id='word_1_148' title='bbox 775 1959 855 2019; x_wconf 86' lang='lat' dir='ltr'><strong>dedit</strong></span> <span class='ocrx_word' id='word_1_149' title='bbox 873 1975 939 2020; x_wconf 86' lang='lat' dir='ltr'><strong>earn</strong></span> <span class='ocrx_word' id='word_1_150' title='bbox 956 1959 1047 2020; x_wconf 81' lang='lat' dir='ltr'><strong>Jacob</strong></span> <span class='ocrx_word' id='word_1_151' title='bbox 1064 1976 1154 2036; x_wconf 90' lang='lat' dir='ltr'><strong>puero</strong></span> <span class='ocrx_word' id='word_1_152' title='bbox 1173 1975 1243 2035; x_wconf 87' lang='lat' dir='ltr'><strong>suo,</strong></span> <span class='ocrx_word' id='word_1_153' title='bbox 1261 1964 1292 2019; x_wconf 88' lang='lat' dir='ltr'><strong>et</strong></span> <span class='ocrx_word' id='word_1_154' title='bbox 1310 1958 1401 2020; x_wconf 88' lang='lat' dir='ltr'><strong>lsrael</strong></span> 
     </span>
     <span class='ocr_line' id='line_1_18' title="bbox 318 2053 1401 2136; baseline 0.002 -23"><span class='ocrx_word' id='word_1_155' title='bbox 318 2053 424 2114; x_wconf 89' lang='lat' dir='ltr'><strong>diiecto</strong></span> <span class='ocrx_word' id='word_1_156' title='bbox 441 2071 513 2133; x_wconf 80' lang='lat' dir='ltr'><strong>su03</strong></span> <span class='ocrx_word' id='word_1_157' title='bbox 528 2064 594 2133; x_wconf 89' lang='lat' dir='ltr'><strong>post</strong></span> <span class='ocrx_word' id='word_1_158' title='bbox 610 2058 683 2117; x_wconf 89' lang='lat' dir='ltr'><strong>haec</strong></span> <span class='ocrx_word' id='word_1_159' title='bbox 697 2060 729 2116; x_wconf 88' lang='lat' dir='ltr'><strong>in</strong></span> <span class='ocrx_word' id='word_1_160' title='bbox 748 2065 827 2117; x_wconf 82' lang='lat' dir='ltr'><strong>terra</strong></span> <span class='ocrx_word' id='word_1_161' title='bbox 842 2059 925 2118; x_wconf 89' lang='lat' dir='ltr'><strong>visus</strong></span> <span class='ocrx_word' id='word_1_162' title='bbox 942 2064 1003 2136; x_wconf 90' lang='lat' dir='ltr'><strong>est,</strong></span> <span class='ocrx_word' id='word_1_163' title='bbox 1023 2065 1053 2118; x_wconf 90' lang='lat' dir='ltr'><strong>et</strong></span> <span class='ocrx_word' id='word_1_164' title='bbox 1069 2075 1137 2118; x_wconf 86' lang='lat' dir='ltr'><strong>cura</strong></span> <span class='ocrx_word' id='word_1_165' title='bbox 1150 2057 1319 2117; x_wconf 88' lang='lat' dir='ltr'><strong>hominibus</strong></span> <span class='ocrx_word' id='word_1_166' title='bbox 1332 2073 1401 2116; x_wconf 89' lang='lat' dir='ltr'><strong>con-</strong></span> 
     </span>
     <span class='ocr_line' id='line_1_19' title="bbox 317 2154 1400 2234; baseline 0.004 -23"><span class='ocrx_word' id='word_1_167' title='bbox 317 2157 461 2213; x_wconf 75' lang='lat' dir='ltr'><strong>versatas.</strong></span> <span class='ocrx_word' id='word_1_168' title='bbox 478 2179 491 2204; x_wconf 75' lang='grc' dir='ltr'><strong>ι»</strong></span> <span class='ocrx_word' id='word_1_169' title='bbox 507 2155 586 2213; x_wconf 82' lang='lat' dir='ltr'><strong>Alibi</strong></span> <span class='ocrx_word' id='word_1_170' title='bbox 603 2179 617 2205; x_wconf 71' lang='lat' dir='ltr'><strong>a</strong></span> <span class='ocrx_word' id='word_1_171' title='bbox 628 2155 689 2214; x_wconf 89' lang='lat' dir='ltr'><strong>Nec</strong></span> <span class='ocrx_word' id='word_1_172' title='bbox 701 2155 860 2216; x_wconf 86' lang='lat' dir='ltr'><strong>Dominum</strong></span> <span class='ocrx_word' id='word_1_173' title='bbox 871 2155 994 2217; x_wconf 92' lang='lat' dir='ltr'><strong>audiunt</strong></span> <span class='ocrx_word' id='word_1_174' title='bbox 1004 2155 1163 2216; x_wconf 70' lang='lat' dir='ltr'><strong>dicenoem:</strong></span> <span class='ocrx_word' id='word_1_175' title='bbox 1178 2187 1190 2200; x_wconf 94' lang='lat'>·</span> <span class='ocrx_word' id='word_1_176' title='bbox 1203 2154 1337 2216; x_wconf 88' lang='lat' dir='ltr'><strong>Peccasti</strong></span> <span class='ocrx_word' id='word_1_177' title='bbox 1349 2155 1400 2234; x_wconf 82' lang='grc'>(4),</span> 
     </span>
     <span class='ocr_line' id='line_1_20' title="bbox 317 2251 1403 2330; baseline 0.003 -19"><span class='ocrx_word' id='word_1_178' title='bbox 317 2253 443 2328; x_wconf 86' lang='lat' dir='ltr'><strong>quiesce.</strong></span> <span class='ocrx_word' id='word_1_179' title='bbox 461 2276 474 2304; x_wconf 72' lang='lat' dir='ltr'><strong>a</strong></span> <span class='ocrx_word' id='word_1_180' title='bbox 491 2253 603 2312; x_wconf 87' lang='lat' dir='ltr'><strong>Elibro</strong></span> <span class='ocrx_word' id='word_1_181' title='bbox 613 2261 718 2313; x_wconf 90' lang='lat' dir='ltr'><strong>contra</strong></span> <span class='ocrx_word' id='word_1_182' title='bbox 726 2251 928 2314; x_wconf 82' lang='lat' dir='ltr'><strong>Constantina</strong></span> <span class='ocrx_word' id='word_1_183' title='bbox 938 2257 1140 2330; x_wconf 85' lang='lat' dir='ltr'><strong>imperatorem</strong></span> <span class='ocrx_word' id='word_1_184' title='bbox 1149 2271 1231 2314; x_wconf 89' lang='lat' dir='ltr'><strong>num.</strong></span> <span class='ocrx_word' id='word_1_185' title='bbox 1244 2263 1273 2314; x_wconf 84' lang='grc'><strong>6.</strong></span> <span class='ocrx_word' id='word_1_186' title='bbox 1293 2279 1306 2305; x_wconf 67' lang='grc' dir='ltr'><strong>α</strong></span> <span class='ocrx_word' id='word_1_187' title='bbox 1323 2253 1403 2314; x_wconf 89' lang='lat' dir='ltr'><strong>Sciat</strong></span> 
     </span>
     <span class='ocr_line' id='line_1_21' title="bbox 318 2349 1402 2428; baseline 0.004 -22"><span class='ocrx_word' id='word_1_188' title='bbox 318 2363 337 2406; x_wconf 88' lang='lat' dir='ltr'><strong>a</strong></span> <span class='ocrx_word' id='word_1_189' title='bbox 355 2353 485 2426; x_wconf 81' lang='lat' dir='ltr'><strong>martyre</strong></span> <span class='ocrx_word' id='word_1_190' title='bbox 502 2366 565 2408; x_wconf 79' lang='lat' dir='ltr'><strong>esse</strong></span> <span class='ocrx_word' id='word_1_191' title='bbox 582 2350 692 2409; x_wconf 88' lang='lat' dir='ltr'><strong>dictum</strong></span> <span class='ocrx_word' id='word_1_192' title='bbox 706 2352 769 2428; x_wconf 89' lang='lat' dir='ltr'><strong>regi</strong></span> <span class='ocrx_word' id='word_1_193' title='bbox 783 2350 821 2427; x_wconf 84' lang='lat'><strong>(5)</strong></span> <span class='ocrx_word' id='word_1_194' title='bbox 836 2349 997 2412; x_wconf 82' lang='lat' dir='ltr'><strong>Antiocho:</strong></span> <span class='ocrx_word' id='word_1_195' title='bbox 1017 2376 1029 2403; x_wconf 75' lang='grc' dir='ltr'><strong>α</strong></span> <span class='ocrx_word' id='word_1_196' title='bbox 1047 2351 1093 2411; x_wconf 88' lang='lat' dir='ltr'><strong>Tu</strong></span> <span class='ocrx_word' id='word_1_197' title='bbox 1110 2351 1228 2428; x_wconf 59' lang='lat' dir='ltr'><strong>wdem</strong></span> <span class='ocrx_word' id='word_1_198' title='bbox 1236 2353 1355 2427; x_wconf 89' lang='lat' dir='ltr'><strong>iniquus</strong></span> <span class='ocrx_word' id='word_1_199' title='bbox 1365 2351 1402 2410; x_wconf 88' lang='lat' dir='ltr'><strong>dc</strong></span> 
     </span>
     <span class='ocr_line' id='line_1_22' title="bbox 319 2447 1401 2526; baseline 0.005 -23"><span class='ocrx_word' id='word_1_200' title='bbox 319 2447 545 2520; x_wconf 78' lang='lat' dir='ltr'><strong>praesenti‘vita</strong></span> <span class='ocrx_word' id='word_1_201' title='bbox 562 2463 617 2506; x_wconf 91' lang='lat' dir='ltr'><strong>nos</strong></span> <span class='ocrx_word' id='word_1_202' title='bbox 636 2448 747 2524; x_wconf 87' lang='lat' dir='ltr'><strong>perdis,</strong></span> <span class='ocrx_word' id='word_1_203' title='bbox 763 2448 815 2508; x_wconf 88' lang='lat' dir='ltr'><strong>sed</strong></span> <span class='ocrx_word' id='word_1_204' title='bbox 831 2449 896 2509; x_wconf 85' lang='lat' dir='ltr'><strong>Rex</strong></span> <span class='ocrx_word' id='word_1_205' title='bbox 910 2449 1013 2508; x_wconf 90' lang='lat' dir='ltr'><strong>mundi</strong></span> <span class='ocrx_word' id='word_1_206' title='bbox 1025 2448 1177 2509; x_wconf 78' lang='lat' dir='ltr'><strong>defunctos</strong></span> <span class='ocrx_word' id='word_1_207' title='bbox 1190 2465 1244 2508; x_wconf 87' lang='lat' dir='ltr'><strong>nos</strong></span> <span class='ocrx_word' id='word_1_208' title='bbox 1261 2451 1337 2509; x_wconf 86' lang='lat' dir='ltr'><strong>scies</strong></span> <span class='ocrx_word' id='word_1_209' title='bbox 1349 2465 1401 2526; x_wconf 90' lang='lat' dir='ltr'><strong>pro</strong></span> 
     </span>
     <span class='ocr_line' id='line_1_23' title="bbox 319 2541 1277 2619; baseline 0.007 -19"><span class='ocrx_word' id='word_1_210' title='bbox 319 2541 432 2619; x_wconf 85' lang='lat' dir='ltr'><strong>legibus</strong></span> <span class='ocrx_word' id='word_1_211' title='bbox 449 2545 481 2601; x_wconf 92' lang='lat' dir='ltr'><strong>in</strong></span> <span class='ocrx_word' id='word_1_212' title='bbox 500 2550 647 2604; x_wconf 67' lang='lat' dir='ltr'><strong>adernam</strong></span> <span class='ocrx_word' id='word_1_213' title='bbox 666 2548 759 2604; x_wconf 83' lang='lat' dir='ltr'><strong>vitam</strong></span> <span class='ocrx_word' id='word_1_214' title='bbox 781 2548 813 2604; x_wconf 91' lang='lat' dir='ltr'><strong>in</strong></span> <span class='ocrx_word' id='word_1_215' title='bbox 830 2550 1069 2607; x_wconf 86' lang='lat' dir='ltr'><strong>resurrectionem</strong></span> <span class='ocrx_word' id='word_1_216' title='bbox 1082 2547 1243 2607; x_wconf 84' lang='lat' dir='ltr'><strong>suscitabit.</strong></span> <span class='ocrx_word' id='word_1_217' title='bbox 1262 2570 1277 2598; x_wconf 77' lang='lat' dir='ltr'><strong>a</strong></span> 
     </span>
    </p>

    <p class='ocr_par' dir='ltr' id='par_1_3' title="bbox 317 2639 1401 3114">
     <span class='ocr_line' id='line_1_24' title="bbox 358 2639 1399 2722; baseline 0.005 -23"><span class='ocrx_word' id='word_1_218' title='bbox 358 2639 455 2716; x_wconf 67' lang='lat' dir='ltr'><strong>lituus</strong></span> <span class='ocrx_word' id='word_1_219' title='bbox 469 2647 567 2701; x_wconf 85' lang='lat' dir='ltr'><strong>autem</strong></span> <span class='ocrx_word' id='word_1_220' title='bbox 586 2642 718 2702; x_wconf 86' lang='lat' dir='ltr'><strong>doctrina</strong></span> <span class='ocrx_word' id='word_1_221' title='bbox 735 2659 795 2702; x_wconf 91' lang='lat' dir='ltr'><strong>non</strong></span> <span class='ocrx_word' id='word_1_222' title='bbox 805 2645 901 2704; x_wconf 90' lang='lat' dir='ltr'><strong>scium</strong></span> <span class='ocrx_word' id='word_1_223' title='bbox 916 2645 1106 2705; x_wconf 84' lang='lat' dir='ltr'><strong>Germanicae</strong></span> <span class='ocrx_word' id='word_1_224' title='bbox 1115 2646 1227 2721; x_wconf 85' lang='lat' dir='ltr'><strong>primae</strong></span> <span class='ocrx_word' id='word_1_225' title='bbox 1239 2647 1399 2722; x_wconf 88' lang='lat' dir='ltr'><strong>episeopis,</strong></span> 
     </span>
     <span class='ocr_line' id='line_1_25' title="bbox 318 2736 1401 2820; baseline 0.006 -25"><span class='ocrx_word' id='word_1_226' title='bbox 318 2742 348 2795; x_wconf 87' lang='lat' dir='ltr'><strong>et</strong></span> <span class='ocrx_word' id='word_1_227' title='bbox 364 2736 554 2799; x_wconf 83' lang='lat' dir='ltr'><strong>Germanicae</strong></span> <span class='ocrx_word' id='word_1_228' title='bbox 565 2741 724 2817; x_wconf 88' lang='lat' dir='ltr'><strong>secundae,</strong></span> <span class='ocrx_word' id='word_1_229' title='bbox 740 2748 769 2800; x_wconf 89' lang='lat' dir='ltr'><strong>et</strong></span> <span class='ocrx_word' id='word_1_230' title='bbox 779 2741 912 2820; x_wconf 87' lang='lat' dir='ltr'><strong>Belgicae</strong></span> <span class='ocrx_word' id='word_1_231' title='bbox 926 2745 1068 2820; x_wconf 86' lang='lat' dir='ltr'><strong>innotuit,</strong></span> <span class='ocrx_word' id='word_1_232' title='bbox 1081 2759 1185 2803; x_wconf 87' lang='lat' dir='ltr'><strong>vcmm</strong></span> <span class='ocrx_word' id='word_1_233' title='bbox 1202 2744 1293 2803; x_wconf 63' lang='lat' dir='ltr'><strong>mam</strong></span> <span class='ocrx_word' id='word_1_234' title='bbox 1306 2741 1401 2802; x_wconf 87' lang='lat' dir='ltr'><strong>Seleu·</strong></span> 
     </span>
     <span class='ocr_line' id='line_1_26' title="bbox 318 2832 1401 2918; baseline 0.006 -25"><span class='ocrx_word' id='word_1_235' title='bbox 318 2832 383 2894; x_wconf 92' lang='lat' dir='ltr'><strong>cide</strong></span> <span class='ocrx_word' id='word_1_236' title='bbox 402 2841 432 2894; x_wconf 89' lang='lat' dir='ltr'><strong>et</strong></span> <span class='ocrx_word' id='word_1_237' title='bbox 453 2835 704 2916; x_wconf 84' lang='lat' dir='ltr'><strong>Constantinopoli</strong></span> <span class='ocrx_word' id='word_1_238' title='bbox 720 2838 859 2918; x_wconf 89' lang='lat' dir='ltr'><strong>docebat,</strong></span> <span class='ocrx_word' id='word_1_239' title='bbox 875 2843 991 2901; x_wconf 88' lang='lat' dir='ltr'><strong>arianos</strong></span> <span class='ocrx_word' id='word_1_240' title='bbox 1008 2841 1189 2918; x_wconf 84' lang='lat' dir='ltr'><strong>opprimebat</strong></span> <span class='ocrx_word' id='word_1_241' title='bbox 1206 2843 1319 2900; x_wconf 88' lang='lat' dir='ltr'><strong>invicta</strong></span> <span class='ocrx_word' id='word_1_242' title='bbox 1332 2855 1401 2899; x_wconf 89' lang='lat' dir='ltr'><strong>con-</strong></span> 
     </span>
     <span class='ocr_line' id='line_1_27' title="bbox 317 2934 1400 3016; baseline 0.006 -25"><span class='ocrx_word' id='word_1_243' title='bbox 317 2934 445 3009; x_wconf 87' lang='lat' dir='ltr'><strong>stantia,</strong></span> <span class='ocrx_word' id='word_1_244' title='bbox 457 2949 493 2992; x_wconf 85' lang='lat' dir='ltr'><strong>ec</strong></span> <span class='ocrx_word' id='word_1_245' title='bbox 511 2941 615 2994; x_wconf 89' lang='lat' dir='ltr'><strong>contra</strong></span> <span class='ocrx_word' id='word_1_246' title='bbox 629 2936 745 2996; x_wconf 88' lang='lat' dir='ltr'><strong>eosdem</strong></span> <span class='ocrx_word' id='word_1_247' title='bbox 762 2937 937 3016; x_wconf 87' lang='lat' dir='ltr'><strong>ubicumque</strong></span> <span class='ocrx_word' id='word_1_248' title='bbox 956 2940 1157 3000; x_wconf 87' lang='lat' dir='ltr'><strong>auctoritatem</strong></span> <span class='ocrx_word' id='word_1_249' title='bbox 1170 2955 1208 2998; x_wconf 80' lang='lat' dir='ltr'><strong>en</strong></span> <span class='ocrx_word' id='word_1_250' title='bbox 1220 2939 1324 2998; x_wconf 88' lang='lat' dir='ltr'><strong>Bibliis</strong></span> <span class='ocrx_word' id='word_1_251' title='bbox 1337 2938 1400 2998; x_wconf 87' lang='lat' dir='ltr'><strong>Pri·</strong></span> 
     </span>
     <span class='ocr_line' id='line_1_28' title="bbox 317 3029 1300 3114; baseline 0.006 -26"><span class='ocrx_word' id='word_1_252' title='bbox 317 3031 374 3088; x_wconf 90' lang='lat' dir='ltr'><strong>mis</strong></span> <span class='ocrx_word' id='word_1_253' title='bbox 392 3037 421 3089; x_wconf 89' lang='lat' dir='ltr'><strong>ct</strong></span> <span class='ocrx_word' id='word_1_254' title='bbox 440 3029 582 3091; x_wconf 88' lang='lat' dir='ltr'><strong>Secundis</strong></span> <span class='ocrx_word' id='word_1_255' title='bbox 600 3036 725 3110; x_wconf 87' lang='lat' dir='ltr'><strong>pariter,</strong></span> <span class='ocrx_word' id='word_1_256' title='bbox 745 3035 828 3094; x_wconf 86' lang='lat' dir='ltr'><strong>nulla</strong></span> <span class='ocrx_word' id='word_1_257' title='bbox 849 3036 950 3096; x_wconf 86' lang='lat' dir='ltr'><strong>habita</strong></span> <span class='ocrx_word' id='word_1_258' title='bbox 963 3038 1092 3114; x_wconf 89' lang='lat' dir='ltr'><strong>ratione,</strong></span> <span class='ocrx_word' id='word_1_259' title='bbox 1111 3035 1300 3113; x_wconf 84' lang='lat' dir='ltr'><strong>compellans.</strong></span> 
     </span>
    </p>

    <p class='ocr_par' dir='ltr' id='par_1_4' title="bbox 315 3127 1402 4086">
     <span class='ocr_line' id='line_1_29' title="bbox 356 3127 1401 3194; baseline 0.004 -6"><span class='ocrx_word' id='word_1_260' title='bbox 356 3127 553 3188; x_wconf 84' lang='lat' dir='ltr'><strong>Nihilominus</strong></span> <span class='ocrx_word' id='word_1_261' title='bbox 565 3131 591 3189; x_wconf 89' lang='lat' dir='ltr'><strong>is</strong></span> <span class='ocrx_word' id='word_1_262' title='bbox 603 3130 641 3190; x_wconf 91' lang='lat' dir='ltr'><strong>ab</strong></span> <span class='ocrx_word' id='word_1_263' title='bbox 655 3130 829 3192; x_wconf 85' lang='lat' dir='ltr'><strong>adversariis</strong></span> <span class='ocrx_word' id='word_1_264' title='bbox 840 3135 871 3190; x_wconf 91' lang='lat' dir='ltr'><strong>in</strong></span> <span class='ocrx_word' id='word_1_265' title='bbox 881 3139 985 3193; x_wconf 89' lang='lat' dir='ltr'><strong>testem</strong></span> <span class='ocrx_word' id='word_1_266' title='bbox 998 3139 1119 3193; x_wconf 79' lang='lat' dir='ltr'><strong>vocabar</strong></span> <span class='ocrx_word' id='word_1_267' title='bbox 1132 3136 1208 3194; x_wconf 84' lang='lat' dir='ltr'><strong>inter</strong></span> <span class='ocrx_word' id='word_1_268' title='bbox 1221 3133 1288 3193; x_wconf 91' lang='lat' dir='ltr'><strong>illos</strong></span> <span class='ocrx_word' id='word_1_269' title='bbox 1301 3133 1401 3193; x_wconf 84' lang='lat' dir='ltr'><strong>Eccle-</strong></span> 
     </span>
     <span class='ocr_line' id='line_1_30' title="bbox 317 3227 1397 3308; baseline 0.005 -23"><span class='ocrx_word' id='word_1_270' title='bbox 317 3227 378 3285; x_wconf 86' lang='lat' dir='ltr'><strong>siae</strong></span> <span class='ocrx_word' id='word_1_271' title='bbox 396 3231 509 3303; x_wconf 83' lang='lat' dir='ltr'><strong>patres,</strong></span> <span class='ocrx_word' id='word_1_272' title='bbox 532 3230 582 3304; x_wconf 87' lang='lat' dir='ltr'><strong>qui</strong></span> <span class='ocrx_word' id='word_1_273' title='bbox 602 3227 713 3288; x_wconf 88' lang='lat' dir='ltr'><strong>Canoni</strong></span> <span class='ocrx_word' id='word_1_274' title='bbox 731 3229 904 3306; x_wconf 88' lang='lat' dir='ltr'><strong>judaeorum</strong></span> <span class='ocrx_word' id='word_1_275' title='bbox 921 3229 1075 3308; x_wconf 77' lang='lat' dir='ltr'><strong>favebant,</strong></span> <span class='ocrx_word' id='word_1_276' title='bbox 1094 3231 1152 3292; x_wconf 90' lang='lat' dir='ltr'><strong>illis</strong></span> <span class='ocrx_word' id='word_1_277' title='bbox 1171 3230 1270 3291; x_wconf 88' lang='lat' dir='ltr'><strong>verbis</strong></span> <span class='ocrx_word' id='word_1_278' title='bbox 1289 3231 1397 3290; x_wconf 85' lang='lat' dir='ltr'><strong>Hilarii</strong></span> 
     </span>
     <span class='ocr_line' id='line_1_31' title="bbox 317 3325 1401 3404; baseline 0.006 -22"><span class='ocrx_word' id='word_1_279' title='bbox 317 3325 458 3400; x_wconf 88' lang='lat' dir='ltr'><strong>sumptis,</strong></span> <span class='ocrx_word' id='word_1_280' title='bbox 473 3341 548 3402; x_wconf 90' lang='lat' dir='ltr'><strong>quac</strong></span> <span class='ocrx_word' id='word_1_281' title='bbox 565 3327 685 3404; x_wconf 85' lang='lat' dir='ltr'><strong>prologo</strong></span> <span class='ocrx_word' id='word_1_282' title='bbox 698 3343 751 3387; x_wconf 91' lang='lat' dir='ltr'><strong>suo</strong></span> <span class='ocrx_word' id='word_1_283' title='bbox 763 3329 795 3385; x_wconf 90' lang='lat' dir='ltr'><strong>in</strong></span> <span class='ocrx_word' id='word_1_284' title='bbox 808 3327 940 3387; x_wconf 86' lang='lat' dir='ltr'><strong>Psalmos</strong></span> <span class='ocrx_word' id='word_1_285' title='bbox 955 3328 1040 3387; x_wconf 82' lang='lat' dir='ltr'><strong>dixit.</strong></span> <span class='ocrx_word' id='word_1_286' title='bbox 1056 3328 1112 3387; x_wconf 88' lang='lat' dir='ltr'><strong>Hic</strong></span> <span class='ocrx_word' id='word_1_287' title='bbox 1125 3329 1203 3386; x_wconf 88' lang='lat' dir='ltr'><strong>enim</strong></span> <span class='ocrx_word' id='word_1_288' title='bbox 1216 3327 1321 3387; x_wconf 90' lang='lat' dir='ltr'><strong>doctor</strong></span> <span class='ocrx_word' id='word_1_289' title='bbox 1334 3343 1401 3389; x_wconf 88' lang='lat' dir='ltr'><strong>ecn-</strong></span> 
     </span>
     <span class='ocr_line' id='line_1_32' title="bbox 318 3421 1400 3504; baseline 0.006 -24"><span class='ocrx_word' id='word_1_290' title='bbox 318 3427 363 3481; x_wconf 88' lang='lat' dir='ltr'><strong>set</strong></span> <span class='ocrx_word' id='word_1_291' title='bbox 380 3421 528 3482; x_wconf 87' lang='lat' dir='ltr'><strong>Ganonem</strong></span> <span class='ocrx_word' id='word_1_292' title='bbox 547 3423 763 3501; x_wconf 84' lang='lat' dir='ltr'><strong>Scripturarum</strong></span> <span class='ocrx_word' id='word_1_293' title='bbox 787 3429 875 3502; x_wconf 83' lang='lat' dir='ltr'><strong>juxta</strong></span> <span class='ocrx_word' id='word_1_294' title='bbox 895 3425 1033 3503; x_wconf 87' lang='lat' dir='ltr'><strong>judaeos,</strong></span> <span class='ocrx_word' id='word_1_295' title='bbox 1056 3431 1086 3485; x_wconf 87' lang='lat' dir='ltr'><strong>et</strong></span> <span class='ocrx_word' id='word_1_296' title='bbox 1101 3427 1208 3504; x_wconf 84' lang='lat' dir='ltr'><strong>viginti</strong></span> <span class='ocrx_word' id='word_1_297' title='bbox 1230 3426 1306 3485; x_wconf 90' lang='lat' dir='ltr'><strong>duos</strong></span> <span class='ocrx_word' id='word_1_298' title='bbox 1336 3441 1400 3486; x_wconf 81' lang='lat' dir='ltr'><strong>esse</strong></span> 
     </span>
     <span class='ocr_line' id='line_1_33' title="bbox 318 3519 1402 3600; baseline 0.005 -23"><span class='ocrx_word' id='word_1_299' title='bbox 318 3519 378 3595; x_wconf 90' lang='lat' dir='ltr'><strong>alt,</strong></span> <span class='ocrx_word' id='word_1_300' title='bbox 393 3536 466 3596; x_wconf 88' lang='lat' dir='ltr'><strong>quos</strong></span> <span class='ocrx_word' id='word_1_301' title='bbox 480 3537 591 3580; x_wconf 88' lang='lat' dir='ltr'><strong>vanum</strong></span> <span class='ocrx_word' id='word_1_302' title='bbox 605 3528 649 3581; x_wconf 89' lang='lat' dir='ltr'><strong>est</strong></span> <span class='ocrx_word' id='word_1_303' title='bbox 663 3522 893 3600; x_wconf 77' lang='lat' dir='ltr'><strong>bicdescribere.</strong></span> <span class='ocrx_word' id='word_1_304' title='bbox 906 3523 1012 3583; x_wconf 88' lang='lat' dir='ltr'><strong>Videat</strong></span> <span class='ocrx_word' id='word_1_305' title='bbox 1023 3525 1157 3600; x_wconf 83' lang='lat' dir='ltr'><strong>qrrisque,</strong></span> <span class='ocrx_word' id='word_1_306' title='bbox 1171 3523 1250 3599; x_wconf 85' lang='lat' dir='ltr'><strong>quod</strong></span> <span class='ocrx_word' id='word_1_307' title='bbox 1265 3523 1402 3582; x_wconf 89' lang='lat' dir='ltr'><strong>hocloco</strong></span> 
     </span>
     <span class='ocr_line' id='line_1_34' title="bbox 318 3614 1402 3696; baseline 0.005 -22"><span class='ocrx_word' id='word_1_308' title='bbox 318 3614 357 3673; x_wconf 90' lang='lat' dir='ltr'><strong>ad</strong></span> <span class='ocrx_word' id='word_1_309' title='bbox 373 3615 541 3692; x_wconf 89' lang='lat' dir='ltr'><strong>hujusmodi</strong></span> <span class='ocrx_word' id='word_1_310' title='bbox 558 3633 676 3676; x_wconf 90' lang='lat' dir='ltr'><strong>censum</strong></span> <span class='ocrx_word' id='word_1_311' title='bbox 690 3618 792 3678; x_wconf 88' lang='lat' dir='ltr'><strong>doctor</strong></span> <span class='ocrx_word' id='word_1_312' title='bbox 808 3619 955 3679; x_wconf 87' lang='lat' dir='ltr'><strong>inducitur</strong></span> <span class='ocrx_word' id='word_1_313' title='bbox 969 3637 1006 3679; x_wconf 84' lang='lat' dir='ltr'><strong>cx</strong></span> <span class='ocrx_word' id='word_1_314' title='bbox 1025 3619 1152 3695; x_wconf 70' lang='lat' dir='ltr'><strong>madan</strong></span> <span class='ocrx_word' id='word_1_315' title='bbox 1171 3618 1312 3696; x_wconf 87' lang='lat' dir='ltr'><strong>chabaia,</strong></span> <span class='ocrx_word' id='word_1_316' title='bbox 1324 3635 1402 3696; x_wconf 82' lang='lat' dir='ltr'><strong>qnae</strong></span> 
     </span>
     <span class='ocr_line' id='line_1_35' title="bbox 317 3713 1401 3792; baseline 0.004 -22"><span class='ocrx_word' id='word_1_317' title='bbox 317 3713 398 3771; x_wconf 88' lang='lat' dir='ltr'><strong>circa</strong></span> <span class='ocrx_word' id='word_1_318' title='bbox 413 3729 515 3772; x_wconf 83' lang='lat' dir='ltr'><strong>vocam</strong></span> <span class='ocrx_word' id='word_1_319' title='bbox 530 3713 698 3790; x_wconf 82' lang='lat' dir='ltr'><strong>Ogdoadem</strong></span> <span class='ocrx_word' id='word_1_320' title='bbox 717 3718 750 3775; x_wconf 90' lang='lat' dir='ltr'><strong>in</strong></span> <span class='ocrx_word' id='word_1_321' title='bbox 764 3716 890 3776; x_wconf 85' lang='lat' dir='ltr'><strong>Psalmis</strong></span> <span class='ocrx_word' id='word_1_322' title='bbox 904 3716 1072 3792; x_wconf 89' lang='lat' dir='ltr'><strong>reperienda</strong></span> <span class='ocrx_word' id='word_1_323' title='bbox 1088 3722 1160 3776; x_wconf 88' lang='lat' dir='ltr'><strong>erat.</strong></span> <span class='ocrx_word' id='word_1_324' title='bbox 1180 3716 1226 3775; x_wconf 83' lang='lat' dir='ltr'><strong>Ex</strong></span> <span class='ocrx_word' id='word_1_325' title='bbox 1245 3716 1302 3775; x_wconf 86' lang='lat' dir='ltr'><strong>hac</strong></span> <span class='ocrx_word' id='word_1_326' title='bbox 1320 3719 1401 3775; x_wconf 89' lang='lat' dir='ltr'><strong>enim</strong></span> 
     </span>
     <span class='ocr_line' id='line_1_36' title="bbox 317 3811 1399 3892; baseline 0.004 -24"><span class='ocrx_word' id='word_1_327' title='bbox 317 3811 443 3887; x_wconf 90' lang='lat' dir='ltr'><strong>mystica</strong></span> <span class='ocrx_word' id='word_1_328' title='bbox 459 3811 646 3886; x_wconf 88' lang='lat' dir='ltr'><strong>dispositione</strong></span> <span class='ocrx_word' id='word_1_329' title='bbox 658 3813 790 3874; x_wconf 85' lang='lat' dir='ltr'><strong>hebraeis</strong></span> <span class='ocrx_word' id='word_1_330' title='bbox 802 3821 916 3874; x_wconf 89' lang='lat' dir='ltr'><strong>tantum</strong></span> <span class='ocrx_word' id='word_1_331' title='bbox 929 3815 1133 3892; x_wconf 81' lang='lat' dir='ltr'><strong>satisfaciente,</strong></span> <span class='ocrx_word' id='word_1_332' title='bbox 1147 3816 1253 3873; x_wconf 87' lang='lat' dir='ltr'><strong>transit</strong></span> <span class='ocrx_word' id='word_1_333' title='bbox 1267 3814 1306 3874; x_wconf 89' lang='lat' dir='ltr'><strong>nd</strong></span> <span class='ocrx_word' id='word_1_334' title='bbox 1319 3831 1399 3874; x_wconf 91' lang='lat' dir='ltr'><strong>com·</strong></span> 
     </span>
     <span class='ocr_line' id='line_1_37' title="bbox 317 3908 1398 3988; baseline 0.005 -22"><span class='ocrx_word' id='word_1_335' title='bbox 317 3908 497 3984; x_wconf 87' lang='lat' dir='ltr'><strong>putationem</strong></span> <span class='ocrx_word' id='word_1_336' title='bbox 516 3909 656 3970; x_wconf 88' lang='lat' dir='ltr'><strong>libromm</strong></span> <span class='ocrx_word' id='word_1_337' title='bbox 675 3920 724 3970; x_wconf 79' lang='lat'><strong>22.</strong></span> <span class='ocrx_word' id='word_1_338' title='bbox 749 3927 898 3972; x_wconf 85' lang='lat' dir='ltr'><strong>sacrorum</strong></span> <span class='ocrx_word' id='word_1_339' title='bbox 905 3917 992 3988; x_wconf 81' lang='lat' dir='ltr'><strong>juxta</strong></span> <span class='ocrx_word' id='word_1_340' title='bbox 1010 3911 1141 3986; x_wconf 88' lang='lat' dir='ltr'><strong>eosdem,</strong></span> <span class='ocrx_word' id='word_1_341' title='bbox 1156 3917 1186 3970; x_wconf 88' lang='lat' dir='ltr'><strong>et</strong></span> <span class='ocrx_word' id='word_1_342' title='bbox 1201 3914 1233 3970; x_wconf 92' lang='lat' dir='ltr'><strong>in</strong></span> <span class='ocrx_word' id='word_1_343' title='bbox 1250 3910 1310 3970; x_wconf 89' lang='lat' dir='ltr'><strong>line</strong></span> <span class='ocrx_word' id='word_1_344' title='bbox 1330 3911 1398 3971; x_wconf 91' lang='lat' dir='ltr'><strong>sub-</strong></span> 
     </span>
     <span class='ocr_line' id='line_1_38' title="bbox 315 4006 1396 4086; baseline 0.004 -22"><span class='ocrx_word' id='word_1_345' title='bbox 315 4007 431 4081; x_wconf 85' lang='lat' dir='ltr'><strong>jungit:</strong></span> <span class='ocrx_word' id='word_1_346' title='bbox 451 4006 659 4078; x_wconf 75' lang='lat' dir='ltr'><strong>«Quibusdam</strong></span> <span class='ocrx_word' id='word_1_347' title='bbox 679 4015 777 4068; x_wconf 86' lang='lat' dir='ltr'><strong>autam</strong></span> <span class='ocrx_word' id='word_1_348' title='bbox 799 4011 896 4070; x_wconf 88' lang='lat' dir='ltr'><strong>visum</strong></span> <span class='ocrx_word' id='word_1_349' title='bbox 915 4015 979 4086; x_wconf 88' lang='lat' dir='ltr'><strong>est,</strong></span> <span class='ocrx_word' id='word_1_350' title='bbox 1000 4009 1106 4068; x_wconf 87' lang='lat' dir='ltr'><strong>additis</strong></span> <span class='ocrx_word' id='word_1_351' title='bbox 1126 4008 1219 4068; x_wconf 83' lang='lat' dir='ltr'><strong>Tabia</strong></span> <span class='ocrx_word' id='word_1_352' title='bbox 1234 4013 1265 4068; x_wconf 92' lang='lat' dir='ltr'><strong>et</strong></span> <span class='ocrx_word' id='word_1_353' title='bbox 1281 4009 1396 4086; x_wconf 85' lang='lat' dir='ltr'><strong>Judith,</strong></span> 
     </span>
    </p>
   </div>
   <div class='ocr_carea' id='block_1_3' title="bbox 219 4183 1395 4360">
    <p class='ocr_par' dir='ltr' id='par_1_5' title="bbox 219 4183 1395 4360">
     <span class='ocr_line' id='line_1_39' title="bbox 219 4183 1395 4284; baseline 0.004 -21"><span class='ocrx_word' id='word_1_354' title='bbox 219 4183 225 4198; x_wconf 43' lang='grc' dir='ltr'><strong><em>ι</em></strong></span> <span class='ocrx_word' id='word_1_355' title='bbox 344 4211 379 4275; x_wconf 89' lang='grc'><strong>(1)</strong></span> <span class='ocrx_word' id='word_1_356' title='bbox 396 4215 453 4278; x_wconf 86' lang='lat' dir='ltr'><strong>Sap.</strong></span> <span class='ocrx_word' id='word_1_357' title='bbox 464 4218 553 4266; x_wconf 69' lang='lat' dir='ltr'><strong>cdliii.</strong></span> <span class='ocrx_word' id='word_1_358' title='bbox 567 4223 589 4268; x_wconf 83' lang='lat'><strong>5.</strong></span> <span class='ocrx_word' id='word_1_359' title='bbox 598 4243 628 4254; x_wconf 94' lang='lat'>-</span> <span class='ocrx_word' id='word_1_360' title='bbox 639 4217 674 4281; x_wconf 86' lang='lat'><strong>(2)</strong></span> <span class='ocrx_word' id='word_1_361' title='bbox 690 4219 750 4268; x_wconf 85' lang='lat' dir='ltr'><strong>Tob.</strong></span> <span class='ocrx_word' id='word_1_362' title='bbox 762 4221 840 4270; x_wconf 79' lang='lat' dir='ltr'><strong>exn.</strong></span> <span class='ocrx_word' id='word_1_363' title='bbox 854 4225 890 4272; x_wconf 78' lang='lat'><strong>15.</strong></span> <span class='ocrx_word' id='word_1_364' title='bbox 902 4218 1051 4284; x_wconf 76' lang='lat' dir='ltr'><strong>-(a)1‹20ci.</strong></span> <span class='ocrx_word' id='word_1_365' title='bbox 1064 4220 1239 4271; x_wconf 75' lang='lat' dir='ltr'><strong>cxxiiiias.</strong></span> <span class='ocrx_word' id='word_1_366' title='bbox 1253 4246 1283 4259; x_wconf 89' lang='lat'><em>-</em></span> <span class='ocrx_word' id='word_1_367' title='bbox 1293 4218 1329 4284; x_wconf 83' lang='grc'><strong>(4)</strong></span> <span class='ocrx_word' id='word_1_368' title='bbox 1340 4222 1395 4269; x_wconf 83' lang='lat' dir='ltr'><strong>Eoo.</strong></span> 
     </span>
     <span class='ocr_line' id='line_1_40' title="bbox 317 4295 784 4360; baseline 0.004 -14"><span class='ocrx_word' id='word_1_369' title='bbox 317 4305 338 4343; x_wconf 56' lang='lat' dir='ltr'><strong>c,</strong></span> <span class='ocrx_word' id='word_1_370' title='bbox 351 4295 415 4344; x_wconf 83' lang='lat' dir='ltr'><strong>liiii.</strong></span> <span class='ocrx_word' id='word_1_371' title='bbox 430 4299 451 4345; x_wconf 87' lang='lat'><strong>1.</strong></span> <span class='ocrx_word' id='word_1_372' title='bbox 464 4320 494 4334; x_wconf 92' lang='lat'>-</span> <span class='ocrx_word' id='word_1_373' title='bbox 504 4295 538 4360; x_wconf 77' lang='lat' dir='ltr'><strong>(t)</strong></span> <span class='ocrx_word' id='word_1_374' title='bbox 549 4299 611 4350; x_wconf 83' lang='lat' dir='ltr'><strong>Mac.</strong></span> <span class='ocrx_word' id='word_1_375' title='bbox 624 4306 647 4350; x_wconf 85' lang='lat' dir='ltr'><strong>z.</strong></span> <span class='ocrx_word' id='word_1_376' title='bbox 661 4311 682 4348; x_wconf 90' lang='lat' dir='ltr'><strong>e.</strong></span> <span class='ocrx_word' id='word_1_377' title='bbox 695 4300 750 4348; x_wconf 86' lang='lat' dir='ltr'><strong>vti.</strong></span> <span class='ocrx_word' id='word_1_378' title='bbox 762 4306 784 4349; x_wconf 84' lang='lat'><strong>9.</strong></span> 
     </span>
    </p>
   </div>
   <div class='ocr_carea' id='block_1_4' title="bbox 0 0 1486 5174">
    <p class='ocr_par' dir='ltr' id='par_1_6' title="bbox 0 0 1486 5174">
     <span class='ocr_line' id='line_1_41' title="bbox 0 0 1486 5174; baseline 0 0"><span class='ocrx_word' id='word_1_379' title='bbox 0 0 1486 5174; x_wconf 95' lang='lat' dir='ltr'><strong> </strong></span> 
     </span>
    </p>
   </div>
  </div>
 </body>
</html>
