3022 5178
777 401 817 412 -
840 377 896 429 160
917 402 957 412 —

327 485 416 562 pheta
432 486 559 546 securim
576 483 658 560 loco,
677 491 707 543 et
722 484 811 544 sumit
828 487 945 545 initium
966 484 1004 544 ab
1021 487 1074 562 iis,
1094 487 1144 561 qui
1168 485 1228 544 Deo
1248 491 1403 549 consecrati

328 591 408 644 sunt:
431 585 506 638 Katre!
539 585 568 638 τὸ
586 583 717 657 εἰρημένον
740 585 791 638 ἀπὸ
807 588 853 638 τῶν
872 583 950 656 ἁγίων
963 605 1014 656 μου
1030 580 1157 655 ἄρξασθε·
1173 587 1237 649 κου’,
1252 585 1353 638 duraret
1372 591 1409 641 δυ-

329 687 408 746 νατῶς
423 681 617 742 tractio-omn
631 721 639 744 ‚
655 686 675 741 i.
692 700 719 742 e.
735 683 826 743 Juxta
845 683 940 759 iliud,
957 682 1036 759 quod
1057 682 1169 742 dictrrm
1185 689 1249 758 est,
1270 699 1289 742 a
1306 687 1409 744 sanctis

329 783 403 840 meIs
412 783 564 857 incipite.»
581 781 619 841 Et
627 781 711 840 iilud:
728 779 766 857 (i)
783 781 935 840 «Potentes
947 787 1079 856 potenter
1089 787 1280 857 arguentur.»
1295 779 1409 856 Capvr.

331 879 424 938 Isaiae
441 879 634 938 Ecclesiastici
646 879 754 938 librum
772 879 898 954 appellat
911 878 1039 937 scribens
1053 881 1084 936 in
1100 879 1160 937 illis
1170 879 1271 938 verbis
1292 867 1412 954 Prophe

330 981 397 1034 tae:
418 975 603 1035 «Prudentes
617 979 649 1034 in
669 994 700 1036 se
714 979 823 1052 ipsis.»
843 1021 850 1034 .
871 1002 883 1026 «ι
897 975 964 1034 Non
982 981 1045 1051 est,
1059 978 1175 1052 inquit,
1191 975 1227 1034 de
1241 976 1290 1033 his
1303 981 1413 1034 tantum

332 1075 547 1151 accipiendum,
563 1077 613 1151 qui
633 1075 708 1150 sIbI,
724 1090 799 1152 quae
812 1080 912 1133 tamen
925 1077 1084 1152 ignorant,
1103 1075 1177 1132 scire
1195 1073 1347 1150 videntur,
1367 1073 1414 1134 sed

331 1171 368 1229 de
384 1170 431 1230 his
451 1176 558 1248 etiam,
580 1176 631 1249 qui
652 1175 790 1232 scientiae
814 1173 924 1233 donum
946 1175 1061 1248 sortiti,
1083 1179 1193 1232 ceteros
1215 1175 1282 1248 ejus
1300 1174 1411 1246 partici-

332 1285 382 1343 pes
393 1285 453 1328 non
467 1271 593 1330 faciunt:
610 1271 694 1344 Σοφία
707 1271 758 1344 γάρ
774 1270 944 1344 κεκρυμμένον,
959 1273 1004 1324 καί
1021 1268 1156 1343 θησαυρός
1171 1269 1275 1343 ἀφανής
1294 1269 1335 1330 τίς
1359 1267 1414 1342 ὤφε-

334 1365 380 1420 aia
395 1370 420 1422 ἐν
437 1367 927 1446 ἀμφοτέροιςί.ο.8υρίθυῑίο(ν)ουὶω
936 1369 1148 1446 abscondita,et
1159 1367 1317 1427 thesaurus
1326 1365 1413 1424 octul-

335 1476 401 1544 tus,
417 1483 491 1545 quae
505 1469 615 1527 utilitas
628 1471 660 1526 in
678 1470 830 1544 utrisque?
843 1493 855 1520 s
872 1469 907 1526 ln
921 1485 956 1527 ea
968 1467 1059 1526 verba
1070 1466 1164 1526 Isaiae
1174 1482 1239 1541 cap.
1261 1481 1309 1522 v1.
1330 1453 1413 1523 «Vidi

335 1567 494 1628 Dominum
520 1566 678 1625 sedentem.
703 1567 788 1640 Quod
806 1574 904 1626 antem
932 1567 1080 1626 sedentem
1098 1565 1188 1640 facit,
1205 1565 1309 1622 statim
1331 1568 1359 1620 et
1373 1561 1414 1620 iir-
1486 1623 1487 1642 2

336 1681 418 1723 mum
435 1665 569 1723 eumdem
588 1665 732 1723 bonorum
742 1671 872 1724 tenorem
889 1664 1010 1740 indicat,
1025 1667 1067 1722 sic
1085 1670 1114 1722 et
1125 1662 1221 1723 David
1234 1665 1310 1737 ipse:
1324 1659 1413 1719 -Deus
1486 1659 1487 1734 i

336 1762 487 1821 inihwni)
501 1768 601 1822 sancto
618 1778 672 1820 SUO
689 1759 870 1821 sedek-Kar*
885 1761 1012 1838 Ἱερεμίας
1023 1760 1062 1817 ὅτι
1080 1763 1113 1816 σύ
1132 1758 1279 1832 καθήμενος
1306 1759 1348 1812 τόν
1364 1758 1416 1812 αι’ῶ-
1486 1737 1487 1784 3

336 1862 437 1922 νομαὶ
452 1862 529 1933 ἡμεῖς
545 1859 720 1931 ἀπολλύμενοι
738 1861 782 1914 τόν
797 1861 900 1937 αἰῶνα,
915 1865 936 1920 ἰ,
952 1879 978 1920 e.
1001 1861 1037 1920 Et
1057 1862 1218 1920 Hieremias
1234 1861 1275 1937 (3)
1294 1859 1364 1934 (hoc
1379 1867 1415 1922 est
1486 1931 1487 1938 ρ

340 1959 466 2035 Barueh)
482 1961 621 2036 quoniam
632 1967 664 2019 tu
677 1961 780 2020 sedens
793 1963 826 2018 in
838 1963 1088 2035 sempiternum,et
1101 1977 1154 2019 nos
1167 1966 1323 2035 pereuntes
1336 1960 1366 2016 In
1378 1974 1416 2018 ae
1486 1987 1487 2042 }

338 2075 421 2117 vum.
439 2083 451 2108 ο
469 2057 598 2134 Caput.
616 2075 651 2117 ea
668 2059 759 2118 verba
776 2061 980 2135 interpretatus
995 2059 1105 2117 Isaiae:
1121 2084 1132 2108 «
1145 2058 1320 2134 Gigantem,
1330 2055 1415 2116 Robu-

339 2163 436 2230 stum,
455 2156 648 2232 Bellatorem,
675 2156 829 2232 Iudicem,
854 2155 1030 2231 Prophetam
1049 2163 1105 2215 etc.
1126 2157 1237 2215 auferet
1260 2155 1412 2214 Dominus:
1486 2191 1487 2210 2

341 2255 447 2312 ·Haec
464 2257 564 2313 omnia
578 2261 646 2314 ante
663 2255 824 2314 Salvatoris
843 2255 1020 2331 adventum,
1036 2255 1124 2313 finem
1136 2271 1222 2314 suum
1239 2269 1414 2331 nequaquam
1486 2235 1487 2248 ¹

340 2367 404 2410 esse
419 2357 575 2411 consecuta
588 2359 788 2429 monstratur,
803 2369 871 2411 cum
885 2359 952 2412 ante
972 2353 1154 2412 obsidionem
1165 2353 1347 2429 permultos,
1361 2357 1416 2426 post

342 2452 537 2508 reversionem
552 2465 612 2508 non
629 2466 759 2527 paucos,
776 2456 805 2509 et
824 2450 1005 2526 Prophetas,
1025 2458 1054 2510 et
1071 2451 1339 2524 administratores,
1351 2447 1414 2506 mul·
1486 2464 1487 2482 ν

341 2553 387 2605 tos
402 2549 473 2606 item
489 2549 590 2623 populi
602 2549 716 2624 judices
741 2554 852 2607 certum
874 2551 912 2608 sii
936 2549 1089 2608 habuisse:
1106 2549 1149 2602 Ἑν
1163 2551 1210 2620 μὲν
1226 2549 1281 2622 γάρ
1297 2545 1415 2611 Βαβυλῶνι

341 2645 441 2704 hartrih
458 2645 533 2718 κρίνει
544 2648 604 2709 τούς
618 2645 819 2720 πρεσβυτέρους,
836 2650 904 2715 μετὰ
925 2647 950 2702 δὲ
966 2648 1085 2702 ἐπάνοδον
1107 2643 1138 2707 ἦν
1149 2647 1253 2710 Ἰησοῦς
1266 2687 1270 2697 .
1282 2689 1303 2700 ..
1318 2645 1361 2700 καὶ
1381 2665 1415 2696 συ·

341 2741 424 2800 νετοῖς
440 2739 465 2791 δέ
476 2737 661 2812 πρεσβυτέροις
677 2743 867 2811 διεκοσμοῦντο·
878 2742 923 2794 καὶ
939 2738 1038 2811 α’γαθοί
1055 2741 1080 2794 δὲ
1096 2740 1275 2812 rabanum?
1286 2737 1352 2792 κοντοὶ
1365 2737 1414 2796 τους

342 2828 532 2894 hierichunta,
548 2830 665 2901 ἐγένοντο
677 2833 810 2906 χρόνους,
829 2834 851 2889 i.
870 2848 897 2890 e.
918 2833 953 2890 In
970 2831 1120 2909 Babylone
1139 2832 1257 2908 quidem
1271 2829 1369 2890 Daniel
1382 2826 1412 2902 (4)
1486 2878 1487 2912 ρ

338 2926 453 3001 jndicat
469 2930 618 3003 seniores3
639 2934 705 3002 post
725 2935 822 2988 antem
842 2928 967 2987 redimm
983 2929 1039 2987 fuit
1058 2929 1216 2988 Iesus...
1232 2925 1414 2987 Prudentibus
1486 2927 1487 2994 ζ

342 3027 506 3086 senioribus
525 3027 653 3087 decorati
674 3034 777 3104 erant;
799 3032 902 3105 optimi
932 3036 1028 3088 antem
1050 3028 1203 3088 bellatores
1225 3029 1344 3088 inerunt
1361 3024 1413 3082 Ma·
1486 3007 1487 3078 i

343 3125 508 3186 chabaeoru
558 3127 776 3202 temporibus.»
796 3127 859 3186 Hoc
884 3130 916 3184 in
941 3129 1022 3204 loco,
1047 3134 1076 3186 et
1093 3127 1243 3186 Susannae
1262 3133 1292 3186 et
1312 3123 1415 3183 Macha-
1486 3119 1487 3122 ’

343 3224 483 3283 baeorum
501 3143 666 3300 §taphnae
686 3225 719 3284 fit
736 3228 855 3284 mentio.
869 3226 982 3284 Pariter
993 3243 1056 3301 cap.
1075 3236 1119 3283 nr.
1136 3227 1240 3301 Isaiae,
1260 3220 1413 3282 Machebai·
1486 3255 1487 3294 t

347 3339 382 3381 ca
399 3322 522 3380 hIstoria
538 3325 694 3399 suscipimr
710 3325 743 3381 in
761 3324 821 3382 illis
840 3323 955 3382 verbis:
974 3323 1125 3382 «Graecos
1145 3323 1183 3382 ab
1200 3323 1348 3381 occidente
1368 3317 1413 3374 dis
1485 3337 1487 3354 ⁴

346 3420 455 3494 sipabit
467 3419 623 3497 Dominus,
640 3423 691 3496 qui
704 3420 847 3480 devorant
863 3421 953 3480 lsrael
970 3427 1032 3480 toto
1048 3438 1112 3480 ore:
1131 3447 1144 3471 »
1154 3421 1244 3479 Juxta
1257 3417 1412 3494 Septuagin·
1486 3414 1487 3500 i

346 3523 378 3575 ta
396 3520 570 3577 versionem.
590 3519 690 3596 Inquit
706 3521 802 3578 enim:
822 3523 920 3583 «Cum
941 3520 1080 3580 adversus
1098 3518 1225 3596 Aegypti
1245 3533 1341 3594 regem
1357 3511 1413 3571 Pto·
1486 3596 1487 3604 ρ

347 3623 492 3682 Iomaeum
505 3625 659 3684 infeliciter
672 3630 831 3702 pugnasset
841 3618 1020 3696 Antiochus,
1035 3625 1168 3694 acceptae
1183 3617 1275 3676 cladis
1293 3613 1413 3674 solatium
1486 3624 1487 3700 J

347 3722 522 3798 arbitratus,
545 3724 657 3801 siquid
675 3726 706 3780 in
720 3723 843 3799 judaeos
863 3721 1000 3795 auderet,
1021 3724 1107 3793 capta
1120 3718 1246 3793 regionis
1263 3713 1334 3774 urbe
1346 3710 1412 3785 prin·
1486 3762 1487 3818 ρ

347 3821 423 3895 cipe,
437 3822 603 3897 temploque
617 3822 757 3898 sacrilege
777 3821 913 3896 spoliato,
933 3819 1055 3896 Lysiam
1072 3815 1114 3873 ibi
1130 3814 1234 3873 ducem
1252 3808 1408 3889 praefecit.»
1486 3862 1487 3900 ,

348 3917 445 3977 Verba
463 3918 566 3978 Iudith
593 3921 691 3978 retulit
719 3935 783 3995 cap.
804 3935 871 3976 xvi.
893 3918 987 3975 Isaiae
1004 3915 1177 3973 vaticinium
1202 3910 1409 3986 interpretatus:
1486 3927 1487 3945 .

352 4017 498 4093 «aspreta
517 4025 562 4078 est
576 4026 655 4078 terra
668 4017 959 4078 abhominationibus
980 4031 1100 4090 opemm
1121 4028 1263 4072 manuum
1284 4020 1407 4068 eorum-r

376 4235 411 4296 (l)
427 4237 484 4297 Sap.
496 4247 519 4282 c.
530 4235 573 4281 VI.
585 4237 608 4282 7.
625 4257 655 4268 -
672 4229 706 4290 (ai
725 4230 789 4280 itaci.
802 4245 824 4278 c.
836 4231 888 4278 XX.
904 4235 941 4278 32.
962 4253 993 4265 —
1010 4227 1044 4291 (3)
1057 4227 1111 4275 Bar.
1125 4237 1148 4273 c.
1169 4225 1213 4272 III.
1232 4229 1253 4274 ³.
1269 4247 1297 4259 -
1308 4216 1339 4280 (i)
1358 4213 1408 4261 Dii·

351 4329 365 4362 c
386 4315 452 4364 XIII.
