3022 5178
526 349 706 400 -201—

89 473 131 516 cra
145 454 292 531 Scriptura
307 454 445 516 admonet
461 455 575 516 dicens:
593 489 605 500 ·
622 457 688 516 Non
704 459 790 516 iteres
809 455 929 518 verbum
952 460 982 516 in
996 460 1155 518 orationem

89 555 171 628 Quam
189 555 356 628 saepissime
376 553 533 630 Gregorius
553 555 704 614 sententiis
721 571 759 612 cx
779 553 973 614 Ecclesiastici
995 562 1024 614 et
1042 555 1160 631 Sapien-

88 653 137 710 tiae
160 650 242 710 libris
269 651 427 726 desumptis
454 654 484 710 in
519 655 721 712 auctoritatem
740 654 843 712 utitur.
865 653 900 712 In
920 660 1002 728 parte
1021 656 1107 712 tertia
1125 654 1162 714 da

87 752 182 808 summi
199 749 343 824 pontilicis
360 749 499 824 pastorali
520 766 591 810 cura
608 751 806 810 admonitione
820 767 887 808 xxr.
906 757 1018 825 praeter
1032 751 1104 810 alios
1118 768 1162 812 sa·

86 863 141 904 cros
157 846 258 921 libros,
274 847 382 906 Tobiae
399 847 490 906 verba
506 846 543 922 (1)
561 847 599 906 ad
615 847 710 909 lilium
727 864 813 908 suum
832 847 951 923 colligit:
973 874 985 898 ιι
997 848 1040 906 Ne
1055 848 1160 908 saltem

87 944 186 1020 aliquid
202 945 378 1021 praebcant,
398 945 504 1021 quibus
517 948 637 1005 omnino
655 947 787 1005 conferre
804 946 878 1005 nihil
892 946 1017 1022 debent,
1039 947 1162 1010 audiant

85 1043 147 1118 quid
163 1046 320 1118 scriptino:
335 1056 350 1087 -’
359 1043 468 1102 Panem
484 1049 584 1119 tuum,
610 1051 639 1103 et
661 1046 763 1103 vinum
785 1060 871 1120 super
893 1045 1070 1119 sepulturam
1086 1048 1159 1120 justi

85 1143 232 1216 constitue,
247 1147 277 1200 ct
292 1141 352 1200 noli
365 1158 402 1200 ex
420 1158 454 1200 eo
472 1141 667 1217 manducare,
684 1148 712 1201 et
726 1142 825 1202 bibere
843 1159 909 1202 curn
924 1141 1154 1216 peccatoribus.»

84 1237 161 1297 Libro
179 1255 218 1296 11.
238 1237 421 1314 dialogorum
438 1255 503 1314 cap.
519 1257 602 1298 xxrr.
623 1239 659 1300 de
678 1242 846 1315 visionum,
868 1255 942 1316 quae
961 1245 1051 1298 noctu
1070 1239 1158 1316 liunt,

86 1335 265 1410 possibilitate
275 1336 431 1412 disserens,
442 1339 493 1394 ait:
509 1335 602 1408 «Quid
612 1343 656 1396 est
668 1337 746 1413 quod
756 1343 942 1413 perscrutans
951 1339 993 1396 rei
1007 1343 1105 1412 gestae
1117 1353 1162 1394 or-

85 1431 171 1492 dinem
188 1433 313 1508 ambigis
330 1435 436 1508 pater?
453 1434 558 1510 Liquet
574 1433 704 1510 prolecto
716 1437 786 1512 quia
799 1434 960 1494 mobilioris
976 1441 1098 1493 naturae
1115 1442 1160 1492 est

86 1529 212 1608 Spiritus,
236 1548 327 1607 quarn
344 1547 469 1608 corpus,
488 1539 517 1592 et
536 1538 613 1592 certa
631 1531 781 1607 Scriptura
806 1538 879 1592 teste
898 1534 1057 1607 novimus,
1080 1533 1159 1609 quod

86 1626 217 1703 Pmpheta
233 1627 420 1703 (Habacuch)
436 1646 473 1688 ex
485 1629 597 1688 Judaea
611 1629 791 1704 sublevatus,
808 1637 925 1704 repente
936 1637 980 1689 est
990 1647 1057 1688 cum
1071 1647 1159 1706 pran-

89 1723 128 1782 dio
145 1727 174 1784 in
190 1725 338 1786 Chaldaea
351 1725 518 1801 depositus,
539 1744 597 1803 quo
622 1726 758 1786 videlicet
775 1727 898 1804 prandio
920 1726 1095 1802 Prophetam
1114 1744 1158 1786 re·

87 1821 159 1897 lacit,
179 1839 268 1900 aeque
286 1827 401 1898 repente
419 1825 450 1880 in
476 1824 589 1884 iudaea
610 1827 717 1883 iterum
737 1826 859 1883 invenit.
876 1849 888 1875 »
912 1825 1065 1884 Lectorcm
1084 1831 1158 1884 atta·

90 1935 147 1978 men
165 1922 257 1981 celare
281 1937 393 1997 nequeo
415 1922 559 1997 quidquid
575 1923 662 1981 divus
680 1923 838 2000 Gregorius
852 1924 883 1980 in
901 1922 990 1981 libros
1005 1923 1162 1982 Moralium

89 2031 118 2074 er
136 2021 224 2094 capite
244 2037 365 2078 xxvrrr.
384 2021 461 2080 beati
483 2020 559 2095 lob,
587 2022 721 2094 exposuit
738 2019 774 2077 de
792 2018 1039 2078 Macbabaeorum
1057 2019 1159 2096 libris,

90 2116 123 2172 sic
139 2118 212 2176 enim
229 2118 350 2178 scribit:
373 2143 385 2170 o
404 2119 446 2180 Dc
461 2135 520 2194 qua
535 2134 567 2176 re
579 2133 639 2174 non
653 2116 818 2174 inordinate
845 2118 959 2192 agimus
978 2118 1003 2174 si
1023 2133 1060 2174 ex
1076 2116 1159 2175 libris

90 2210 145 2270 licet
160 2216 398 2292 nonGanonicis,
418 2216 470 2274 sed
483 2222 582 2276 tamen
597 2214 635 2274 ad
648 2213 879 2274 aedificationem
900 2213 1046 2272 Ecclesiae
1061 2215 1158 2291 editis,

89 2310 253 2382 proleramus
270 2320 325 2373 etc.
343 2315 423 2372 Haec
435 2312 568 2390 Gregorii
582 2312 672 2372 verba
686 2311 722 2370 de
731 2310 977 2370 Macbabaeorum
990 2310 1074 2370 libris
1092 2328 1159 2387 pro·

87 2405 150 2466 lecto
163 2411 231 2486 quid
253 2411 456 2470 admirationis
475 2413 619 2486 excitant,
646 2410 717 2468 dum
741 2415 844 2484 antea,
868 2415 901 2468 ut
918 2415 963 2468 est
984 2409 1158 2487 probatum,

91 2503 165 2566 libros
177 2508 480 2569 DeuteroGanonicos
493 2508 611 2568 divinae
626 2506 791 2582 Scripturae
804 2507 890 2565 titulo
915 2509 1079 2584 insignivit,
1095 2509 1160 2568 nul-

88 2600 188 2679 lamque
204 2605 402 2666 differentiam
413 2609 509 2665 innuit
524 2609 599 2666 inter
611 2605 726 2664 Priores
747 2612 776 2664 et
792 2604 980 2664 Posteriores.
999 2605 1086 2666 Claro
1104 2622 1156 2665 au·

90 2705 139 2758 lcnr
152 2709 228 2777 patet
240 2704 322 2764 dicta
334 2703 386 2762 illa
395 2720 432 2764 ex
444 2704 617 2780 Hieronymi
628 2703 814 2762 distinctione
831 2717 979 2778 emanare,
994 2719 1084 2780 quam
1099 2706 1160 2780 lpse

89 2797 198 2860 instituit
213 2805 244 2861 in
271 2801 448 2877 praefatione
470 2801 611 2861 librorum
638 2800 821 2876 Salomonis,
838 2818 984 2877 quamque
1001 2801 1159 2880 Gregorius

90 2896 128 2952 uel
143 2900 272 2976 quisquis
288 2901 362 2958 alius
378 2902 409 2956 in
424 2900 478 2958 bos
501 2898 591 2958 libros
609 2898 766 2957 Moralium
790 2899 949 2958 transtulit.
979 2897 1073 2976 Supra
1090 2902 1160 2960 satis

90 2991 268 3072 disceptatum
278 3004 322 3056 est
332 3014 391 3074 qua
402 3000 513 3057 ratione
526 2997 722 3074 Hieronymus
731 2997 892 3056 canonicas
902 2997 1066 3072 Scripturas
1081 2998 1161 3058 Prio-

90 3104 127 3149 res
140 3097 294 3171 appellavit
311 3098 431 3155 seorsim
443 3112 461 3154 a
472 3095 777 3170 Deute1·o·Ganonicis,
799 3111 872 3170 quas
892 3096 1014 3153 minoris
1038 3100 1161 3154 auctori·

90 3191 147 3248 latis
161 3195 335 3253 aestimavit.
353 3195 475 3269 Insuper
493 3193 647 3252 observare
676 3192 747 3252 libet
773 3191 916 3267 quidquid
933 3191 1056 3250 editores
1076 3193 1160 3252 Mau-

90 3287 138 3344 rini
149 3297 296 3352 notarunt:
325 3292 586 3352 “Elucubrationes
607 3291 717 3350 scilicet
735 3293 897 3366 exegeticas
911 3292 942 3348 in
954 3305 1067 3349 sacram
1082 3290 1159 3349 Scri·

90 3388 192 3454 pinnam
205 3406 267 3448 non
282 3406 344 3449 esse
359 3392 400 3448 ita
418 3391 544 3464 genuina
559 3390 653 3448 sancti
668 3389 801 3464 Gregorii
818 3405 925 3464 opera,
944 3394 978 3446 ut
995 3389 1090 3446 omnis
1111 3389 1156 3444 in·

90 3483 276 3557 terpouuonis
294 3494 425 3562 expertes
442 3489 536 3545 sint.»

122 3583 246 3646 Paterius
259 3595 288 3648 et
301 3587 418 3648 alulfus
433 3587 565 3664 Gregorii
577 3589 707 3664 ejusdem
720 3588 854 3664 discipuli
868 3587 962 3650 Biblia
980 3591 1086 3647 vetoris
1100 3588 1160 3646 foe·

91 3677 156 3740 deris
172 3684 455 3752 Dantem-Canopica
473 3685 637 3762 scripturae
656 3689 774 3746 nomine
794 3686 929 3746 decorata
946 3688 1084 3746 citarunt.

124 3778 148 3852 S.
170 3782 205 3841 V.
227 3785 314 3844 Initio
336 3785 443 3843 saeculi
460 3787 594 3861 septimi,-
613 3783 726 3860 Hispali
750 3788 916 3861 episcopatu
937 3785 1092 3844 defunctus
1111 3791 1156 3844 est

92 3883 198 3940 saneim
215 3881 354 3941 Isidorus.
388 3883 447 3942 Istc
464 3887 606 3958 quantum
627 3885 754 3942 scientiis
782 3883 911 3958 ejusdem
933 3887 1036 3942 aetatis
1058 3887 1160 3943 ceteris

92 3980 252 4044 praestiterit
269 3986 298 4040 et
314 3987 480 4040 sanctorum
494 3979 635 4040 librorum
648 3983 895 4056 interpretatione,
911 3996 945 4039 ac
958 3981 1160 4041 Ecclesiastico

93 4072 254 4154 eruditione,
276 4081 371 4140 esuis
393 4080 506 4155 scriptis
523 4083 647 4138 constat.
668 4077 728 4137 Nos
748 4095 818 4138 vero
834 4085 947 4138 tantum
967 4078 1006 4138 ad
1026 4095 1088 4138 rem
1107 4093 1159 4136 no·

117 4261 146 4324 (1)
157 4267 214 4318 Tob.
234 4285 255 4322 c.
267 4273 310 4321 lv.
