3094 5184
563 391 721 441 -pp-

102 493 221 554 brorum
235 495 419 572 proferebant
436 495 548 556 codices
564 498 600 557 ab
615 499 677 574 ipso
692 497 816 575 Origene
830 500 967 560 elaborati
985 544 993 577 ,
1024 507 1053 560 et
1067 503 1179 580 vulgati

101 591 139 651 ab
160 590 285 653 Eusebio
305 601 333 655 et
350 591 506 670 Pamphilo
528 595 605 670 (ute
625 595 723 696 codice
742 613 811 674 syro
831 596 1039 676 Eslronphelo,
1065 599 1101 658 de
1121 615 1179 676 quo

99 695 188 766 post,
210 691 287 749 clarc
307 691 447 768 educitur)
470 693 713 768 quemadmodum
734 697 821 753 etiam
842 696 918 754 idem
938 713 1076 756 numerus
1090 697 1178 756 libro-

7 833 8 868 ,
99 803 169 846 rum
189 805 208 847 a
228 787 406 866 Hieronymo
434 789 498 865 (etsi
517 789 656 850 Deuteros
676 793 797 850 minoris
817 792 907 852 iactat
933 795 1123 871 auctoritatis)
1148 799 1178 854 et

98 885 138 946 ab
158 885 326 963 Augustino
343 890 488 946 statuitur.
512 887 588 962 Quid
614 905 683 964 ergo
710 905 746 947 ex
771 889 817 948 his
841 889 1092 966 disquisitionibus
1121 894 1176 952 erit

7 1027 11 1064 ,
98 984 340 1061 conjiciendum?
368 983 533 1044 Praedictas
554 987 663 1045 scilicet
682 985 842 1046 Bibliorum
863 989 1002 1048 editiones
1024 993 1175 1068 antiquam

97 1083 279 1160 vulgatam,
302 1085 331 1141 et
350 1083 471 1142 alteram
492 1083 529 1142 ab
549 1083 673 1161 Origene
686 1085 856 1163 conflatam,
871 1089 933 1145 sive
948 1103 1093 1165 graecam,
1116 1091 1178 1148 slve

9 1221 12 1235 .
98 1181 223 1240 latinam
245 1183 424 1257 sumpseris,
450 1183 597 1240 continere
616 1185 723 1258 scripta
743 1181 989 1243 Proto-Canonlca
1008 1187 1116 1260 pariter
1143 1203 1178 1246 ac

98 1261 415 1354 Dantem-Canonica,
445 1285 477 1338 et
504 1295 657 1339 numerum
677 1287 792 1340 tantum
813 1290 852 1340 44
873 1279 1035 1360 librorum,
1056 1299 1106 1342 seu
1126 1283 1179 1344 Ca·

7 1421 14 1448 ,
98 1391 210 1434 nonem
227 1377 253 1436 ‘a
269 1375 552 1453 tridentinusynodo
567 1375 727 1437 firmatum.

7 1451 15 1547 ζ
145 1473 305 1550 Hucusque
325 1476 445 1550 aetatis,
466 1473 544 1551 quod
564 1473 707 1552 disserui,
727 1485 916 1536 monumenta
936 1493 1050 1554 quoque
1069 1477 1178 1538 testan-

11 1552 15 1560 ’
95 1577 158 1632 tur.
180 1571 279 1631 Codex
299 1571 453 1656 (tuisianus
472 1573 583 1631 Romae
603 1580 728 1649 quatuor
752 1575 913 1650 Prophetas
934 1581 1059 1652 majores
1085 1580 1181 1636 conti-

95 1685 174 1729 nens
195 1668 313 1728 exbibet
331 1675 444 1728 textum
464 1669 628 1746 exoptarem
643 1669 775 1747 Origenis
788 1689 854 1730 cum
869 1671 959 1732 obelis
978 1680 1006 1732 et
1021 1675 1174 1735 asteriscis.

96 1767 164 1827 Hoc
183 1769 217 1825 in
236 1767 333 1826 codice
352 1767 408 1826 sub
426 1767 528 1826 iisdem
547 1772 624 1827 notis
645 1769 781 1845 leguntur
801 1771 873 1848 liber
896 1763 1034 1849 B'aruch,
1076 1779 1104 1832 et
1123 1773 1178 1832 Da-

96 1865 186 1924 nielis
207 1861 404 1924 additamenta
417 1865 517 1924 eodem
531 1866 654 1942 ordine,
675 1873 705 1926 et
725 1867 806 1943 locu,
828 1883 886 1946 quo
903 1872 1010 1928 nostris
1033 1873 1063 1928 in
1075 1869 1177 1930 Bibllis

96 1963 410 2038 hodiaobservantur.
433 1963 468 2022 In
489 1963 669 2022 Bibliotheca
689 1965 916 2043 arundelliana,
949 1973 983 2026 ut
1003 1967 1080 2042 apud
1093 1967 1178 2027 Usse-

96 2064 178 2122 rlum
198 2063 230 2118 in
243 2060 433 2138 syntagmate
453 2063 595 2120 versionis
617 2059 825 2138 Septuaginta,
847 2061 905 2122 duo
925 2065 1039 2123 codices
1058 2080 1176 2124 servan-

15 2199 18 2209 ·
95 2165 168 2236 tur,
191 2176 208 2218 e
226 2159 340 2235 quibus
352 2175 428 2218 unus
448 2157 603 2218 editionem
617 2157 751 2235 Origcnls
765 2157 833 2218 libri
846 2159 976 2219 Estherls
991 2178 1057 2220 cum
1071 2161 1175 2238 obelis,

95 2263 127 2316 et
157 2257 303 2316 asteriscis
327 2241 449 2334 objicit,
479 2263 509 2315 et
536 2255 608 2314 alter
631 2259 860 2316 vetustissimam
890 2253 1014 2317 aetatem
1043 2258 1175 2336 prosert3

95 2355 219 2429 utrique
248 2359 346 2414 autem
377 2353 529 2411 historiam
558 2351 688 2412 mulieris
722 2369 789 2412 cum
821 2353 1015 2413 additionibus
1044 2355 1178 2415 Deuteris

7 2469 9 2480 ’
95 2451 268 2510 ostendunt.
290 2449 372 2510 Alter
392 2449 483 2509 codex
503 2433 712 2510 celeberrimus
725 2457 839 2511 textum
859 2453 1026 2528 exaplarem
1041 2453 1176 2531 origenis

94 2548 272 2625 proferens,
292 2549 393 2625 lingua
411 2549 544 2626 syriaca,
571 2556 600 2607 et
621 2547 788 2609 charactere
806 2549 989 2626 estranghelo
1003 2551 1176 2630 descriptus,

94 2645 260 2706 Mediolani
283 2648 315 2703 ln
336 2645 511 2705 bibliotheca
537 2631 722 2706 ambrosiana
754 2654 898 2708 servatur.
931 2647 976 2707 lix
1000 2649 1056 2708 hoo
1076 2666 1178 2709 manu·-

94 2747 211 2820 scripto
229 2746 340 2804 eruitur
360 2750 507 2804 auctorem
528 2761 590 2804 esse
603 2747 822 2821 interpretatum
843 2749 874 2804 in
894 2763 1037 2824 syrorum·
1047 2748 1178 2826 linguam

95 2848 216 2902 textum
235 2841 457 2901 alexandrinum
473 2845 561 2918 juxta
585 2843 751 2918 exaplarem
777 2845 932 2903 editionem
955 2843 1100 2922 OrigenIs.
1123 2845 1178 2905 Co·

7 2925 9 2952 ³
95 2942 157 3001 dex
181 2944 239 3000 istc
260 2941 366 2999 saeculi
386 2943 501 3016 septimi
519 2942 604 3000 initio
625 2943 749 3018 scriptus
768 2941 911 3019 videtur,
945 2946 1080 3019 quamvis
1098 2948 1178 3020 igno

7 3077 8 3080 =
94 3045 182 3100 retur
196 3041 323 3097 auetoris
338 3054 455 3098 nomen.
470 3039 608 3113 Insuper,
628 3039 706 3114 quod
717 3037 873 3098 observatu
887 3038 1008 3116 dignum
1022 3046 1077 3116 est,
1090 3041 1176 3118 obeli,

7 3205 11 3214 ,
94 3138 254 3211 asterisci,
281 3141 310 3194 et
331 3137 405 3196 aliae
425 3142 510 3195 notae
531 3135 805 3212 inspiciuntur-ibi3
833 3152 867 3194 ac
888 3137 1037 3212 inscriptio
1061 3139 1091 3194 in
1118 3137 1179 3196 ilua

7 3214 20 3262 ᾖ
92 3234 231 3313 ejusdem
251 3233 357 3292 codicis
372 3235 442 3292 satis
466 3233 575 3292 indicat
594 3233 671 3292 hane
689 3231 960 3292 hanelationemad
972 3233 1085 3292 literam
1104 3249 1174 3292 aaa·
1288 3217 1291 3232 ¹

92 3339 179 3393 ctam
193 3347 256 3390 esse
273 3347 289 3390 e
304 3334 437 3390 versione
454 3331 663 3409 Septuaginta,
684 3346 773 3406 quam
786 3330 926 3389 Eusebius
940 3345 999 3388 una
1011 3347 1078 3397 curn
1092 3330 1176 3390 Pam·

94 3431 183 3507 philo
213 3427 406 3503 exoperibus
436 3427 569 3504 Origenis
603 3419 827 3502 emendaverat,
855 3429 898 3488 uti
928 3427 969 3486 lbi
995 3428 1102 3487 dicitur
1123 3429 1173 3505 (1).

93 3531 165 3590 Hoc
194 3531 423 3603 manuscriptum
451 3528 561 3602 profert
589 3527 753 3603 Scripturae
779 3527 889 3603 libros,
911 3525 1065 3603 Psalmos,
1098 3527 1174 3603 lob,

94 3625 276 3700 Proverbia,
293 3625 514 3700 Ecclesiastem,
534 3623 685 3684 Canticum
703 3623 887 3700 Salomonis,
910 3623 1103 3701 Sapientiam,
1125 3625 1178 3684 Eo·

92 3723 308 3797 elesiastioum,
324 3721 465 3797 'Hoseam,
487 3723 588 3797 Amos,
612 3722 741 3798 Abacuc,
763 3721 959 3798 Sophoniam,
980 3721 1173 3799 Haggaeum,

7 3855 8 3860 κ
93 3822 295 3896 Zachariam,
310 3819 502 3896 Malachiam,
524 3821 719 3896 Hieremiam,
737 3820 903 3895 llanielem,
921 3821 1039 3880 isaiam.
1059 3820 1178 3880 Ceterae

7 3919 11 3954 ³
92 3919 291 3996 Scripturas,
312 3934 387 3994 quae
407 3918 455 3978 hic
477 3917 698 3993 desiderantur,
718 3918 854 3976 videntur
874 3918 957 3976 alteri
975 3917 1067 4000 codici
1087 3921 1178 3978 inser·

7 4217 9 4252 t
124 4195 163 4257 (1)
185 4195 215 4242 ln
227 4193 275 4242 fine
286 4193 352 4244 illius
363 4193 455 4244 codicis
465 4195 524 4244 haee
535 4195 647 4257 leguntur
659 4193 751 4256 syriace
761 4193 868 4257 scripta:
893 4213 905 4236 ιι
918 4194 1066 4254 Desumptus
1078 4192 1128 4252 est,
1150 4192 1175 4240 et

90 4275 199 4324 edictus
209 4285 240 4322 ex
251 4273 383 4338 exemplari
402 4273 521 4336 timebit,
544 4277 569 4324 et
579 4273 721 4339 Pamphili,
745 4273 778 4324 ad
787 4273 841 4336 ejus
852 4273 946 4324 seilicet
961 4285 1093 4333 normam,
1114 4268 1184 4334 quod

94 4355 148 4418 ipsi
160 4351 323 4403 emendarunt
335 4367 364 4404 ex
373 4353 523 4404 Bibliotheca
534 4354 669 4417 Origenis.»

165 4437 239 4494 Par.
266 4435 312 4494 II.
993 4443 1010 4492 4
