3094 5184
838 365 937 420 ..92
959 388 1000 402 ...-

377 481 492 536 cantur.
512 472 634 550 Insuper
652 477 765 550 praeter
787 473 878 533 verba
898 491 933 533 ao
953 473 1084 551 phrasim
1104 473 1207 536 harum
1226 474 1414 564 scripturarum,

374 589 451 652 quae
474 575 594 633 omnino
620 572 707 649 longe
726 571 834 632 absunt
860 572 898 633 ab
915 573 1056 634 hellanico
1075 573 1212 653 eloquio,
1232 593 1265 636 11
1282 587 1347 641 recto
1366 585 1417 646 stilo

376 671 569 730 hebraeorum
596 671 873 747 accommodantur,
900 671 981 730 aliud
1002 674 1120 748 signum
1144 689 1257 750 quoque
1278 679 1371 739 eruitm
1391 699 1419 742 11

375 772 490 846 integra
518 769 634 829 dicendi
663 770 776 830 ratione
807 768 997 847 Septuaginta
1017 772 1228 849 interpretum,
1254 790 1321 850 quae
1344 777 1420 840 bisin

377 865 554 945 Scripturls,
582 870 668 928 sicuti
695 869 797 928 ceteris
817 867 953 928 omnibus
967 867 1232 948 Proto-Canoniois,
1252 871 1375 934 clarescit.
1395 878 1423 938 Et

375 964 432 1024 hoc
451 970 497 1025 est
519 967 679 1042 ingenuum
699 979 736 1024 ae
754 965 878 1041 simplex
899 964 1165 1026 Alexandrinorum
1182 968 1420 1050 interpretandige

378 1077 446 1122 nus.
468 1063 517 1123 Illi
537 1065 616 1122 enim
635 1078 689 1123 sua
710 1064 742 1122 in
760 1063 974 1141 translatione,
994 1079 1031 1122 ne
1050 1063 1172 1124 verbum
1192 1065 1320 1142 quidem,
1337 1074 1363 1126 et
1378 1071 1423 1145 api·

377 1177 461 1239 cem,
481 1167 516 1221 ut
535 1163 578 1221 lta
597 1159 715 1237 dicam,
737 1162 814 1220 sacri
832 1166 932 1222 tantus
949 1160 1099 1239 hebraici,
1120 1162 1168 1222 vel
1186 1162 1340 1241 chaldaici,
1357 1183 1424 1242 quen

376 1275 447 1344 prae
470 1260 563 1320 oculis
585 1259 754 1336 habebant,
776 1261 958 1334 omiserunt,
980 1261 1065 1320 veriti
1080 1277 1117 1320 ne
1133 1261 1234 1322 divina
1251 1261 1372 1324 voluutas
1388 1265 1423 1326 his

376 1359 409 1417 in
430 1357 513 1419 libris
538 1357 744 1435 comprobata,
766 1357 979 1434 quodammodo
994 1359 1026 1416 in
1048 1357 1189 1419 lectorum
1213 1357 1370 1419 scandalum
1385 1361 1425 1421 hu·

376 1461 549 1517 mutaretur.
568 1455 694 1532 Ideoque
706 1456 780 1532 ipsi,
800 1453 882 1514 nulla
896 1456 1026 1532 inspectu
1045 1456 1158 1515 ratione
1177 1471 1294 1534 graecae
1312 1471 1426 1533 manns

376 1553 453 1612 ticae
473 1552 610 1630 legibus,
640 1554 835 1629 pronomina,
856 1555 1104 1629 praepositiones,
1125 1553 1281 1628 particulas
1296 1597 1305 1629 ,
1322 1555 1425 1632 aliasque

376 1666 478 1710 omnes
506 1651 647 1711 orationis
677 1655 798 1726 partes,
826 1666 900 1727 quas
928 1652 1065 1709 invenere
1090 1651 1120 1710 in
1148 1650 1281 1710 hebraeis
1307 1651 1426 1712 codicibus

258 1783 260 1786 -
379 1748 565 1826 (tantumque
590 1747 782 1809 hebraeorum
809 1749 937 1808 sermoni
961 1747 1105 1823 proprias)
1135 1747 1253 1806 easdem
1278 1749 1425 1826 saepissime,

377 1862 415 1906 ne
432 1846 529 1906 dlcam
548 1862 682 1922 semper,
701 1847 733 1904 in
752 1860 888 1923 graecum
908 1845 1055 1921 eloquium
1073 1843 1175 1904 eodem
1195 1844 1296 1904 ordine
1306 1852 1333 1906 et
1343 1845 1426 1923 reguis

378 1943 600 2005 haustuiemnt.
616 1944 641 2004 E
654 1961 712 2021 quo
725 1944 838 2004 iactum
849 1950 909 2021 ost,
919 1951 953 2004 ut
965 1943 1038 2002 haec
1052 1945 1225 2021 graecanica
1235 1942 1381 2004 Bibilorum
1390 1953 1426 2003 to.

376 2045 567 2118 interpretum
579 2044 676 2102 versio
689 2043 758 2102 stilo
770 2045 901 2102 omnium
918 2059 1088 2120 graecorum
1108 2044 1284 2119 scriptorum
1300 2042 1427 2102 aberraret.

378 2138 415 2200 Et
433 2140 489 2199 hoc
508 2140 626 2217 quidem
646 2142 737 2200 sensit
760 2141 957 2218 Hieronymus
982 2156 1084 2200 vocem
1110 2139 1297 2218 apocalypsis
1319 2141 1428 2216 intorprc

377 2245 474 2300 1111111
500 2239 654 2301 «Verbum
676 2254 792 2317 qnoque
812 2243 930 2318 ipsum,
951 2243 1011 2318 ait,
1032 2239 1225 2310 ἀποκαλύψεως
1248 2239 1321 2300 idest
1343 2239 1427 2299 rareio

378 2342 466 2399 tionis
484 2341 633 2417 proprium
654 2338 870 2415 Scripturarum
888 2344 952 2415 est,
973 2344 1003 2398 et
1021 2355 1041 2400 1
1058 2339 1141 2399 nullo
1163 2341 1327 2414 sapientum
1345 2336 1426 2396 saeculi

378 2437 458 2515 apud
478 2453 598 2515 graccos
626 2443 809 2515 usurpatum.
838 2435 923 2498 Unde
950 2436 1024 2496 mlhl
1044 2438 1198 2514 videntur,
1216 2434 1427 2514 quemadmcdun

377 2537 409 2594 in
426 2535 492 2595 aliis
509 2535 626 2613 verbis,
647 2535 777 2612 quaeda
798 2533 924 2596 hebraeo
946 2536 977 2594 ln
998 2551 1137 2612 graecmn
1158 2533 1345 2612 Septuaginta
1364 2533 1427 2592 inter

377 2641 472 2711 preter
495 2634 728 2712 transtulerunt,
749 2635 792 2694 111
811 2639 842 2694 11
859 2635 891 2694 in
916 2631 973 2692 hoc
999 2649 1174 2711 magnopere
1198 2648 1264 2694 esse
1287 2632 1388 2706 manti,
1406 2634 1429 2688 ut

376 2733 581 2810 proprietatem
601 2734 745 2810 peregrini
764 2734 907 2792 sermonis
927 2733 1147 2808 exprimerent,
1168 2747 1249 2792 noua
1267 2731 1348 2790 novis
1364 2727 1427 2788 rebus

378 2829 471 2892 verba
487 2830 641 2908 lingentes.
654 2854 668 2882 ι
687 2830 727 2906 (1)

416 2929 497 2988 Haec
517 2944 588 2990 vero
606 2929 792 3006 peculiaritas
807 2933 894 3007 auget
909 2935 1113 3006 argumentum
1130 2934 1195 2990 tum
1210 2929 1290 2988 circa
1306 2926 1429 2986 1111111111

377 3041 493 3104 rerum,
516 3043 592 3104 quae
612 3026 654 3087 ibi
673 3029 797 3104 scriptae
819 3032 905 3103 sunt,
926 3043 994 3087 cum
1015 3027 1052 3086 de
1071 3029 1240 3089 sinceritate
1253 3027 1428 3100 interpretum,

379 3126 430 3200 qui
452 3127 582 3185 venerati
606 3122 781 3202 historiam,
805 3131 835 3186 et
856 3125 1020 3186 doctrinam
1045 3131 1176 3186 1111111111
1199 3123 1430 3198 librorumque

376 3223 408 3280 in
433 3221 514 3282 aliud
528 3222 743 3282 hanelarebant
760 3223 919 3300 eloquium,
938 3223 1056 3300 linguae
1074 3228 1231 3298 ornatum,
1252 3236 1287 3282 ae
1302 3219 1391 3280 turum
1402 3229 1430 3274 11

373 3326 514 3396 spuerunt
523 3321 617 3396 magis
626 3363 636 3396 ,
645 3337 735 3397 quam
748 3320 914 3382 divinorum
932 3321 1089 3381 verborum
1105 3319 1197 3380 ullam
1214 3318 1342 3395 abripere
1353 3315 1430 3374 dieb'o

376 3431 455 3476 nem.
469 3417 507 3476 Et
524 3417 692 3494 hujusmodi
707 3420 952 3494 interpretationis
965 3419 1135 3494 simplicitas
1148 3416 1272 3478 effertur
1285 3410 1430 3476 1111111111

377 3515 409 3572 11
430 3516 565 3575 omnibus
585 3519 697 3593 graecis
720 3515 877 3593 scripturis
900 3516 1156 3576 Proto-Canonicis
1178 3521 1209 3573 et
1230 3509 1431 3573 mutentur

376 3613 461 3671 uicis.
477 3614 659 3690 Quicumque
678 3613 846 3674 divinorum
859 3612 1000 3674 librorum
1010 3616 1043 3673 in
1055 3612 1192 3681 hebraica
1207 3612 1309 3688 lingua
1323 3605 1431 3684 superati

375 3714 455 3786 tum,
470 3711 587 3770 lectioni
600 3719 644 3771 est
659 3719 811 3789 assuetus,
826 3715 878 3772 vix
896 3711 1030 3789 Tobiam,
1052 3710 1168 3786 iudith,
1182 3708 1310 3784 Baruoh,
1328 3702 1431 3768 Danielis

376 3807 538 3885 Estherquc
553 3809 732 3888 additiones,
751 3811 1003 3887 Ecclesiastieum,
1023 3815 1052 3869 et
1066 3807 1311 3870 Machabaeorum
1328 3803 1431 3880 primm

377 3907 408 3964 in
431 3922 536 3983 graeca
555 3907 656 3986 lingua
678 3910 799 3986 legerit,
820 3911 852 3970 in
876 3915 1012 3986 promptu
1032 3906 1076 3967 illi
1096 3906 1168 3968 lieni
1185 3904 1336 3982 hebraicae
1354 3899 1431 3958 dictio

376 4020 447 4080 nes,
471 4005 614 4082 equibus
639 4013 720 4067 ortae
747 4013 816 4068 sunt
840 4008 1004 4084 praedictae
1028 4007 1204 4082 scripturae.
1228 4003 1386 4077 Quinimmo
1404 4009 1430 4060 ti

376 4102 432 4164 hoe
453 4104 570 4180 planius
594 4123 675 4168 meas
695 4106 857 4182 explicatur
879 4107 1042 4182 interpretis
1065 4102 1205 4179 hebraei,
1226 4102 1277 4177 qui
1303 4101 1375 4157 metu
1395 4089 1429 4150 (lc

418 4316 453 4378 (1)
470 4318 569 4369 llicron.
583 4318 609 4367 in
627 4317 697 4381 epist.
709 4317 741 4366 ad
759 4318 838 4368 Galat.
851 4333 873 4368 c.
885 4322 904 4368 i.
