3022 5178
535 393 581 418 '····
604 383 661 436 215
682 406 722 425 *-

95 495 149 554 nit:
169 517 182 542 «
197 490 341 566 Quoniam
358 493 388 548 et
400 485 510 549 dietum
530 495 591 550 est:
604 489 811 550 -llhominatio
835 499 879 552 est
901 498 1044 568 peccatori
1063 491 1165 573 pietas,

93 597 120 649 et
139 589 375 664 reprehensiones
393 589 483 662 impio
502 594 572 676 sunt
593 587 719 664 flagella.
735 612 747 638 »
767 587 845 648 Alibi
857 588 960 649 iudith
980 591 1034 651 hac
1055 597 1166 654 ratione

93 685 256 761 compellat:
275 709 286 736 «
298 685 413 744 Etenim
424 685 667 760 sapientissimam
678 685 779 745 iudith
790 685 828 761 (l)
839 689 964 763 cognovi
974 703 1028 766 ego
1038 691 1093 749 soli
1106 690 1166 750 Deo

1 835 2 844 ,
93 781 550 842 coeuntem-Dixistietiacta
562 787 642 858 sunt,
658 785 840 860 excogitasti,
855 790 884 842 et
896 800 961 844 eece
972 789 1162 846 extiterunt.»

1 925 3 959 3
91 881 220 940 Danielis
235 880 431 940 additamenta
442 880 511 956 legit
523 895 560 938 ex
573 882 687 940 cantico
697 881 787 938 trium
797 896 969 955 puerorum:
986 883 1024 958 (a)
1042 908 1054 932 «
1065 883 1166 944 iustus

1 1017 5 1026 ·
89 995 118 1037 er
136 977 262 1036 Domine
286 980 317 1034 in
343 976 499 1052 omnibus,
521 992 595 1052 quae
615 977 709 1037 iecisti
729 977 823 1038 nobis.
840 1003 852 1029 a
871 977 1033 1055 Sapientiae
1050 997 1166 1060 quoque

1 1121 2 1137 2
93 1075 200 1134 librum
229 1075 329 1134 eadem
360 1057 531 1134 auctoriiate
557 1075 671 1150 donet,
701 1091 735 1132 ac
766 1075 944 1135 Ezechielem
970 1083 999 1136 et
1033 1077 1165 1138 Psalmos

89 1172 138 1230 ubi
155 1171 273 1230 scribit:
293 1172 423 1230 «Nonne
438 1178 466 1230 et
485 1169 664 1246 scripturam
680 1170 886 1246 (attestantem
904 1173 1006 1250 audis,
1021 1175 1099 1252 quod
1111 1181 1165 1236 tri·

1 1314 7 1334 t
88 1268 199 1328 bulatio
214 1285 266 1344 per
287 1268 414 1346 Angelos
435 1269 528 1328 malos
546 1269 737 1328 immittatur:
754 1269 818 1327 -Et
834 1270 912 1330 Deus
939 1273 1001 1346 ipse
1020 1287 1079 1330 non
1101 1275 1165 1334 vult

1 1398 3 1424 ;
88 1372 213 1426 mortem
227 1368 326 1442 impii,
346 1381 440 1442 nequa
457 1367 581 1426 laetatur
600 1369 631 1426 in
648 1369 808 1444 perditione
825 1371 1004 1427 viventium:
1021 1401 1033 1414 ·
1048 1370 1161 1446 Dauid,

1 1522 4 1537 ,
89 1464 231 1539 Ezechiel,
242 1470 270 1522 et
287 1463 423 1522 Salomon
441 1463 513 1522 baec
536 1463 609 1522 mihi
627 1467 793 1524 testimonia
807 1465 1038 1526 subministrant.
1053 1493 1066 1518 »
1084 1467 1164 1527 Atta·

90 1577 155 1620 men
173 1561 417 1636 Theophiiactus‚
435 1568 468 1620 ut
485 1578 502 1620 e
520 1565 581 1621 suis
600 1565 715 1638 seriptis
730 1565 834 1639 conjici
850 1569 963 1638 potest,
983 1565 1164 1640 aliquantum

87 1677 103 1720 a
122 1661 264 1733 veritate,
286 1665 315 1718 et
334 1659 372 1718 ub
390 1659 519 1718 Ecclesia
533 1659 682 1720 Catholica
698 1663 730 1720 in
744 1661 809 1720 aliis
826 1660 933 1720 distare
949 1663 1073 1722 videtur.

123 1757 151 1832 S.
175 1757 270 1816 XXII.
295 1757 381 1816 Initio
396 1759 503 1818 saecrrli
520 1759 624 1818 decbni
642 1759 761 1818 secundi
778 1759 883 1820 claruit
900 1759 1046 1836 liupertus
1068 1763 1161 1821 teuto·

86 1857 169 1914 nicus
195 1859 259 1913 tum
281 1855 446 1932 linguarum
475 1856 677 1916 hebraicarum
704 1859 827 1933 peritia,
862 1864 925 1916 tum
953 1861 983 1916 in
1006 1858 1161 1918 Sacrorum

1 1938 3 2024 }
87 1953 301 2029 scripturarum
315 1954 549 2028 interpretatione
561 1956 688 2012 maxime
707 1955 963 2014 commendandus.
984 1955 1114 2015 Plurima
1127 1956 1171 2014 ll·-
1241 1971 1244 1975 ·

2 2090 10 2127 r
86 2049 142 2108 lius
163 2051 272 2126 scripta
289 2049 444 2109 ostendunt
458 2055 601 2126 quantum
622 2053 658 2108 in.
672 2053 762 2110 sacris
777 2052 899 2127 eloquiis
920 2051 1007 2110 luerit
1030 2057 1162 2116 versatus

4 2209 9 2236 ἵ
86 2151 172 2222 atquo
188 2149 368 2222 praesertim,
384 2146 463 2222 qnod
475 2147 513 2206 ad
529 2163 590 2205 rem
606 2152 736 2206 nostram
753 2147 836 2222 iacit,
851 2145 1013 2222 Scripturas
1027 2147 1162 2208 Deutero-

5 2235 6 2240 ’
84 2243 246 2303 canonicas
262 2244 407 2320 prioribus
424 2246 548 2304 insertas
570 2245 670 2304 eadem
694 2247 864 2303 auctoritate
891 2245 992 2304 divina
1017 2245 1161 2320 praeditas

87 2341 303 2401 animadvertit.
324 2341 367 2401 De
389 2344 512 2402 victoria
530 2341 612 2401 verbi
631 2343 684 2401 Dei
704 2341 741 2418 (4)
757 2341 831 2400 libro
846 2359 876 2400 v.
896 2359 960 2417 cap.
982 2351 1030 2400 ua.
1054 2359 1070 2400 e
1087 2343 1161 2401 libro

83 2439 193 2498 Tobiae
226 2440 281 2497 hoc
307 2445 511 2516 argumentum
538 2437 676 2498 adstruit:
697 2439 777 2497 «llic
803 2443 867 2516 jam
888 2439 976 2516 illud,
995 2443 1060 2515 quis
1085 2440 1160 2500 forte

0 2515 3 2532 ’
84 2535 200 2612 objicit,
217 2538 296 2613 quod
315 2540 348 2595 in
363 2537 452 2596 lsrael
467 2553 600 2613 quoque,
620 2540 671 2613 qui
686 2537 844 2596 translatus
866 2543 927 2612 est,
948 2538 1082 2598 nonnulli
1099 2539 1160 2600 Deo

2 2709 6 2718 Β
82 2633 229 2708 placenter
248 2633 382 2710 fuerunt,
406 2640 436 2694 et
457 2649 518 2694 non
540 2640 635 2710 potest
651 2636 763 2710 negari.
784 2634 878 2708 Nam,
898 2636 1023 2709 exempli
1043 2639 1156 2713 gratia,

81 2729 190 2791 Tobiae
205 2749 243 2790 ex
261 2732 340 2792 tribu
358 2738 387 2792 et
402 2732 519 2791 civitate
534 2731 686 2808 Nephtaii,
702 2732 754 2792 illa
769 2735 936 2807 captivitate
951 2741 1052 2808 captus
1067 2740 1096 2793 et
1108 2751 1156 2793 cu-

0 2818 3 2830 ⁰
83 2831 184 2905 ptivus
206 2830 263 2889 suit
281 2836 400 2890 sancum
412 2873 421 2906 ,
435 2837 465 2888 et
481 2833 559 2890 vitae
576 2829 748 2906 laudabilis,
767 2833 842 2890 sicut
854 2831 892 2888 de
904 2847 938 2890 eo
951 2834 1090 2906 scriptum
1103 2837 1156 2890 est:

1 2913 3 2923 ’
84 2928 184 2999 -Οιιία
200 2944 267 2986 oum
284 2934 386 3003 eaptus
404 2931 480 2986 esset
495 2929 528 2986 in
546 2926 647 2987 diebus
665 2927 851 2988 Salmanasur
868 2931 945 3003 regis
966 2931 1157 3005 assyriorum,

1 3026 4 3083 5
82 3025 112 3081 in
131 3026 300 3100 captivitate
318 3031 417 3084 umen
436 3025 563 3100 positus,
584 3027 664 3084 viam
679 3011 810 3084 veritatis
826 3041 885 3083 non
906 3025 1051 3101 deseruit,
1068 3043 1157 3102 quam

0 3107 3 3116 '¹
82 3121 154 3182 adeo
174 3121 297 3180 iirmitm
310 3124 421 3198 tenuit,
435 3126 470 3180 ut
479 3121 585 3197 dignus
603 3123 737 3179 existeret
753 3137 831 3180 novo
845 3122 996 3180 miraculo.
1015 3147 1026 3172 a
1048 3122 1090 3180 De
1108 3139 1154 3180 ea-

0 3207 1 3210 '
81 3217 147 3277 dem
166 3235 214 3294 re,
242 3219 295 3279 lib.
326 3235 402 3278 vrrr.
424 3235 461 3278 ex
478 3218 582 3277 Esther
597 3217 635 3294 (5)
652 3217 723 3276 haec
741 3217 827 3294 legit,
848 3221 971 3295 mystice
987 3219 1100 3277 loeutus
1120 3221 1157 3280 de

81 3316 195 3392 Amen,
208 3319 260 3393 qui
275 3321 390 3394 gentem
403 3317 571 3375 nniversam
583 3314 702 3390 perdere
716 3314 850 3390 volebat,
868 3331 955 3389 penes
974 3330 1061 3390 quam
1075 3325 1158 3374 erant

78 3416 239 3490 promissa:
257 3438 270 3464 «
282 3413 373 3473 Sicuti
391 3413 469 3472 idem
487 3411 698 3472 Mardochaeus
714 3411 752 3470 ad
771 3411 864 3469 Deum
881 3427 969 3470 orans
990 3413 1076 3469 dicit:
1093 3413 1156 3471 -Et

80 3527 160 3570 nuuc
180 3517 232 3570 tua
248 3512 352 3570 volunt
369 3515 482 3570 mutare
495 3513 658 3587 promissa,
674 3515 704 3570 et
720 3509 814 3568 delere
831 3509 1038 3568 haereditatem
1048 3515 1152 3584 tuarn,

80 3614 110 3667 et
128 3608 265 3667 claudere
278 3623 330 3667 ora
346 3608 527 3668 laudantium
540 3615 585 3684 ie,
604 3614 691 3684 atque
707 3609 875 3685 extinguere
893 3607 1015 3684 gloriam
1034 3609 1150 3682 templi,

0 3701 2 3712 '
77 3712 107 3766 et
128 3706 232 3766 altaris
251 3709 305 3766 tui.
325 3731 337 3756 »
354 3707 390 3764 In
405 3712 492 3782 caput
511 3705 670 3765 seeundmn
686 3706 825 3781 loannis,
844 3705 918 3763 libro
934 3705 1077 3780 seeundo,
1093 3722 1110 3764 e
1124 3706 1156 3763 li-

76 3801 131 3864 bro
149 3803 314 3878 Sapientiae
328 3803 365 3879 (6)
381 3806 490 3880 arguit:
518 3803 602 3862 «Nec
628 3819 694 3862 eum
723 3803 858 3862 columba
884 3803 955 3878 illa,
978 3819 1052 3879 quae
1070 3819 1156 3878 super

77 3899 238 3961 Dominum
259 3904 408 3978 apparuit,
429 3901 571 3960 donorum
593 3917 713 3960 suorum
731 3899 829 3974 aliqua
850 3917 886 3959 ex
906 3907 988 3976 parte
1009 3903 1153 3974 respexit,

1035 4013 1039 4045 l

103 4126 140 4188 (i)
160 4125 247 4177 iudith
259 4140 281 4177 c.
290 4129 333 4176 ill.
346 4129 370 4177 et
384 4128 445 4176 tom.
456 4129 500 4188 lli.
513 4141 536 4189 p.
550 4133 602 4176 583.
616 4150 646 4163 -
658 4125 692 4188 (2)
704 4127 774 4175 lom.
788 4127 831 4175 lll.
844 4140 868 4188 p.
879 4131 932 4176 379.
945 4151 975 4163 -
986 4123 1020 4187 (a)
1037 4125 1152 4176 Tomlll.

77 4221 101 4268 p.
115 4208 215 4269 55³„et
224 4209 305 4270 Sapo.
317 4209 383 4258 xiil.
397 4233 427 4246 -
448 4206 481 4271 (l)
493 4206 557 4256 Edit.
570 4205 685 4266 venetiis,
701 4206 725 4254 et
734 4204 793 4256 Tob.
806 4218 828 4254 c.
841 4207 861 4256 l.
874 4232 903 4244 -
916 4205 950 4268 (5)
965 4203 1032 4254 Estlr.
1052 4216 1073 4250 c.
1090 4204 1153 4250 xlv.

76 4311 106 4324 -
116 4287 149 4350 (6)
158 4289 215 4350 Sap.
230 4300 252 4336 c.
263 4288 282 4335 Ι,
