2964 5174
848 385 1029 438 *ila—-

400 499 514 575 gnavlt.
542 494 716 572 cambysem
735 495 823 553 istum
848 499 931 571 ajunt
954 493 992 553 ab
1012 492 1150 556 Hebraeis
1171 503 1200 556 et
1211 497 1438 566 Nabuchodonosor

402 597 517 671 vocari,
538 593 593 652 sub
610 607 668 668 quo
684 591 786 652 Iudith
804 591 926 650 historia
942 591 1143 658 conscribitur.
1163 619 1175 645 »
1192 594 1268 654 Alibi
1284 615 1383 676 quoque
1397 603 1438 663 To

400 694 465 752 biae
484 691 573 752 verba
590 707 628 750 ex
652 707 701 750 ore
720 692 893 766 scriptorum
906 689 1067 767 Ecclesiae,
1086 694 1137 768 qui
1156 709 1223 752 eum
1244 707 1437 776 praecesserunt,

399 797 517 851 enarrat
531 789 672 848 Eusebius
691 788 765 846 nihil
778 789 810 846 in
823 789 859 846 iis
876 787 1126 865 animadvertens,
1146 795 1181 849 ut
1197 792 1292 850 videre
1310 800 1350 854 ert
1360 797 1387 853 in
1397 801 1440 872 cpi·

398 889 473 949 stola
496 887 629 964 Dionysii
662 885 844 946 alexandrini
868 885 906 944 ab
932 901 966 944 eo
990 886 1101 961 relata,
1127 887 1178 946 ubl
1200 887 1301 965 Angeli
1324 891 1358 966 (l)
1380 893 1440 954 doto

401 990 602 1064 «mysterium
620 987 696 1062 regis
716 983 892 1043 abscondere
910 983 1020 1042 bonum
1041 990 1085 1043 est
1101 1009 1113 1034 »
1130 985 1272 1061 descripta
1287 994 1358 1047 sunt.

437 1087 516 1146 Haec
531 1087 629 1144 omnia
643 1100 679 1143 ex
693 1083 809 1142 Eusebii
821 1085 947 1158 scriptis,
962 1088 1103 1159 quotquot
1114 1085 1146 1142 in
1160 1085 1253 1144 lucem
1266 1085 1393 1163 prodiere,
1404 1089 1439 1147 de

396 1186 510 1260 carpsi,
533 1188 564 1242 et
578 1199 630 1258 pro
650 1181 806 1257 scripturis
823 1181 955 1240 Deuteris
983 1197 1140 1258 earumque
1154 1181 1310 1243 Divinitate
1327 1186 1440 1261 quidqud

394 1284 456 1358 lpse
475 1283 608 1355 senserit,
623 1281 776 1356 explicavi.
792 1277 1090 1339 Anirnadvertentlum
1101 1285 1198 1339 tamen
1213 1287 1256 1340 est
1268 1281 1439 1342 Eusebiumiu

395 1379 515 1440 historia
536 1381 729 1440 ecclesiastica
745 1377 820 1436 libro
840 1393 885 1435 v1.
908 1377 945 1436 de
963 1376 1109 1436 Clemente
1130 1377 1317 1438 alexandrino
1336 1375 1437 1456 notasse,

392 1478 527 1538 eumdem
542 1481 573 1536 iu
588 1478 670 1538 libris
683 1475 877 1536 Stromatone
898 1474 1053 1550 Scripturis
1068 1477 1224 1536 sententias
1238 1477 1380 1553 delegisse,
1392 1481 1437 1554 qui-

343 1587 346 1594 ’
393 1579 449 1638 bus
467 1577 694 1652 contradicitur,
714 1579 790 1635 inter
803 1591 877 1651 quas
895 1581 1011 1634 nostrae
1029 1581 1192 1634 censentur.
1212 1576 1388 1636 Haecautem
1398 1578 1439 1636 Eu·

392 1674 489 1735 sebius
510 1682 543 1736 ut
565 1676 718 1734 historicus
737 1674 831 1750 dixit,
851 1675 935 1750 quasi
956 1673 1149 1748 quorumdam
1169 1676 1340 1732 sententiam
1363 1675 1438 1750 expla-

392 1789 486 1850 nans,
505 1776 556 1850 qui
582 1773 629 1832 his
646 1773 802 1848 scripturis
822 1770 992 1848 obstabant,
1015 1787 1075 1829 non
1095 1776 1191 1833 autem
1212 1769 1284 1830 haec
1302 1771 1373 1830 dicta
1389 1789 1439 1830 suae

392 1873 549 1931 sententiae
566 1871 717 1947 officiunt,
732 1873 783 1946 qui
796 1871 866 1928 salis
880 1875 993 1945 aperte,
1007 1875 1041 1928 ut
1054 1867 1169 1928 divinas
1183 1869 1358 1944 Scripturas,
1371 1868 1438 1928 libros

391 1967 687 2028 DeuteroCanooicos
710 1970 741 2026 in
761 1984 816 2027 sna
835 1967 968 2027 doctrina
983 1967 1152 2042 arcessivit,
1167 1982 1324 2043 earumque
1341 1969 1439 2025 aucton-

387 2071 477 2125 tatem
500 2068 619 2124 omnino
641 2058 771 2140 suscipit.
800 2065 940 2141 Quodque
959 2067 1085 2124 maxime
1101 2064 1185 2122 nobis
1207 2063 1304 2139 iavet,
1324 2070 1382 2140 est,
1398 2061 1438 2121 Eu·

388 2163 500 2222 seblum
520 2166 616 2240 ipsum
638 2164 743 2223 barum
762 2163 976 2239 scripturarum
995 2163 1161 2222 testimonio
1177 2165 1219 2220 uti
1232 2179 1332 2221 eoram
1345 2160 1438 2220 Marcel·

386 2261 415 2320 lo
432 2261 597 2338 haeretico,
614 2279 700 2337 quem
713 2278 750 2320 ex
765 2261 812 2320 bis
831 2261 996 2338 redarguit,
1011 2276 1141 2338 quasque
1154 2259 1311 2318 Marcellus
1327 2258 1396 2317 idem
1405 2274 1438 2316 aa·

386 2361 472 2437 cipit,
495 2377 589 2437 neque
610 2376 717 2437 negare
735 2360 832 2420 audet.
1469 2429 1470 2438 ,

424 2459 452 2536 s.
466 2459 505 2520 X.
520 2458 646 2536 Cyrillus
655 2458 863 2536 Hierosolymis
875 2460 932 2516 nisi
947 2465 1044 2534 natus,
1059 2455 1097 2518 ab
1109 2457 1233 2517 infantia
1248 2463 1326 2517 carto
1339 2457 1376 2516 ibi
1386 2455 1435 2515 edu
1469 2449 1470 2470 l

383 2563 466 2617 catus
479 2557 546 2634 furit,
562 2573 639 2616 anno
652 2555 758 2616 Christi
778 2565 834 2615 350
852 2557 1012 2617 sacerdotio
1026 2558 1182 2634 insignitus
1196 2557 1350 2617 conciones
1362 2556 1436 2630 adpo

323 2709 324 2718 .
382 2654 485 2729 pulum
501 2654 644 2731 babebat,
662 2671 736 2732 quae
756 2655 811 2714 sub
832 2657 949 2714 nomine
963 2653 1162 2715 Catechesium
1175 2655 1254 2730 apud
1273 2671 1326 2714 nos
1343 2669 1436 2712 servan·

381 2757 441 2810 tur.
466 2751 501 2810 ln
520 2751 566 2811 his
586 2752 720 2812 omnibns
744 2754 904 2812 maximum
925 2753 1003 2812 illius
1028 2753 1161 2812 studium
1177 2751 1233 2811 fuit
1249 2753 1386 2830 judaeos,
1403 2764 1434 2808 sa

382 2849 502 2907 mamma
523 2849 682 2908 haereticos
704 2850 910 2926 expugnandi,
929 2853 1002 2927 qui,
1024 2865 1058 2909 ea
1078 2857 1186 2927 aetate,
1202 2850 1255 2908 illa
1273 2851 1338 2909 loca
1356 2863 1435 2924 perva-

380 2945 504 3021 debaut,
524 2963 558 3006 ac
575 2949 683 3023 pariter
700 2948 849 3008 muniendi
869 2947 967 3007 fideles
985 2955 1087 3007 contra
1109 2965 1209 3008 eorum
1225 2929 1435 3020 doctriuam3el

382 3043 438 3102 bac
451 3045 551 3104 eadem
569 3048 680 3105 ratione
693 3046 830 3122 dogmata
842 3046 910 3106 fidei
920 3049 1085 3123 praecipua,
1101 3048 1230 3122 aliasque
1249 3047 1434 3118 institutiones,

377 3157 452 3218 quae
469 3145 620 3219 praecipue
639 3143 908 3222 Hierosolymorum
922 3143 1058 3204 ecclesiae
1076 3151 1159 3220 aptae
1174 3145 1366 3204 credebantur
1385 3156 1433 3216 pro·

376 3242 489 3315 posuit,
510 3238 675 3316 explicavit.
693 3241 753 3300 Nos
766 3241 814 3301 hic
830 3249 945 3302 tantum
958 3243 1019 3301 divi
1044 3245 1169 3320 episcopi
1183 3249 1312 3301 mentem
1326 3254 1434 3317 perscru-

378 3336 526 3413 tabimur,
547 3355 636 3415 quam
657 3338 693 3398 da
718 3339 826 3399 divinis
839 3341 939 3400 Bibliis
953 3358 1109 3418 eorumque
1129 3340 1247 3400 Canone
1266 3343 1328 3400 suis
1344 3338 1434 3412 scriptis

380 3434 587 3494 manifestavit.
603 3435 732 3495 Primum
741 3437 932 3497 Deutararum
943 3437 1157 3516 Scripturarum
1171 3441 1279 3498 veteris
1293 3434 1435 3498 testamenii
1468 3507 1469 3510 Ἴ

349 3569 356 3582 ·
375 3534 551 3608 sententias,
568 3549 640 3610 quas
658 3536 720 3610 ipse
740 3536 955 3596 commendavit
971 3537 1096 3596 breviter
1116 3537 1317 3614 censebimus,
1334 3533 1431 3605 deinde,
1468 3601 1469 3604 Ἴ

371 3630 408 3689 de
429 3645 530 3690 earum
547 3631 681 3708 canone,
703 3648 789 3708 quem
801 3637 862 3710 ipse
879 3637 1028 3710 speciatim
1042 3637 1178 3710 contulit,
1199 3642 1227 3694 et
1244 3635 1378 3695 fidelibus
1389 3638 1432 3690 trr-

372 3729 456 3788 didit.
478 3725 626 3789 catechesi
645 3746 743 3788 xxrrr.
764 3747 828 3807 cap.
854 3739 902 3791 1⁷.
923 3733 968 3792 Ex
994 3733 1188 3793 Ecclesiastici
1207 3733 1357 3810 Scripttua
1379 3732 1432 3788 hae

370 3828 476 3885 sumit:
497 3852 510 3877 o
524 3826 559 3886 ld
585 3843 622 3886 ne
648 3825 790 3888 Dominus
817 3846 900 3889 orare
920 3847 974 3890 nos
994 3831 1097 3906 docet,
1125 3847 1163 3890 ne
1187 3831 1335 3890 ullatenus
1360 3833 1432 3888 tenta

367 3926 455 3990 mur?
471 3924 509 4002 (2)
527 3925 581 3979 Kar*
599 3927 651 3990 πῶς
667 3925 768 4000 εἴρηται
790 3928 930 4002 ἀλλαχοῦ·
953 3928 1018 4002 ἀνήρ
1037 3928 1214 4002 ἅπείραστος,
1234 3929 1369 4003 ἀδόκιμος,
1381 3930 1398 3984 i.
1411 3943 1429 3984 e.

367 4022 404 4082 Et
415 4025 562 4100 quomodo
577 4026 688 4085 dictum
701 4033 746 4086 est
758 4027 875 4088 alicubi:
888 4029 963 4091 -Vir
972 4047 1032 4088 non
1042 4037 1186 4108 tentatus,
1199 4047 1259 4090 non
1275 4027 1428 4112 probatosb

391 4311 425 4374 (l)
446 4315 509 4363 illst.
528 4315 593 4364 Ecul.
608 4316 650 4364 lib.
668 4319 721 4366 vll.
741 4332 762 4367 c.
778 4321 806 4367 Χ.
828 4323 852 4369 el
866 4321 925 4370 Tob.
946 4335 967 4370 c.
982 4324 1034 4370 xli.
1048 4327 1070 4370 7.
1090 4347 1119 4360 -
1132 4322 1166 4385 (2)
1188 4323 1251 4372 bisul.
1274 4323 1380 4372 xxxiv.
1394 4325 1412 4366 ⁹·
