3094 5184
820 383 980 434 «η-

365 488 455 550 Ascer
474 489 505 546 in
526 489 696 565 compendio
724 505 845 554 suarum
875 493 1094 554 conclusionum
1118 493 1174 555 sub
1200 497 1318 558 nomine
1349 505 1438 592 7pr

364 591 599 669 mahumicolae
623 587 748 667 hurum,
780 607 855 668 quae
879 591 918 652 sd
942 592 1052 652 calcem
1079 592 1188 654 codicis
1215 594 1395 658 &sicusim
1413 601 1442 660 in

364 702 505 764 Talmude
523 698 717 776 reperiuntur,
737 693 801 753 ait:
823 691 902 765 ·Qul
913 689 985 768 legit
1000 693 1032 749 in
1052 690 1134 751 libris
1153 691 1378 774 haeretIcorum,
1391 705 1440 758 aut

364 802 396 861 in
415 799 490 860 libro
509 796 667 870 ben-sira,
697 807 758 852 non
777 788 896 849 habebit
915 793 1029 864 partem
1047 790 1080 847 in
1109 791 1227 850 saeculo
1244 790 1367 870 lutur03
1397 811 1445 854 au-

364 903 412 959 tea
432 902 530 957 autem
560 892 639 953 idem
670 887 767 950 Rabbi
794 887 885 947 Asoer
913 885 1029 946 ductat
1050 888 1138 965 juxta
1157 891 1332 948 sententiam
1352 890 1446 951 Rabbi

363 994 494 1070 loseph,
522 993 574 1070 qul
592 987 727 1067 prohibet
745 984 853 1046 librum
877 984 1034 1074 mustra,
1063 986 1134 1061 qula
1152 985 1186 1044 in
1205 1001 1239 1046 eo
1259 993 1330 1047 suut
1351 989 1441 1051 verba

362 1107 461 1169 vana,
481 1095 511 1150 et
529 1091 646 1160 otiosa,
665 1091 699 1145 ut
712 1099 761 1144 ex.
777 1099 822 1160 gr.
837 1080 1054 1158 densiharburs,
1075 1081 1203 1159 stultus,
1225 1085 1363 1160 stupidus
1381 1127 1391 1164 ,
1414 1093 1442 1148 et

363 1205 461 1250 raram
478 1187 589 1246 habens
609 1181 751 1256 barbam,
772 1179 919 1256 callidus,
941 1180 993 1256 qui
1015 1177 1160 1238 suiilatlu
1182 1181 1276 1242 calice
1288 1185 1445 1262 neuuilit,

365 1303 440 1364 quae
458 1282 550 1346 verba
573 1298 634 1341 non
651 1280 789 1356 leguntur
808 1280 840 1336 iu
859 1276 1010 1352 Scriptura
1029 1276 1244 1356 Ecclesiastici3
1265 1285 1296 1339 et
1319 1279 1446 1342 forsitan

365 1383 402 1444 (le
422 1383 520 1460 aliquo
549 1380 607 1440 alio
635 1377 711 1438 libro
739 1375 795 1436 sub
827 1375 944 1434 nomine
964 1374 1096 1434 Bes-sira
1116 1376 1255 1454 intelhgit
1273 1377 1446 1458 Ghemarh,

365 1497 470 1558 wem,
491 1496 559 1538 cum
579 1473 764 1553 apocryphus
785 1477 879 1549 esset,
907 1471 1121 1533 inmrdhemnt
1139 1473 1350 1553 talmudistae;
1370 1491 1445 1556 seu,

365 1585 400 1638 ut
418 1578 514 1654 arguit
534 1582 636 1634 auctor
659 1568 849 1632 Sriulsccleth
859 1611 869 1644 ,
892 1569 1277 1632 doetissimumcssediceus
1297 1579 1446 1634 auctorem

364 1675 519 1750 Bau-sira,
551 1678 581 1732 et
606 1672 755 1746 scripsisse
786 1668 876 1728 libros
904 1665 1125 1744 proverbiales3
1155 1670 1312 1730 immisceri
1345 1676 1445 1732 temen

365 1773 493 1848 potuisse
514 1769 599 1830 facile
618 1768 712 1828 multa
724 1779 824 1842 vana,
845 1772 875 1826 et
887 1767 1001 1841 otiosa,
1023 1769 1053 1824 et
1067 1764 1175 1826 idcirco
1184 1771 1253 1844 jure
1264 1769 1447 1844 prohibitam

366 1867 457 1928 bisse
467 1873 529 1946 ejus
541 1867 726 1927 lectionem.»
742 1865 810 1924 Non
822 1863 1103 1923 connumerandam
1124 1863 1232 1924 librum
1249 1865 1447 1930 Ecclesiasllci

366 1969 439 2026 istas
460 1968 605 2026 vanitates
624 1965 722 2041 palam
741 1961 895 2022 habebitur
916 1976 969 2020 suo
993 1961 1084 2038 loco,
1114 1976 1181 2024 eum
1205 1965 1382 2042 singillatim
1411 1968 1448 2028 (le

365 2063 422 2124 hoe
441 2062 607 2139 scripturae
626 2062 701 2122 libro
720 2061 926 2138 peregerimus.
948 2057 1044 2120 Rabbi
1063 2059 1184 2122 mariae
1204 2060 1240 2120 de
1259 2061 1395 2142 flutas,
1415 2071 1444 2126 et

367 2163 400 2220 in
419 2160 495 2221 libro
514 2177 593 2222 naor
613 2158 732 2220 henaim
764 2158 800 2218 de
833 2157 934 2218 eodem
960 2158 1137 2216 mentionem
1155 2156 1227 2218 iacit
1249 2175 1316 2236 cap.
1334 2175 1446 2222 mu:

369 2286 383 2312 ιι
396 2261 434 2321 Et
453 2260 526 2322 haec
549 2262 676 2337 solutio,
706 2252 867 2319 samius
886 2269 982 2316 meam
1002 2258 1201 2335 muoenham,
1222 2260 1367 2335 quoussam
1388 2259 1446 2322 duo

366 2357 486 2420 fuerunt
504 2359 716 2434 mutorujusti
727 2362 783 2417 stc.
801 2399 809 2417 .
827 2397 861 2416 .·
884 2358 977 2424 llll'li
992 2359 1085 2422 ll'liD
1107 2363 1149 2449 1³
1170 2363 1247 2422 'lilii
1270 2363 1369 2449 qius
1391 2365 1439 2426 tl}

369 2463 453 2524 nus
477 2465 541 2524 ut:
568 2437 643 2524 sia
666 2462 834 2524 isonam:
858 2462 954 2524 ιιι-ιι
979 2462 1125 2535 varran,
1146 2457 1205 2518 te.
1225 2457 1323 2520 emm
1340 2461 1373 2520 tn
1391 2459 1448 2522 me

365 2558 433 2618 libri
456 2557 590 2617 hen-sira
610 2557 740 2632 novisti,
765 2556 904 2632 quoniam
925 2571 984 2615 non
1009 2557 1073 2633 ipse
1097 2558 1221 2634 spectus
1234 2561 1312 2617 esta
1329 2559 1444 2634 sapien·

365 2656 445 2716 tibus
464 2657 597 2732 nosmb,
617 2655 675 2713 nisi
688 2670 779 2714 mauu
794 2669 883 2714 una.»
900 2651 1028 2716 Wolfius
1053 2654 1132 2716 idun
1146 2653 1186 2732 (1)
1207 2654 1315 2716 latetur
1333 2654 1445 2714 librum

363 2753 559 2814 Ecclesiastici
581 2754 689 2812 lectum
715 2752 830 2828 luisse,
857 2767 893 2811 ac
918 2753 1040 2813 silatum
1066 2769 1085 2814 a
1107 2751 1299 2829 talmudiels3
1335 2759 1366 2813 et
1393 2752 1443 2812 hie

365 2850 489 2928 probare
517 2855 659 2926 conatur,
689 2851 786 2908 nescio
803 2864 842 2908 au
850 2852 941 2928 jure,
963 2849 1070 2929 libros,
1093 2852 1181 2928 quia
1204 2849 1350 2912 llebbiuis
1373 2847 1440 2910 che·

368 2951 462 3010 maim
486 2953 648 3024 vocantur,
673 2961 734 3006 uon
750 2961 864 3023 semper
888 2947 989 3008 eadem
1010 2947 1244 3026 significatione,
1269 2953 1304 3008 ut
1322 2945 1439 3008 divium

369 3045 534 3123 Scripturas
560 3046 659 3120 sunu,
693 3060 796 3104 verum
818 3045 907 3105 mam
927 3044 1075 3106 cbcluoim
1099 3061 1148 3106 eos
1176 3045 1235 3106 dici
1256 3044 1372 3125 libros,
1394 3046 1444 3124 qui

363 3145 511 3223 digniores
538 3144 615 3204 lectu
631 3144 734 3203 ceteris
756 3145 967 3221 aestimantur,
992 3142 1142 3205 mierlmes
1168 3150 1266 3204 minen
1287 3143 1372 3223 illis,
1394 3145 1444 3222 qui

365 3242 507 3303 divinitus
532 3246 602 3302 sunt
620 3242 766 3318 inspirati.

281 3347 283 3352 “
403 3339 431 3415 s.
447 3339 514 3400 llll.
529 3339 631 3400 Xistus
645 3336 779 3400 &nensis
802 3336 841 3415 (i)
862 3339 899 3399 de
918 3336 1045 3416 judaius
1063 3338 1253 3417 scriptoribus
1266 3339 1332 3398 ait:
1363 3361 1378 3390 ι
1388 3338 1437 3398 Ll-

364 3435 451 3497 brum
469 3435 572 3497 Judith
599 3452 660 3498 non
686 3436 782 3498 solum
800 3435 931 3498 Ecclesia
952 3435 1143 3515 camuros,
1175 3441 1210 3498 ut
1230 3435 1368 3497 divinum
1393 3451 1438 3495 re·

364 3537 456 3612 cipit,
485 3533 536 3594 sed
559 3537 616 3612 ipsi
637 3535 745 3612 pariter
769 3533 888 3595 hebraei
912 3537 988 3594 luter
1014 3533 1072 3596 ilde
1095 3533 1200 3612 (liguas
1227 3534 1366 3596 historias
1397 3539 1438 3594 te·

364 3636 436 3690 nent
459 3632 633 3692 collocantes
663 3647 724 3693 uns
751 3647 818 3694 cum
842 3631 917 3692 hbro
941 3631 1049 3694 Tobiae
1074 3634 1150 3692 inter
1176 3637 1280 3693 sancta
1306 3633 1442 3709 scripta,

362 3745 438 3806 qiua
460 3729 538 3806 apud
562 3746 612 3791 eos
637 3735 721 3790 eaba
742 3746 841 3790 aremu
864 3729 1066 3792 servabantur.
1092 3729 1305 3792 Pseudo-Philo
1314 3729 1442 3806 judaeus
1534 3803 1535 3810 ἵ

362 3827 396 3886 in
419 3826 568 3886 volumine
589 3825 844 3906 chronographiae
873 3843 944 3888 suae
974 3831 1114 3907 seriptum
1142 3830 1245 3889 asserit
1275 3825 1381 3887 ludlth
1407 3827 1441 3886 li·
1533 3901 1534 3905 Ἰ

364 3922 451 3984 bium
474 3915 493 3984 a
517 3924 651 3986 Joaehlm
674 3926 822 3986 sacerdote
839 3941 946 4004 magno
970 3926 1041 3987 lesu
1065 3926 1222 3987 scoerdolis
1236 3926 1339 4002 magni
1351 3923 1434 4000 filio,
1523 3913 1534 3941 '¹

364 4023 416 4099 qul
434 4023 467 4081 iu
485 4037 520 4082 eo
539 4023 691 4100 dmempslt
710 4023 812 4084 iudith
831 4023 1020 4086 Bethmiauae
1035 4023 1274 4084 exuibuhubeu
1290 4037 1375 4082 rarae
1393 4023 1438 4080 lu·

363 4120 568 4198 comparabilis
579 4120 723 4182 foeminae
732 4124 897 4202 victoriam,
912 4127 942 4182 et
953 4122 1087 4184 obsessae
1097 4124 1208 4202 patriae
1222 4121 1438 4196 menonem,

404 4331 1039 4398 (Mmmwmmmmmms
