3022 5178
530 336 710 388 -1tam

96 447 244 524 rejiciendi,
268 448 297 504 et
316 443 353 506 ab
374 445 426 520 lis,
456 445 508 522 qui
530 446 662 505 veritatis
680 442 863 504 sermonibus
881 450 951 504 sunt
970 443 1093 506 affines?
1125 446 1162 506 ltt

95 548 200 622 quinam
209 551 277 604 sunt
288 544 355 603 illae
364 542 531 619 Scripturas
540 543 652 604 mediae
662 543 779 602 veritati
790 543 936 619 aiilnes,et
943 545 1162 622 cognatsetittsr

94 644 243 718 Scripturas
260 641 559 702 Dantem-Canonicae
578 643 638 700 suis
661 641 842 702 sermonibus
864 643 1005 719 insertae,
1022 649 1050 702 et
1065 650 1098 701 ut
1117 642 1161 700 di·

95 742 155 799 vina
166 742 327 800 testbnonia
339 747 442 800 eontra
454 738 614 799 haereticos
627 742 659 798 in
670 740 798 800 medium
812 739 932 798 ullatnel
945 741 1022 813 Quid
1035 740 1091 798 hoc
1107 739 1163 798 sibi

96 839 170 898 vultl
187 839 348 914 Sapientiae
368 837 495 913 librum,
512 839 643 914 aliosque
659 840 768 906 veteris
785 837 909 898 foederis
926 839 1066 898 Deuteros
1079 855 1165 914 saepe

95 937 121 996 ln
139 939 335 996 memrtmtem
348 937 433 1014 legit,
450 942 651 996 verumtamen
667 939 700 994 in
718 935 866 996 Cononem
878 936 1046 996 diuinorum
1056 937 1164 996 Biblio-

94 1051 152 1094 rum
161 1037 351 1094 certissimum
361 1034 568 1109 universalem,
578 1041 678 1110 utpote
688 1037 736 1092 cui
744 1035 843 1094 nullus
854 1033 1076 1111 adversabatur,
1085 1034 1166 1094 baud

95 1135 215 1209 inseruit,
229 1135 369 1209 quoniam
381 1135 489 1208 optime
501 1138 624 1193 noverat
632 1132 756 1209 judaeos
777 1131 832 1192 bos
844 1133 933 1192 libros
946 1147 1091 1209 respuere,
1103 1135 1167 1192 nul·

95 1230 170 1306 laque
187 1231 300 1290 ratione
318 1231 460 1290 divinitus
478 1232 634 1306 inspiratos
652 1229 779 1305 babere3
800 1236 829 1290 at
848 1233 985 1307 quamvis
1001 1246 1103 1290 eorum
1122 1231 1166 1290 di·

95 1329 191 1387 vinitas
212 1327 268 1388 sibi
294 1333 394 1404 aperto
414 1334 578 1404 constaret,
600 1334 730 1388 attamen
751 1328 975 1404 prudentissime
992 1329 1028 1388 de
1047 1328 1105 1388 illis
1127 1331 1167 1387 si·

98 1424 160 1500 luit,
175 1427 259 1484 sicuti
279 1426 448 1502 paulopost
466 1425 598 1502 diaeum,
620 1432 649 1485 et
669 1432 753 1484 extra
774 1426 923 1485 Cononem
940 1427 1062 1484 remisit.

130 1521 156 1596 S.
176 1521 257 1582 Xlll.
280 1524 381 1584 Basilii
399 1523 502 1601 Magni
519 1523 610 1584 frater
629 1522 687 1582 suit
705 1523 864 1599 Gregorius
881 1523 1169 1600 Nyssaeepisoopus,

99 1621 183 1695 uitae,
205 1623 377 1696 sanctitate,
396 1628 426 1681 et
448 1621 610 1682 eruditione
627 1621 734 1680 clarus.
751 1622 780 1680 Is
793 1619 974 1679 orthodoxae
990 1620 1058 1679 tldei
1072 1637 1170 1680 aemu-

99 1716 165 1777 lator
184 1719 278 1778 multa
290 1724 392 1778 contra
411 1719 543 1780 haereses
559 1720 689 1795 scripsit,
705 1735 780 1794 quae
793 1718 1026 1794 Cappadociam,
1042 1719 1172 1795 aliasque

99 1819 252 1889 provincias
272 1824 343 1877 tunc
359 1820 496 1894 temporis
513 1817 671 1877 vexabant.
687 1817 770 1876 Illius
781 1817 849 1876 libri
862 1817 1011 1876 doctrinae
1026 1819 1110 1877 varia
1124 1834 1172 1894 ge·

100 1929 162 1973 nera
181 1914 336 1992 exhibant,
356 1932 372 1976 e
389 1915 496 1992 quibus
511 1932 581 1991 nos,
598 1931 672 1992 quae
694 1915 733 1974 ad
752 1932 815 1974 rem
832 1921 962 1974 nostram
983 1916 1111 1991 faciunt,
1131 1918 1174 1973 ln-

101 2013 286 2089 vestigantes,
307 2015 402 2089 primo
417 2015 449 2072 in
465 2013 660 2073 Ecclesiastioi
675 2012 783 2072 librum
803 2015 996 2088 incurrimus,
1018 2029 1125 2088 quam,
1140 2021 1174 2072 ut

102 2106 222 2170 divinum
239 2111 353 2172 babens
369 2112 542 2188 Gregorius,
566 2113 609 2170 sic
627 2112 720 2186 praeit
736 2110 773 2168 de
793 2109 899 2168 deitate
919 2110 986 2168 Filii
1004 2115 1033 2168 at
1050 2108 1175 2184 Spiritus

104 2205 190 2268 Sancti
210 2210 343 2270 locutus:
362 2210 399 2285 (1)
420 2210 535 2264 «Ἀλλά
564 2230 609 2280 μοι
635 2210 706 2262 δοκεῖ
735 2210 818 2270 καλῶς
844 2207 914 2277 ἔχειν
941 2207 967 2260 ἐν
990 2210 1068 2277 καιρῷ
1087 2227 1179 2279 μνησ-

104 2302 169 2366 θῆναι
196 2312 240 2372 τῆς
264 2312 437 2383 παροιμιακῆς
472 2310 624 2371 {retricans
646 2348 654 2373 ,
681 2309 727 2362 καί
763 2307 881 2380 ζηλῶσαι
908 2307 952 2365 τήν
975 2306 1117 2377 μέλισσαν·
1148 2299 1177 2363 ἦν

102 2401 172 2468 pavli
191 2401 207 2459 η’
222 2404 325 2476 γραφή,
350 2407 381 2477 τῇ
396 2401 468 2476 ῥώμῃ
484 2399 614 2476 μένεῖναι
636 2400 753 2463 ἀσθενῆ,
773 2403 793 2458 l.
823 2418 849 2460 e.
875 2398 932 2458 Sed
959 2397 1031 2456 mihi
1064 2398 1179 2456 Videtur

105 2495 168 2558 bane
184 2507 212 2560 et
233 2508 397 2578 opportune
414 2519 445 2562 se
462 2502 587 2577 habere,
609 2499 800 2576 proverbialis
819 2496 914 2556 laudis
937 2498 1113 2554 mentionem
1135 2493 1179 2552 sa-

107 2612 161 2656 oere
173 2605 201 2658 et
212 2617 301 2676 apem
314 2601 473 2675 aemulari,
492 2617 582 2676 quam
593 2599 664 2658 dicit
682 2597 851 2672 Scriptura,
867 2593 970 2654 robore
988 2592 1105 2668 quidem
1117 2607 1180 2650 esse
1210 2619 1213 2626 .

106 2694 262 2772 infirmam,
279 2703 335 2756 etc.
351 2723 363 2748 υ
382 2699 522 2758 Eamdem
544 2697 677 2756 divinam
701 2695 883 2769 scripturam
899 2692 937 2767 (a)
952 2692 1057 2766 repetit
1072 2688 1180 2765 Nysse-

107 2807 156 2852 uus
175 2798 206 2854 in
222 2796 348 2872 epistola
370 2796 408 2855 ad
433 2813 458 2854 s.
481 2795 615 2872 Letojum
632 2796 815 2869 episcopum:
836 2790 928 2850 «Non
943 2790 1048 2865 longa,
1067 2789 1181 2862 inquit,

107 2905 166 2968 ergo
187 2910 205 2952 a
221 2899 342 2970 peccato
359 2893 514 2969 adulterii,
535 2893 689 2952 fornicatio
710 2891 749 2950 ab
770 2892 827 2965 iis,
842 2890 893 2964 qui
910 2903 972 2946 rem
990 2886 1077 2962 paulo
1098 2899 1181 2943 accu-

108 2991 189 3050 ratius
203 2995 387 3068 examinant,
408 2999 542 3068 suscepta
555 2997 621 3068 est,
644 2989 782 3058 Λιγοόσης
798 2987 842 3041 zat
860 2990 906 3048 τῆς
921 2982 1121 3056 istaa'ypapic·
1143 2978 1183 3034 ὅτι

107 3089 139 3156 μή
152 3092 231 3154 πολύς
249 3089 309 3148 ἴσθι
325 3092 389 3164 πρὸς
402 3090 556 3164 ἀλλοτρίαν,
569 3093 590 3150 i.
606 3107 632 3149 e.
648 3090 768 3148 Dicente
781 3101 896 3162 quoque
909 3085 1010 3142 divina
1024 3081 1184 3154 Scriptura,

109 3191 249 3267 moniam,
266 3193 357 3250 nasis
372 3191 483 3250 multus
497 3205 565 3248 eum
581 3188 711 3246 aliena.»
728 3185 764 3244 In
781 3186 844 3242 vita
858 3200 883 3241 s.
899 3181 1050 3240 Macrinae
1061 3189 1186 3234 narrans

111 3285 180 3346 illius
192 3292 224 3348 in
238 3289 349 3348 divinis
363 3290 445 3349 libris
457 3286 701 3361 sollicitudinem,
717 3287 759 3343 ait
774 3281 938 3357 Sapientiae
950 3275 1113 3336 Solomonis
1127 3275 1186 3348 pri-

111 3397 184 3444 lllum
207 3403 327 3463 operam
340 3401 482 3446 navasse:
503 3411 515 3438 a
534 3385 604 3440 Ἀλλ’
621 3381 674 3438 ὅσα
688 3384 733 3444 τῆς
750 3378 922 3436 &conradatur
934 3377 1049 3448 γραφῆς,
1060 3373 1081 3429 i·
1092 3387 1118 3428 θ·
1131 3369 1188 3428 Sed

112 3499 180 3558 quae
200 3487 343 3546 diuinitus
360 3488 518 3561 inspiratae
536 3479 844 3558 Scripturaefaciliora
864 3476 965 3552 primis
983 3468 1126 3530 aetatibus
1147 3469 1190 3526 vi·

113 3583 228 3664 dentur,
248 3588 321 3646 baec
340 3591 424 3646 erant
443 3584 654 3644 adolescentiae
667 3595 737 3640 suae
757 3577 928 3652 disciplina,
948 3578 978 3632 et
994 3572 1122 3629 maxime
1136 3567 1188 3626 Sa·

113 3684 230 3746 lomonis
251 3685 399 3762 Sapientia
414 3683 485 3760 (boc
499 3689 544 3742 est
558 3679 754 3741 Ecclesiastioi
764 3677 855 3750 liber,
874 3689 945 3732 narn
964 3667 1190 3743 Proverbiorum

115 3781 181 3842 liber
193 3802 212 3844 a
224 3785 359 3862 Nysseno
373 3780 507 3855 παροιμίαι
517 3777 681 3858 parabolae
694 3773 855 3847 uocantur)
869 3777 947 3830 etex
960 3784 996 3827 ea
1007 3766 1191 3842 potissimum

116 3881 251 3959 quidquid
274 3882 312 3941 ad
326 3897 421 3942 mores
442 3877 631 3940 conducebat.
646 3899 659 3926 a
680 3875 716 3934 In
728 3871 901 3932 testimoniis
917 3865 1101 3940 ascripturis
1115 3875 1192 3919 sum·

117 3979 169 4052 pus
188 3996 207 4039 a
225 3980 344 4040 doctore
363 3978 400 4038 de
417 3977 546 4037 aduentu
562 3973 680 4034 Domini
698 3973 729 4029 in
749 3984 852 4044 carne,
874 3963 947 4024 illud
973 3960 1136 4037 Sapientiae
1153 3953 1191 4030 (3)

143 4189 176 4252 (1)
191 4191 255 4242 nuit.
268 4191 368 4244 Parisiis
376 4193 446 4242 Tem.
460 4182 766 4253 111.p.laa.,ncol.e.xl.
780 4187 802 4232 3.
812 4203 842 4218 -
852 4176 887 4242 (a)
897 4176 962 4226 Eool.
976 4174 1042 4223 elli.
1056 4166 1193 4220 etTomll.

121 4281 143 4330 l·
156 4271 288 4336 litt-(3)
298 4275 368 4324 Tora.
382 4272 413 4320 ll.
427 4284 451 4333 p.
465 4272 516 4320 151.
536 4268 562 4317 et
583 4267 638 4329 Sap.
648 4276 670 4314 c.
683 4263 748 4311 Vlll.
