3094 5176
857 363 1037 414 -ioi-

411 470 498 532 daim
509 485 565 547 ago
577 468 675 530 viriae.
692 493 705 520 e
730 468 852 547 baisio,
867 469 952 530 aliter
961 475 1050 548 juxte
1063 467 1220 532 hebraenm
1231 489 1370 536 mmmmm
1379 481 1429 543 lea

412 585 472 630 vox
491 566 651 628 reticebat
663 569 804 646 accipitur
820 568 989 646 paulopost
1002 569 1040 629 ab
1052 569 1154 630 eodem
1174 569 1321 650 Propheta,
1337 577 1432 640 iaham

414 667 560 744 vigilare,
575 667 646 727 tlnm
666 667 721 726 ait:
748 667 849 740 «Quia
868 666 1003 728 sciotheri
1021 667 1096 728 teet
1112 672 1134 729 i.
1151 687 1178 728 e.
1193 670 1312 748 vigilans
1323 689 1434 752 egosme

412 765 502 826 verim
515 776 596 840 mco,
620 764 775 825 etfaciam
789 765 873 825 illud.
890 789 903 818 r
926 765 964 826 Et
976 766 1033 826 hoc
1046 768 1108 826 cxii
1119 783 1137 826 e
1149 767 1257 843 duplici
1274 771 1435 845 significatione

411 862 549 924 vocabuli
560 861 704 923 selected
721 861 864 940 vigilavit
884 870 913 923 et
933 861 1092 926 schirebod
1114 864 1277 942 omypdcio
1295 868 1332 926 sic
1348 877 1435 946 vome,

410 963 517 1038 qnippe
537 960 624 1022 arbor.
644 977 715 1038 prae
732 961 888 1039 omnihus,
908 961 996 1022 hores
1016 969 1047 1023 et
1065 962 1179 1024 irnotus
1192 969 1346 1024 maturans.
1358 965 1436 1028 sillia

412 1075 555 1138 ronymus
580 1060 748 1137 hujusmodi
771 1059 851 1120 dieta
870 1063 1022 1120 vertisset:
1055 1087 1068 1114 ι
1089 1063 1211 1138 virgam
1236 1063 1389 1140 amygdalae
1404 1083 1438 1143 ege

413 1159 500 1218 uieieo
521 1158 585 1234 (uti
603 1158 776 1218 vertendum
796 1158 877 1235 erat)
899 1159 969 1236 qnia
981 1160 1109 1236 vigilans
1128 1175 1183 1236 ego
1195 1175 1282 1235 snper
1299 1159 1377 1218 verbo
1391 1161 1438 1238 hee,

414 1264 450 1319 nt
468 1257 575 1318 laelam
594 1255 697 1316 hlud»
722 1256 821 1316 lobnis
840 1255 961 1316 auribus
980 1260 1116 1335 aenigma
1135 1259 1332 1317 commisisset.
1351 1259 1440 1335 leleoqu

412 1355 470 1416 hac
489 1371 607 1432 presens
626 1353 801 1414 difflenltate
814 1353 924 1414 Ductor·
941 1353 1046 1414 mmoit
1058 1354 1211 1414 hebraicae
1230 1353 1338 1431 phrosir
1355 1357 1442 1415 elmee

413 1454 544 1529 euitare,
560 1469 648 1529 quam
662 1452 847 1529 propheticae
859 1454 983 1512 visionis
995 1453 1255 1512 mentem'llodem
1266 1453 1347 1511 modo
1359 1469 1444 1528 greces

413 1554 556 1628 interpres
567 1551 706 1612 historiae
716 1549 868 1610 Sosonnae
880 1550 945 1611 iiam
957 1553 1070 1628 pontit,
1084 1557 1119 1611 ut
1131 1549 1324 1628 significatum
1336 1553 1446 1626 proprior

414 1648 587 1710 chaldaeum
606 1649 670 1708 siue
689 1647 847 1710 hebraeam
867 1647 1049 1725 verborum,
1070 1664 1147 1725 quea
1166 1650 1256 1708 vertit
1274 1646 1446 1707 inretierat

409 1751 541 1826 prinam,
562 1750 712 1826 omiserit,
734 1748 850 1825 mirque
868 1750 1015 1808 invenerit
1037 1748 1075 1808 od
1088 1749 1180 1808 setim
1193 1747 1399 1824 exprimendum
1412 1748 1447 1808 lie

414 1845 501 1906 nieiis
520 1845 599 1906 meta
619 1851 723 1906 oonbu
741 1847 905 1922 hnpuellcos
924 1863 1019 1906 senes.

454 1945 482 2020 S.
505 1944 572 2005 Vll.
594 1944 732 2006 Nolendo
760 1944 885 2022 darique
904 1951 949 2006 cst
968 1946 1020 2004 ilio
1039 1947 1193 2022 pericope,
1226 1961 1302 2021 quae
1330 1944 1447 2022 leg‘turir

411 2044 473 2103 line
492 2042 633 2104 historiae
646 2043 803 2104 *Susannae
822 2046 884 2104 ite:
911 2069 924 2096 κ
939 2043 1043 2104 Daniel
1068 2050 1166 2104 antem
1186 2042 1284 2103 hctus
1303 2049 1345 2102 ast
1360 2059 1448 2119 nemu

415 2144 447 2202 in
468 2147 624 2218 conspeetu
643 2143 743 2219 populi
762 2142 840 2202 odie
853 2141 929 2220 illa,
950 2149 980 2202 et
992 2141 1166 2219 deincps.»
1190 2141 1230 2201 lte
1243 2142 1315 2201 haee
1327 2141 1448 2216 verbejm

415 2253 505 2316 snpra
524 2255 652 2316 expensa
671 2245 758 2318 eunt,
780 2247 809 2301 et
828 2240 870 2299 ibi
890 2242 1057 2301 monuimus
1076 2257 1112 2300 ea
1131 2246 1265 2316 spectare
1285 2239 1322 2298 ari
1340 2238 1448 2298 tunm

416 2336 590 2415 historiam,
612 2354 650 2398 ex
669 2355 704 2398 eo
724 2338 804 2415 quod
823 2338 991 2400 adolescens
1017 2337 1121 2398 Daniel
1133 2337 1300 2414 prophetici
1315 2337 1450 2414 mtrem

414 2435 493 2494 elicta
511 2437 679 2511 praebuerit
700 2453 720 2496 a
739 2437 787 2496 dle
806 2437 878 2512 illa,
898 2442 928 2496 et
941 2437 1087 2513 deinceps
1113 2435 1194 2510 Quae
1220 2452 1293 2495 vero
1311 2439 1448 2510 emonem:

418 2555 432 2585 ι
446 2532 485 2594 lte
504 2551 557 2594 rex
570 2534 716 2613 Astyages
736 2535 1099 2612 appositorestadpatres
1113 2551 1203 2611 snos,
1218 2540 1250 2593 et
1262 2531 1451 2609 moepreeyre

412 2649 499 2708 1³⁰¹*sa
518 2649 641 2710 regnum
661 2637 766 2711 eiua»
790 2636 859 2693 itam
880 2639 1011 2710 spectare
1031 2633 1168 2692 videntur
1188 2633 1229 2692 ari
1250 2631 1411 2708 praedictam
1425 2629 1451 2686 bl·
1500 2627 1501 2632 ’

413 2732 560 2806 storiam
582 2733 667 2808 guasi
681 2738 752 2790 nota
767 2732 838 2792 ilino
852 2748 870 2792 a
883 2747 968 2792 sacro
981 2734 1122 2807 scriptore
1135 2731 1246 2790 collate
1258 2729 1299 2789 ad
1310 2727 1452 2788 mitantur

414 2827 642 2904 longaevitatem
661 2829 790 2906 ejusdem
811 2829 941 2890 Danielis
954 2835 984 2888 et
998 2829 1162 2904 honoram,
1183 2843 1245 2905 quo
1265 2827 1376 2886 habites
1390 2826 1453 2884 inite

414 2923 462 2984 {e
482 2925 534 2986 illa
553 2932 584 2984 ct
602 2926 758 3004 Merope,
773 2943 874 3005 eroque
893 2927 1194 3005 erempemiAstyegis
1207 2927 1453 3002 eivebariiregnuo

419 3023 488 3101 (qni
516 3041 594 3086 unus
612 3034 642 3085 et
660 3025 747 3086 iilam¹
759 3033 826 3103 ast,
847 3034 882 3087 nt
900 3029 997 3086 ionem
1023 3025 1264 3104 lloubigantins,
1293 3041 1342 3086 sen
1360 3024 1420 3084 iriae
1433 3035 1454 3079 rr

416 3129 500 3200 pater
518 3127 580 3200 eJne
593 3123 740 3202 Astyages
754 3141 861 3188 nomen
874 3125 1087 3202 promereretur
1098 3124 1223 3201 Mers)
1241 3132 1272 3184 et
1284 3125 1352 3203 Gyri
1363 3121 1454 3199 cuim

416 3225 592 3282 satcmmris
611 3229 753 3300 mmmm,
768 3239 827 3301 quo
841 3229 999 3300 annuente,
1015 3226 1151 3301 regnavit
1162 3223 1313 3302 Astyages
1325 3238 1372 3281 ren
1382 3220 1454 3279 hum

417 3317 523 3380 Marius
542 3319 702 3399 Babylone.
725 3321 802 3381 lluie
822 3322 927 3382 shnilis
946 3321 1071 3382 eloeutm
1085 3322 1192 3400 legitur
1211 3321 1287 3380 alibi
1299 3323 1331 3380 io
1346 3319 1456 3393 sciptum

417 3415 667 3478 Proto-Canonica
686 3420 779 3494 ipsius
797 3417 964 3496 Prophetae
979 3436 1006 3478 e.
1029 3437 1075 3479 vr.
1101 3419 1218 3480 «Porro
1240 3417 1343 3478 Daniel
1360 3427 1454 3493 pererit

414 3518 493 3575 rasit
512 3532 605 3594 neque
624 3518 663 3578 etl
676 3533 800 3595 regnum
820 3518 922 3594 Darii,
943 3533 1124 3596 regnumque
1137 3518 1207 3595 Gyri
1228 3533 1341 3594 persae.
1354 3541 1365 3566 υ
1379 3514 1456 3572 lou

414 3614 560 3690 exepleris
574 3615 725 3693 Origcnls,
736 3616 973 3677 ntritlerecrtin
982 3617 1082 3676 coelice
1089 3617 1241 3693 chisiano,
1253 3611 1456 3675 secernitdiebu

414 3713 569 3788 pericopen
589 3712 627 3772 ab
647 3714 771 3774 historia
791 3715 926 3774 draconh
945 3715 1077 3792 cthii,
1102 3730 1225 3791 eamque
1246 3714 1339 3773 neoth
1355 3708 1457 3769 hbieritt

415 3807 575 3868 Susannao.
599 3810 637 3870 iit
654 3813 687 3870 in
701 3811 789 3890 hujus
808 3813 985 3872 &maurinis
1007 3815 1125 3891 signnm
1139 3815 1274 3889 seqnitur
1288 3804 1458 3871 monebit

414 3907 496 3966 coris
516 3912 546 3966 et
558 3906 620 3966 bell
640 3907 696 3968 heo
710 3911 915 3986 hrsomptlone:
942 3935 955 3962 e
969 3911 1014 3970 Ex
1028 3909 1182 3988 prophetie
1202 3909 1325 3969 Abaorrc
1346 3907 1394 3965 lilii
1411 3902 1457 3960 itit

414 4002 551 4064 detribu
571 4005 687 4065 Loui-
710 4007 824 4068 Pariter
841 4010 873 4066 in
892 4007 1019 4068 etitem
1036 4009 1229 4086 complutensi
1250 4007 1346 4066 metm
1364 4001 1458 4062 remiti-

414 4103 460 4163 inr
480 4105 517 4167 tic
536 4103 683 4184 Astyage,
700 4114 823 4185 Junetue
837 4114 882 4168 ast
896 4107 1036 4168 historiae
1055 4107 1206 4168 Smannae
1234 4107 1324 4166 sicml
1342 4107 1370 4162 in
1387 4103 1458 4159 notin

414 4199 543 4280 Vulgata
562 4204 664 4264 labne.
681 4204 718 4266 Ei
734 4204 911 4266 his·ootatle
924 4205 1041 4266 aalma
1059 4205 1268 4282 expendentur
1288 4217 1361 4280 quae
1372 4192 1459 4260 ictae

413 4304 443 4358 st
463 4297 595 4360 Drneone
613 4309 771 4364 sumantur
790 4304 829 4362 ab
848 4304 950 4364 eodem
969 4303 1100 4364 Daniele.
