2964 5174
800 411 960 462 494...-

380 523 416 581 ln
429 523 631 582 exhortatione
650 521 689 598 ad
706 521 901 598 Martyrium,
919 521 957 596 (1)
975 519 1077 581 alibro
1091 522 1217 581 seeundo
1232 523 1408 587 Machabaeo

337 635 406 682 ¹rum
421 621 493 680 haee
507 622 624 680 retulit:
644 644 657 670 «ι
669 619 726 679 Sed
739 619 865 679 fratrum
877 618 1041 679 Antiochus
1054 624 1197 696 spectavit
1209 624 1297 682 etiam
1311 627 1409 684 erucia-

338 727 405 797 tus,
425 723 476 797 qui
492 721 667 779 aeerrimmu
684 723 713 777 et
730 720 960 778 intensissimum
977 720 1010 776 in
1027 717 1179 796 Religione
1196 723 1325 780 animum
1340 723 1410 782 exhi-

338 819 452 895 buerit,
476 817 518 891 olq’
532 813 564 872 ὦν
583 811 623 881 εἷς
639 817 795 889 γενόμενος,
809 818 842 880 ὦς
858 817 873 876 ἡ
893 817 981 891 γραφὴ
997 818 1115 890 ω’νόμασε
1142 819 1259 893 πρῶτος,
1282 817 1336 874 εἷπε
1350 824 1411 895 ,πρὸς

337 919 382 971 ro'r
403 919 534 988 τύραννον·
561 919 588 972 rr'
612 917 720 989 μέλλεις
749 919 861 991 ἐρωτᾶν,
889 919 934 972 καὶ
954 917 1092 991 μανθάνειν
1106 941 1113 982 ;
1130 917 1227 991 ἕτοιμοι
1247 922 1298 993 γάρ
1311 920 1413 982 ἀποθνή-

340 1031 410 1063 σκειν
424 1011 503 1083 ἐσμὲν
522 1007 541 1069 ἢ
556 1011 724 1083 παραβαίνειν
743 1012 802 1074 τούς
823 1011 947 1084 πατρίους
967 1010 1077 1084 νόμους,
1097 1013 1117 1070 l.
1130 1029 1156 1072 e.
1172 1013 1196 1072 Ε
1214 1012 1320 1089 quibus
1333 1031 1411 1092 uuus,

337 1111 414 1169 sieut
427 1109 576 1186 Scriptura
597 1113 779 1187 nominavit,
800 1113 913 1187 primus
929 1113 970 1170 ait
984 1110 1022 1170 ad
1034 1117 1212 1188 tyrannum:
1231 1111 1269 1187 (a)
1285 1111 1354 1188 quid
1373 1115 1412 1173 vis

336 1225 475 1285 quaerere
489 1216 518 1268 et
531 1210 665 1268 discere?
675 1209 776 1268 Parati
791 1211 870 1268 enim
884 1224 986 1268 sumus
998 1211 1074 1268 mori
1085 1211 1197 1285 magis,
1210 1225 1300 1285 quam
1314 1213 1412 1286 patrias

337 1309 414 1384 leges
430 1309 605 1387 transgredi.
623 1333 635 1359 n
651 1307 697 1366 Ad
717 1307 851 1367 eumdem
867 1308 975 1367 librum
991 1307 1140 1382 praeclare
1156 1307 1231 1367 redit
1248 1311 1291 1366 sie
1310 1309 1410 1384 praeia-

335 1414 399 1467 tus:
417 1407 455 1485 (3)
475 1407 540 1467 «Ut
554 1415 650 1466 uuum
667 1410 755 1467 etiam
770 1425 807 1467 ex
826 1405 1043 1482 scripturarum
1056 1409 1227 1466 auctoritate
1244 1407 1317 1465 haee
1332 1409 1371 1466 ita
1386 1424 1410 1466 se

335 1506 444 1565 habere
463 1507 635 1583 credamus,
656 1506 741 1583 audi,
768 1506 914 1583 quomodo
931 1507 963 1563 in
983 1504 1230 1564 Machabaeorum
1253 1505 1350 1582 libris,
1368 1506 1410 1564 uhi

335 1612 429 1664 mater
449 1613 560 1683 septem
580 1611 745 1682 martyrum
762 1622 856 1664 unum
875 1622 911 1664 ex
931 1605 979 1663 his
998 1605 1168 1663 cohortatum
1191 1603 1230 1662 ad
1259 1603 1408 1662 tolleranda

336 1709 500 1781 tormenta,
516 1704 621 1764 dehoc
638 1704 774 1782 dogmate
790 1705 996 1763 confirmatur:
1011 1736 1023 1748 -
1036 1705 1120 1782 Rogo
1133 1709 1162 1763 te
1177 1703 1221 1762 iili
1235 1705 1344 1779 respice
1356 1719 1409 1763 eoe-

336 1802 398 1862 lum
420 1809 450 1862 et
466 1810 593 1879 terram,
618 1808 647 1861 et
666 1803 821 1861 adomnia
841 1805 964 1878 quaein
982 1805 1023 1861 eis
1049 1808 1136 1878 sunt,
1154 1809 1183 1860 et
1201 1801 1306 1860 videns
1327 1803 1408 1876 seito,

337 1905 407 1978 quia
421 1902 499 1962 Deus
517 1902 590 1962 haec
608 1904 707 1961 omnia
723 1902 810 1978 feeit,
821 1919 888 1961 cum
905 1919 966 1960 non
982 1909 1114 1961 essent.»
1131 1901 1176 1960 Ex
1191 1901 1306 1976 eodem,
1323 1899 1409 1977 Origo

335 2017 387 2058 nes
415 2001 473 2060 alia
489 1999 580 2060 verba
611 2003 701 2060 sumit
724 2003 756 2059 in
782 2000 965 2061 Matthaeum
981 2006 1061 2060 tomo
1079 2017 1131 2059 xv.
1155 2005 1363 2059 oommentaius
1381 2015 1409 2057 ea
1467 2061 1468 2064 ,

334 2099 425 2158 verba
443 2099 609 2175 Evangelii:
634 2099 743 2158 «Misit
762 2102 908 2175 operarios
921 2099 1078 2157 invineam
1091 2113 1186 2157 suum.
1204 2096 1354 2156 »Probare
1365 2113 1408 2155 vo·

335 2195 398 2255 lens
417 2205 633 2274 assumptorum
649 2200 784 2274 animoa,
806 2204 961 2274 postquam
974 2199 1139 2274 migrarunt
1155 2213 1171 2255 e
1189 2211 1329 2272 corpore,
1342 2193 1409 2252 haud

257 2313 261 2320 ’
333 2311 396 2355 esse
416 2297 541 2371 otiosus,
561 2312 663 2372 regum
683 2295 792 2371 libros,
808 2303 837 2354 et
854 2295 1013 2354 secundum
1031 2295 1279 2354 Maehabaeorum
1298 2296 1329 2350 in
1342 2295 1407 2352 testi·

337 2395 469 2452 monium
487 2393 615 2469 appellat
635 2393 783 2452 scribens:
804 2419 816 2444 a
839 2393 923 2452 Certe
935 2411 1008 2470 opus
1022 2393 1166 2468 iaciebat,
1187 2398 1343 2468 postquam
1358 2407 1408 2448 cor·

334 2507 405 2566 pore
425 2491 576 2566 expeditus
593 2497 638 2549 est
658 2490 773 2551 Samuel
796 2493 981 2567 vaticinans3
1002 2507 1116 2550 necnon
1137 2497 1166 2550 et
1185 2489 1347 2549 Hieremias
1364 2501 1407 2563 pro

333 2588 440 2664 populo
457 2605 556 2648 orans.
574 2590 683 2662 »Quae
701 2589 792 2648 verba
800 2589 871 2666 legit
880 2606 917 2648 ex
928 2588 1056 2664 ejnsdem
1068 2589 1135 2648 libri
1147 2584 1404 2664 Machabdeapuv.

332 2683 384 2742 uhi
401 2684 438 2742 de
454 2684 601 2744 Hieremia
618 2684 692 2744 haee
708 2685 883 2744 dictasunt:
906 2710 919 2737 ιι
933 2685 990 2744 Hie
1007 2692 1051 2744 est
1066 2688 1117 2762 qui
1133 2686 1261 2744 multum
1283 2691 1345 2744 orat
1359 2699 1403 2759 pro

334 2782 442 2857 populo
452 2781 614 2841 Hieremias
625 2781 771 2857 Propheta
778 2782 842 2841 Dei.
859 2808 872 2833 υ
889 2783 925 2841 In
939 2783 1070 2858 Epistola
1088 2783 1126 2842 ad
1137 2799 1276 2842 romanos
1292 2783 1328 2859 (4)
1343 2781 1406 2841 libro

333 2884 455 2954 octavo,
476 2879 513 2938 de
527 2879 589 2939 zelo
606 2881 767 2940 secundmu
784 2883 935 2940 seientiam
953 2885 1062 2956 pariter
1089 2881 1335 2941 Machabaeomm
1355 2881 1404 2956 pri·

336 2992 418 3035 mum
431 2983 544 3036 oenset:
565 2978 629 3037 «Et
641 2981 717 3038 sieut
734 2979 912 3057 Mathutias,
927 2980 963 3039 de
976 2997 1034 3057 quo
1050 2983 1082 3038 in
1096 2983 1191 3055 primo
1206 2980 1283 3038 libro
1298 2977 1404 3055 lilaeha·

331 3073 470 3133 besorum
487 3077 628 3152 seriptum
643 3083 705 3136 est:
723 3077 761 3153 (5)
777 3109 790 3120 ·
803 3079 879 3151 Quia
900 3078 1009 3138 zelatus
1026 3081 1116 3137 estin
1134 3079 1197 3156 lege
1212 3079 1278 3138 Dei.
1293 3103 1305 3129 υ

373 3172 505 3232 Maxima
523 3173 716 3234 Deuterarum
737 3175 954 3251 Scripturarum
974 3179 1073 3252 eopia,
1092 3179 1118 3236 si
1138 3193 1239 3235 omnes
1256 3176 1305 3234 hie
1321 3189 1404 3233 reeen-

331 3288 395 3329 sere
412 3273 572 3348 vellemus,
598 3289 674 3350 qnae
690 3291 728 3333 ex
752 3274 885 3351 origenis
903 3275 987 3336 libris
1003 3275 1168 3352 seligendae
1192 3280 1310 3350 essent,
1330 3274 1403 3332 lecto

331 3370 373 3426 ris
390 3385 475 3428 aures
495 3373 681 3446 opprimeret.
700 3373 859 3448 Hucusque
877 3373 986 3432 relatae
1011 3373 1175 3450 satisfiunt,
1202 3379 1238 3433 ut
1255 3373 1345 3430 cuivis
1361 3385 1402 3444 pu·

331 3473 411 3543 teat,
426 3469 532 3542 verba,
548 3485 623 3544 quae
636 3468 771 3544 Origines
789 3487 826 3529 ex
846 3471 892 3529 his
905 3470 987 3530 libris
999 3471 1138 3547 protulit,
1157 3488 1173 3530 e
1192 3469 1340 3545 Scriptura
1350 3474 1403 3526 tan·

330 3581 420 3641 quam
445 3567 548 3625 divina
564 3571 761 3643 excerpsisse,
782 3569 834 3627 illa
853 3568 1023 3645 Scriptura,
1046 3572 1185 3646 inquam,
1209 3569 1276 3644 ubi,
1294 3573 1328 3626 ut
1345 3565 1403 3624 scri·

329 3665 388 3738 psit
406 3665 438 3722 in
450 3665 629 3739 praelatione
645 3666 682 3724 de
696 3668 862 3742 principiis:
889 3692 901 3716 α
927 3667 1011 3726 Unus
1031 3667 1156 3743 Spiritus
1170 3667 1294 3726 Sanetus
1306 3679 1399 3724 unum·

329 3778 474 3838 quemque
492 3762 684 3840 Sanetomm,
702 3765 752 3822 vel
772 3765 1002 3842 Prophetarum,
1022 3766 1070 3825 vel
1093 3764 1300 3841 Apostolorum
1322 3762 1400 3836 inspi-

330 3863 450 3937 raverit,
461 3869 490 3920 et
504 3879 564 3921 non
581 3863 657 3922 alius
671 3865 789 3940 spiritus
802 3867 835 3923 in
852 3865 1010 3940 veteribus,
1027 3865 1102 3923 alius
1120 3881 1190 3922 vero
1207 3865 1240 3921 in
1248 3863 1305 3936 his,
1317 3860 1400 3936 quiin

331 3957 460 4019 adventu
482 3959 591 4020 Christi
608 3964 742 4038 inspirati
761 3970 848 4039 sunt,
866 3963 965 4040 luerit,
983 3961 1218 4022 manifestissime
1239 3964 1270 4020 in
1285 3957 1399 4020 occisis

328 4057 523 4132 praedicatu.
539 4085 551 4110 n
568 4059 723 4120 Praeterea
741 4062 873 4121 notanda
885 4069 955 4122 sunt
970 4063 1078 4138 etiam,
1094 4060 1220 4138 quaeda
1240 4059 1319 4120 libris
1335 4056 1399 4115 Deu-

357 4267 392 4330 (1)
408 4271 479 4320 Tum.
492 4272 511 4319 l.
523 4283 547 4333 p.
559 4278 613 4321 ist.
626 4297 656 4308 -
666 4271 701 4334 (2)
720 4281 742 4323 2.
755 4277 816 4324 liae.
828 4289 850 4324 e.
864 4277 918 4324 Vll.
931 4301 961 4314 ·-
971 4274 1005 4338 (a)
1014 4277 1107 4325 Tomi.
1120 4289 1143 4337 p.
1157 4277 1195 4324 79.
1209 4301 1239 4312 -
1250 4273 1284 4337 (i)
1294 4269 1395 4322 'romili¹

330 4362 354 4410 p.
364 4355 418 4398 62⁰.
430 4376 460 4387 -
470 4348 506 4412 (5)
524 4357 545 4400 i.
558 4353 620 4402 Mae.
632 4367 654 4402 c.
667 4356 699 4402 ΙΙ.
