3070 5180
787 412 827 424 ····
848 398 916 440 xm
937 412 978 424 ····

350 498 433 574 cuti
460 494 503 574 hi
530 495 623 573 libri
656 521 823 602 quoque
854 495 1044 601 plurimas
1078 497 1286 574 continent
1313 485 1418 574 diffi-

351 630 543 726 cultates,
574 629 707 709 omnia
731 627 923 708 tentanda
944 646 1066 726 sunt,
1098 646 1144 708 ut
1164 630 1341 736 singulae
1369 629 1420 709 de

350 762 482 843 medio
505 762 750 842 auferantur.
774 764 1018 870 Linguarum
1042 764 1210 869 peritia,
1236 764 1417 872 inquam,

351 897 502 1005 quibus
528 913 668 992 antea,
697 913 737 974 ct
761 896 929 1003 scripta,
960 913 999 974 et
1024 896 1211 976 translata
1233 897 1344 976 fuere
1365 895 1423 975 di-

351 1030 446 1108 vina
469 1029 619 1127 Biblia,
649 1029 779 1126 utilis,
810 1046 850 1107 et
876 1057 1005 1137 aequa
1031 1031 1197 1109 istorum
1224 1031 1422 1137 interpre-

349 1163 446 1242 tatio
474 1163 648 1241 obtineri
671 1179 827 1269 potest,
858 1191 950 1241 cum
967 1179 1099 1242 tamen
1124 1165 1166 1242 in
1193 1165 1422 1270 interpretis

351 1313 483 1375 mente
509 1323 663 1402 semper
690 1296 805 1374 firmo
832 1297 1054 1394 habeatur,
1085 1313 1124 1376 et
1150 1295 1334 1376 credatur
1359 1325 1422 1375 sa-

351 1430 428 1508 cris
458 1431 521 1509 bis
547 1430 660 1508 libris
687 1431 886 1508 contineri
912 1431 1142 1529 veritatem,
1173 1450 1213 1511 et
1243 1461 1327 1512 non
1359 1459 1422 1512 er-

353 1591 510 1661 rorem,
541 1561 700 1642 eosdem
726 1593 807 1642 esse
829 1563 1000 1670 Spiritus
1032 1562 1166 1645 Sancti
1193 1595 1319 1672 opus,
1346 1566 1421 1673 qui

352 1695 462 1775 haud
494 1697 648 1804 decipi,
679 1715 748 1775 aut
783 1697 966 1804 decipere
1003 1716 1160 1805 poterat
1184 1701 1228 1777 in
1260 1699 1423 1778 illorum

352 1831 640 1936 inspiratione;
680 1849 720 1909 et
750 1835 825 1911 hac
859 1832 989 1912 cordis
1016 1833 1232 1932 firmitate,
1265 1849 1424 1940 praeter

352 1963 529 2041 humana
550 1967 782 2064 conamina,
812 1965 1038 2046 divinarum
1054 1966 1347 2074 Scripturarum
1371 1965 1425 2044 fa·

353 2097 468 2175 cilius
494 2100 676 2178 notitiam
695 2129 1015 2208 consequemur:
1036 2133 1056 2174 r<
1079 2099 1344 2180 Accedentem
1371 2099 1425 2180 ad

353 2235 483 2312 Deum
509 2233 672 2314 credere
698 2253 856 2342 oportet
883 2238 980 2342 quia
1005 2253 1086 2332 est,
1116 2253 1157 2315 et
1182 2236 1426 2343 requirenti-

353 2368 431 2446 bus
452 2397 492 2446 se
519 2386 810 2448 remuneratur.
833 2401 852 2440 a

362 2603 366 2614 ἱ
408 2502 453 2578 ln
472 2504 534 2580 his
552 2504 739 2581 omnibus
764 2504 903 2609 utique
929 2500 1113 2580 incedere
1141 2499 1331 2580 debemus
1357 2501 1425 2606 ju-

355 2653 422 2712 xta
441 2653 601 2742 patrum
628 2638 832 2733 instituta,
864 2637 936 2743 qui
968 2637 1010 2713 in
1042 2635 1216 2714 Ecclesia
1243 2634 1317 2712 Dei
1343 2635 1425 2712 hoc

353 2800 456 2879 opus
471 2770 738 2877 perfecerunt,
755 2769 860 2848 illius
878 2769 1048 2848 utilitate
1068 2786 1334 2875 praesumpta.
1352 2767 1428 2845 Ne-

353 2933 434 3012 que
454 2904 529 2983 sub
552 2906 735 2983 vanitatis
761 2906 891 3012 specie
913 2906 985 2982 has
1003 2904 1159 3011 linguas
1178 2901 1423 2998 didicerunt,

353 3037 421 3116 sed
456 3040 634 3146 inspecta
664 3039 786 3146 hujus
821 3038 942 3117 studii
974 3039 1203 3116 necessitate
1230 3036 1331 3115 illud
1359 3063 1427 3114 su-

352 3189 578 3280 sceperunt.
619 3172 677 3250 lta
714 3173 831 3250 nobis
867 3169 1066 3278 agendum
1096 3188 1152 3249 est
1182 3200 1190 3246 :
1234 3203 1252 3243 κ
1289 3167 1427 3249 Scien-

353 3304 450 3383 dum
475 3323 560 3403 est,
591 3306 726 3418 inquit
748 3305 914 3384 Walton
943 3306 1025 3384 suis
1050 3305 1092 3382 in
1112 3304 1424 3410 Prolcgomenis,

352 3439 582 3544 linguarum
604 3440 787 3545 peritiam
810 3441 974 3546 januam
1000 3436 1164 3544 quidem
1190 3465 1272 3516 esse
1299 3435 1427 3515 adro

356 3599 446 3647 rum
475 3569 697 3650 doctrinam
729 3570 1052 3680 adipiscendam;
1093 3590 1133 3650 at
1159 3599 1293 3649 rerum
1324 3573 1428 3678 ipsa·

352 3732 445 3781 rum
479 3706 747 3812 cognitionem
781 3703 881 3782 illud
918 3731 1024 3802 esse,
1056 3702 1168 3811 quod
1194 3705 1301 3782 viros
1334 3731 1427 3782 vere

352 3836 492 3916 doctos
513 3837 654 3917 reddit.
677 3840 855 3944 Linguae
870 3837 977 3915 enim
995 3839 1199 3944 putamina
1222 3855 1335 3934 sunt,
1357 3867 1429 3915 ηιιμ

352 3973 460 4050 cleus
479 4001 573 4052 vero
598 3990 656 4052 est
682 3976 768 4081 ipsa
790 4000 923 4051 rerum
947 3972 1149 4079 cognitio,
1176 4000 1250 4049 nee
1270 3972 1429 4078 linguas

350 4123 517 4213 propter
543 4133 608 4201 se,
640 4105 707 4184 sed
731 4123 897 4213 propter
933 4105 1042 4185 aliud
1083 4103 1306 4184 ediscimus.
1339 4105 1424 4205 Qui

351 4266 447 4316 vero
474 4241 515 4316 in
534 4240 681 4346 linguis
699 4242 878 4339 haerent,
896 4240 1041 4318 similes
1060 4258 1154 4318 sunt
1177 4240 1246 4337 iis,
1278 4239 1350 4344 qui
1379 4239 1422 4315 in
