3022 5178
763 341 945 394 -234-

309 449 1392 528 tant.·'tttbrittbuabeorerocanonicohactnsynooocttantur.oood

310 557 408 612 autem
429 567 483 610 uos
502 549 544 608 ibi
559 548 790 608 animadvertere
806 548 965 624 debemus,
979 551 1074 608 oratio
1088 555 1135 608 ost
1150 549 1273 608 loannis
1287 547 1325 607 de
1337 549 1394 608 lla·

309 651 394 726 gusto
406 647 443 708 dc
454 649 659 714 ,communione
672 646 728 706 sub
741 653 864 723 unaque
881 649 994 723 specie,
1012 650 1044 706 in
1059 663 1118 723 qua
1135 647 1287 724 praeclara
1309 645 1395 704 nobis
1492 686 1493 706 r

309 744 390 805 dicta
406 752 608 823 proponantur
627 745 665 804 de
678 760 711 803 re
727 750 846 804 nostra:
864 769 877 794 ι
888 745 925 803 ln
941 746 1045 821 primis
1057 745 1193 821 quiden,
1211 747 1321 821 inquit,
1337 759 1396 802 ma·

310 841 450 902 nitentum
471 847 516 902 cst
532 842 679 918 Bibliam,
696 857 773 919 quae
792 847 837 902 est
849 841 1074 902 fundamentum
1089 845 1179 902 totins
1195 841 1265 901 fidei
1278 847 1396 900 nostrae

312 947 342 998 et
358 941 569 1000 woleslastlcoe
581 939 772 1016 disciplinae,
792 938 900 1015 robur,
914 943 1162 1000 etauctoritatem
1181 942 1349 1016 accepisse,
1369 945 1399 998 et
1494 939 1495 952 ¹

312 1039 510 1112 acceptatione
528 1044 558 1096 et
577 1035 786 1113 approbatione
804 1035 949 1096 bbclesiae
966 1038 1154 1113 universalis,
1172 1037 1336 1116 secundum
1355 1052 1399 1095 re·
1495 1035 1496 1052 ³

307 1137 488 1211 parationem
510 1133 620 1194 Esdrae
639 1134 753 1194 scribae
775 1140 844 1194 ante
866 1141 998 1211 tempora
1016 1133 1136 1195 Christi.
1159 1137 1284 1214 Insuper
1302 1136 1398 1194 maui-
1497 1184 1498 1218 ,

308 1233 417 1294 icauna
433 1237 478 1292 cst
495 1231 604 1291 multos
624 1235 655 1291 in
676 1231 778 1292 eodem
795 1231 946 1291 volumine
963 1231 1054 1292 libros
1072 1235 1233 1309 contineri,
1254 1235 1308 1308 qui
1321 1230 1399 1308 apud

304 1329 431 1407 judaeos
446 1332 477 1389 in
495 1331 668 1390 anctoritate
684 1346 745 1388 non
769 1329 934 1406 habentur,
952 1329 1004 1390 sed
1023 1333 1100 1389 inter
1116 1330 1302 1408 apocryphos
1320 1346 1399 1388 corn·

308 1434 461 1505 patantur;
474 1431 526 1505 qui
538 1433 638 1488 tamen
651 1427 729 1503 apud
742 1444 797 1488 nos
811 1429 842 1487 in
857 1427 960 1488 eadem
973 1432 1160 1488 veneratione
1173 1435 1203 1488 et
1222 1429 1398 1488 auctoritate
1500 1504 1501 1514 ἵ

309 1528 475 1604 habentur,
489 1530 566 1588 sicut
587 1533 617 1586 et
634 1530 742 1586 caeteri
759 1534 788 1586 et
805 1528 863 1588 boc
879 1529 981 1604 utique
999 1531 1119 1588 nonnisi
1135 1545 1174 1588 ex
1194 1527 1355 1588 traditione
1370 1533 1399 1586 et
1501 1609 1502 1622 χ

309 1629 506 1702 acceptatione
520 1627 667 1686 Ecclesiae
678 1627 853 1686 universalis
868 1625 1051 1703 Catholicae,
1071 1627 1178 1713 qulbus
1195 1626 1397 1712 contradicere
1501 1641 1502 1650 ¹

311 1726 491 1786 nullomodo
505 1728 690 1802 pertinaciter
703 1727 785 1785 licet:
804 1751 818 1776 ν
834 1725 909 1786 Cum
922 1729 1018 1785 omnis
1034 1725 1185 1802 Scriptura
1201 1726 1307 1802 (antes
1320 1725 1400 1786 dixe-
1502 1751 1503 1756 ¹

317 1825 382 1900 rat)
397 1826 504 1883 veteris
524 1825 690 1883 testamenti
710 1829 740 1884 et
756 1825 827 1883 novi
843 1829 980 1884 contenta
991 1827 1023 1882 in
1044 1825 1194 1884 volumine
1210 1823 1323 1884 bibliae
1341 1823 1400 1882 edi·
1503 1823 1504 1832 ’

316 1929 347 1981 ta
373 1924 412 1982 sit
437 1921 476 1982 ab
494 1921 662 1982 auctoribus
684 1923 769 1998 sois,
788 1921 898 1999 Spiritu
917 1921 1024 1982 Sancto
1049 1925 1219 2000 inspirante.
1245 1947 1258 1974 ι
1285 1922 1351 1982 lloc
1372 1925 1401 1980 in

314 2020 441 2079 concilio
466 2037 517 2096 per
542 2021 769 2096 acceptationem
792 2021 898 2080 barum
916 2020 1155 2098 Scriptnrarum,
1176 2021 1267 2080 nullis
1286 2026 1402 2097 patrrnn

315 2117 529 2193 obstantibus,
548 2135 650 2178 earum
679 2116 820 2193 probatur
840 2118 943 2178 divina
966 2120 1049 2195 origo
1077 2125 1106 2178 et
1121 2121 1345 2194 testimoninm,
1365 2119 1402 2176 si·
1506 2143 1507 2154 u

318 2219 379 2276 coti
393 2223 480 2276 antee
494 2217 603 2293 pluries
617 2223 760 2278 statutum
774 2216 880 2276 iuerat.

358 2315 386 2390 S.
409 2315 462 2374 XI.
478 2315 552 2374 Fere
564 2316 666 2374 codem
683 2322 813 2391 tompore
826 2316 982 2375 concilium
999 2316 1151 2377 Ferrariae
1168 2315 1340 2376 inchoatum
1360 2321 1402 2374 est

320 2413 462 2490 alterum,
478 2414 557 2490 quod
570 2420 686 2489 postero
704 2431 798 2490 anno,
813 2431 848 2473 ea
860 2415 926 2474 loca
940 2413 1097 2474 invadente
1113 2421 1208 2491 peste,
1226 2415 1402 2474 Florentiam

318 2514 495 2570 translatum
509 2518 569 2587 est,
593 2529 630 2570 ex
645 2529 705 2588 quo
719 2511 890 2572 florentinae
905 2512 1011 2590 synodi
1023 2529 1131 2572 nomen
1150 2515 1271 2588 accepit.
1286 2511 1337 2572 Ad
1349 2511 1402 2570 boc

320 2608 477 2668 concilium
500 2615 614 2686 praeter
633 2610 826 2669 occidentales
846 2616 1046 2670 convenerunt
1063 2611 1288 2686 alexandrinae,
1312 2612 1403 2668 antio-

321 2707 431 2766 chenae
456 2715 486 2766 et
510 2707 785 2786 hierosolymitanae
804 2709 942 2768 ecclesiae
964 2708 1062 2786 legati.
1092 2709 1286 2786 Praecipuum
1308 2714 1404 2767 autan

320 2809 491 2884 negotium,
510 2806 589 2882 quod
602 2806 644 2866 tbi
657 2813 755 2867 aotrnn
769 2811 824 2884 est,
840 2807 877 2866 de
889 2807 1045 2868 concordia
1063 2808 1201 2868 ecelesiae
1215 2807 1326 2868 latinae
1339 2823 1404 2866 cum

318 2921 436 2982 graeca,
453 2905 527 2964 illud
547 2905 692 2981 instabat,
704 2906 742 2964 de
759 2908 943 2982 processione
962 2907 1074 2966 scilieet
1090 2906 1214 2982 Spiritus
1236 2905 1351 2981 Sancti,
1369 2905 1404 2964 de

317 3002 466 3063 additione
479 3019 531 3062 seu
545 3003 738 3078 explicatione
751 3003 804 3064 illa
815 3005 848 3062 in
861 3003 997 3081 symbolo
1010 3004 1090 3064 iacta
1107 3003 1261 3082 Filioque,
1286 3003 1325 3064 de
1338 3019 1404 3080 azy·

317 3119 366 3162 mo
382 3109 412 3162 et
429 3102 619 3177 fermentato,
638 3102 675 3162 de
691 3103 878 3179 Purgatorio,
894 3119 929 3161 ac
942 3101 1095 3162 beatorum
1110 3103 1267 3179 fruitione,
1281 3103 1406 3179 denique

317 3200 354 3260 de
375 3202 505 3278 primatu
525 3200 677 3260 Romanae
701 3201 856 3260 Ecclesiae.
886 3202 921 3260 ln
945 3201 992 3260 bis
1010 3217 1098 3276 porro
1119 3201 1255 3261 omnibus
1276 3201 1405 3260 articulis

317 3298 495 3375 sanciendis,
506 3305 594 3374 atque
607 3301 640 3356 in
652 3298 876 3374 elocutionibus,
889 3315 924 3358 ac
934 3298 1180 3374 disputationibus
1193 3305 1324 3375 patrum,
1334 3298 1405 3358 Scri-

321 3403 425 3472 pturae
443 3399 549 3457 veteris
567 3397 692 3456 foederis
706 3396 1009 3456 DeuteroCanonicae
1024 3399 1055 3456 in
1070 3399 1270 3456 testimonium
1283 3397 1406 3458 advoca·

323 3503 371 3557 tae
390 3503 470 3557 sunt.
496 3497 658 3558 Collatione
677 3499 755 3556 enim
774 3495 928 3556 xx11.ubi
952 3496 1092 3572 probatur
1114 3499 1260 3574 processio
1285 3496 1407 3573 Spiritus

320 3592 447 3654 Sanctia
461 3595 560 3672 Patra,
573 3595 705 3654 addltnr:
725 3619 738 3646 a
750 3595 788 3654 Et
800 3594 857 3654 boc
871 3601 1036 3656 constater
1049 3601 1132 3656 textu
1144 3596 1264 3656 divim
1276 3594 1404 3673 Scriptu-

320 3708 386 3768 me,
404 3692 457 3751 ubi
477 3692 637 3768 Sapientia,
653 3694 699 3754 vel
717 3693 867 3768 Scriptura
881 3693 1007 3770 loquens
1025 3694 1062 3754 de
1077 3694 1181 3754 divina
1203 3693 1404 3770 Sapientiam

322 3791 365 3848 ita
381 3789 468 3847 dicit:
484 3790 664 3851 -Ernanatio
683 3791 828 3868 quaedam
845 3797 890 3850 est
910 3792 1052 3854 claritatis
1065 3795 1272 3868 omnipotentis
1291 3792 1357 3869 Dei,
1380 3799 1407 3852 et

320 3889 419 3963 imago
436 3887 576 3948 bonitatis
592 3888 682 3948 illins.
700 3915 712 3940 ν
730 3889 843 3950 Pariter
862 3890 1004 3966 probatur
1025 3908 1063 3950 ex
1085 3892 1187 3950 divina
1204 3891 1403 3968 scripturali)

320 3985 399 4060 quod
418 3985 536 4061 prodire
555 3987 633 4046 idem
650 3991 741 4047 sitae
760 3988 932 4065 procedere:
951 3990 1037 4066 «Ego
1053 4007 1090 4050 ex
1114 4007 1164 4050 ore
1185 3989 1330 4050 Altissimi
1343 4007 1405 4066 pro-

321 4083 383 4142 divi
401 4087 606 4161 primogenita.
622 4112 634 4135 n
650 4087 729 4145 Haec
743 4089 910 4146 testimonia
923 4089 1059 4166 insuper,
1076 4105 1171 4166 neque
1183 4090 1302 4165 latinis,
1317 4103 1403 4164 neque

353 4277 388 4341 (ι)
405 4281 461 4343 sap.
483 4281 616 4329 a.v11.-
635 4280 669 4344 (α)
688 4283 924 4333 ocerannus.
