3070 5180
774 411 814 424 -·
834 393 926 438 xxxll
947 411 988 422 ·····

344 501 470 581 titiam
496 512 807 604 consequantur.
839 493 1130 573 Grammaticae
1153 521 1258 592 usu,
1288 521 1334 572 ac
1361 491 1419 573 le·
1533 583 1534 590 Ν

348 637 532 713 xicorum
561 648 652 738 tyro
676 645 878 708 assecutus
901 627 1078 740 ejusdem
1109 645 1346 737 praecepta,
1379 645 1421 708 et

347 767 563 847 verborum
595 758 925 869 significationem
947 762 1207 870 primariam,
1237 763 1300 841 vel
1327 762 1421 842 sim-

350 900 515 1009 plicem,
537 897 700 976 minime
714 899 866 1005 peritus
879 896 1039 1004 linguae
1057 897 1304 995 aestimatur3
1326 923 1422 974 nam

348 1033 537 1112 materiali
560 1029 734 1140 quadam
756 1031 943 1132 vocabuli
969 1029 1285 1138 significatione,
1315 1029 1420 1108 nihil

236 1177 240 1190 '
347 1165 456 1246 aliud
480 1166 702 1275 percipitur
731 1165 807 1243 nisi
827 1193 972 1262 sonus,
1004 1192 1089 1271 quo
1112 1162 1266 1271 aliquid
1286 1163 1421 1270 expri-

278 1395 281 1401 .
348 1301 482 1379 mitur.
513 1297 554 1376 Si
582 1296 748 1406 quidam
774 1324 870 1405 prae
896 1297 1083 1376 manibus
1112 1297 1329 1393 elementa,
1356 1287 1422 1375 vel

350 1431 555 1542 quoddam
596 1433 755 1511 lexicon
788 1431 969 1530 habens,
1011 1448 1050 1510 ct
1075 1430 1226 1510 alienae
1259 1431 1422 1538 linguae

350 1593 467 1645 voees
499 1566 653 1672 aliquas
681 1566 990 1671 interpretatus,
1020 1564 1158 1672 lingua
1189 1562 1331 1646 doctus
1355 1589 1424 1640 vo-

351 1716 532 1796 caretur,
561 1725 663 1805 puer
686 1727 881 1806 quoque,
906 1697 1131 1806 praemissis
1157 1697 1316 1805 liuguae
1340 1697 1424 1775 lati·

351 1861 427 1911 nae
450 1830 735 1929 erudimentis‚
770 1833 893 1938 hujus
916 1832 1077 1940 linguae
1103 1832 1257 1938 peritus
1276 1830 1426 1910 dicere·

351 1983 442 2064 tur3
473 1994 519 2046 ac
539 1964 695 2045 italicus
722 1965 872 2064 idiota,
904 1967 977 2072 qui
1009 1965 1204 2074 simplici,
1237 1958 1299 2043 vel
1327 1963 1423 2043 rudi

352 2096 589 2178 educatione
617 2099 752 2178 ltaliae
787 2127 1008 2178 sermonem
1036 2099 1271 2205 acquisivit,
1300 2097 1425 2204 hujus

352 2231 512 2337 linguae
536 2233 731 2310 vocabula
748 2230 975 2329 ediscendo,
997 2232 1107 2311 nulla
1125 2248 1342 2339 praeeunte
1358 2258 1421 2309 ra-

350 2364 641 2465 tiocinatione,
672 2367 736 2445 vel
768 2368 919 2446 seclusa
951 2394 1096 2445 vocum
1128 2365 1419 2462 meditatione,

354 2525 455 2604 quas
482 2499 655 2605 profert,
684 2516 895 2578 vocaretur
920 2527 971 2578 ne
999 2527 1140 2608 reapse
1171 2501 1317 2578 thusco
1337 2497 1422 2576 elo-

353 2633 452 2738 quio
475 2631 668 2711 edoctus?
695 2633 851 2712 Horum
878 2649 1022 2710 neuter
1050 2634 1117 2740 jus
1143 2633 1221 2712 sibi
1245 2630 1425 2711 vindicat

354 2794 437 2846 sese
460 2766 619 2873 linguae
646 2767 813 2865 latinae,
846 2767 908 2846 vel
935 2767 1088 2846 italicae
1112 2767 1287 2874 peritum
1313 2794 1423 2844 nun-

352 2899 541 3008 cupandi.
578 2899 701 2980 Aliud
725 2901 975 3008 exquiritur,
1008 2919 1054 2979 ut
1084 2901 1175 3007 quis
1197 2927 1271 3007 par
1288 2899 1422 3006 cujus-

245 3105 246 3108 ,
352 3032 442 3112 darn
460 3033 621 3142 liuguae
639 3031 767 3140 judex
785 3033 994 3112 habeatur.
1021 3033 1201 3140 Linguae
1219 3033 1423 3112 elementis

352 3167 584 3274 acquisitis,
615 3185 804 3275 utsupra
830 3168 993 3264 censui,
1019 3193 1178 3246 necesse
1204 3183 1262 3246 est
1286 3165 1418 3262 etiam,

350 3299 520 3379 lectione
544 3299 693 3407 pluries
715 3301 821 3378 illius
840 3301 1014 3379 auctoris
1041 3299 1236 3406 repetita,
1264 3314 1304 3378 et
1326 3327 1421 3377 cum

352 3459 398 3510 ea
411 3432 549 3538 lingua
573 3432 833 3512 familiaritate
852 3435 951 3516 inita
960 3494 974 3530 .‚
1003 3433 1059 3512 ait
1078 3431 1354 3539 Augustinus,
1376 3447 1422 3510 ut

355 3593 451 3644 cura
473 3568 672 3664 maxima,
702 3582 741 3644 et
767 3563 1034 3645 sollicitudine
1062 3563 1239 3674 ejusdem
1265 3561 1422 3672 ponde-

353 3717 495 3777 rentur
541 3700 689 3806 origo,
730 3697 917 3796 indoles,
954 3702 1257 3806 proprietates,
1298 3715 1421 3804 atque

353 3830 465 3928 loca,
494 3848 700 3939 tempora,
735 3831 812 3908 viri
834 3859 1000 3939 quoque
1031 3831 1316 3929 conferantur,
1346 3832 1420 3939 qui

352 3963 476 4042 locuti
505 3981 627 4062 sunt,
656 3963 1010 4066 animadvertendo
1039 3994 1123 4073 quo
1155 3966 1230 4042 viri
1264 3963 1320 4042 illi
1357 3964 1419 4042 in-

352 4095 573 4176 tendebant
599 4099 642 4176 in
665 4097 868 4177 similibus
893 4099 1099 4179 vocabulis
1127 4095 1417 4193 enunciandis;

352 4246 392 4309 et
414 4257 536 4336 quam
548 4231 743 4311 rationem
767 4232 806 4310 in
822 4233 996 4339 propriis
1019 4231 1225 4312 sententiis
1245 4229 1419 4310 habebat
