2964 5174
509 366 604 419 ...81
629 329 681 404 J

59 493 109 538 uon
135 477 357 538 lloelesiestlous
382 477 557 536 constitutus
578 481 642 552 est,
665 476 703 535 ad
724 491 811 552 quem
830 480 901 536 certi
920 477 1132 554 Prophetarum

60 585 82 638 rt
97 577 306 653 Apostolorum
323 575 392 634 libri
417 577 606 651 pertineant,
621 575 695 650 quos
715 576 835 634 omnino
846 575 979 652 judicare
999 593 1060 636 non
1084 594 1135 636 au-

57 675 184 752 deamus,
206 682 237 735 et
255 674 416 734 seeundum
434 689 506 749 quos
524 672 561 731 de
580 675 682 732 ceteris
694 671 797 732 litteris
809 674 855 732 vel
871 673 1033 734 infidelium
1047 675 1136 736 libere

55 773 219 850 judieemus.
239 797 252 824 r
278 773 341 832 llae
359 772 509 846 doctrina,
530 771 587 829 hae
611 770 669 830 lide
690 773 783 830 vitam
811 787 846 830 ae
865 777 989 831 mortem
1010 775 1139 850 signavit

58 871 241 948 Augustinus.
683 949 686 953 λ

104 969 133 1045 S.
158 969 212 1028 IX.
235 967 384 1028 Possidlus
398 968 549 1044 episeopus
563 955 736 1026 calamensis
751 969 782 1025 in
796 970 891 1027 saneti
904 967 1062 1046 Augustini
1075 973 1138 1030 vita

55 1067 158 1126 elibro
174 1067 284 1127 Tobiae
313 1067 386 1125 haee
405 1066 491 1125 dielt.
511 1091 524 1116 o
536 1066 574 1124 Et
593 1065 738 1125 fraternas
762 1083 861 1142 preces
881 1083 1002 1143 poscens
1018 1070 1055 1127 de
1076 1072 1131 1145 iis,

56 1182 122 1242 quae
149 1168 281 1242 aeeipere
300 1165 445 1241 cupiebat:
460 1164 703 1224 -Saerementum
719 1166 810 1241 igitur
830 1168 925 1242 regis,
949 1173 983 1225 ut
1004 1167 1137 1244 angelica

55 1265 220 1322 auctoritate
239 1264 386 1338 prolatum
404 1268 466 1338 est,
478 1262 589 1322 bonum
603 1268 647 1321 est
660 1262 851 1340 abscondere,
867 1279 956 1339 opera
969 1271 1068 1326 autern
1080 1265 1136 1326 Do

54 1364 117 1420 mini
140 1361 271 1421 revelare
287 1368 315 1420 et
331 1348 461 1420 eonfiteri
484 1360 678 1420 honorificum
695 1366 749 1420 est.
768 1385 780 1412 υ

88 1461 115 1535 S.
139 1460 179 1518 x.
204 1459 336 1520 Obeunte
354 1460 470 1519 saeoulo
489 1462 610 1535 quinto,
625 1459 750 1519 Cerealis
766 1457 804 1535 (ι)
819 1461 937 1519 natione
954 1460 1016 1519 aler
1033 1463 1137 1520 castel-

54 1559 133 1616 lensis
147 1560 301 1633 episeopus
314 1560 509 1634 interrogatus
524 1573 542 1616 a
556 1557 719 1617 Maximino
732 1560 834 1616 ariano
848 1560 1005 1635 episeopo,
1021 1575 1060 1617 an
1072 1575 1137 1635 pos-

53 1663 89 1714 set
105 1656 155 1715 vel
174 1658 276 1731 paucis
296 1656 412 1716 divinae
430 1655 596 1731 Seripnnae
614 1657 804 1732 testimoniis,
825 1656 934 1732 absque
956 1657 1018 1716 ulla
1037 1658 1137 1734 ‹lispu-

55 1755 168 1814 tationis
189 1755 348 1815 assertione
374 1753 462 1812 fldem
488 1753 668 1812 Catholioam
687 1756 852 1830 assignare3
879 1756 1027 1830 respondit
1049 1771 1080 1816 se
1106 1760 1138 1814 in

53 1855 165 1912 nomine
183 1852 317 1928 Domini,
339 1852 520 1928 suffragante
535 1851 591 1910 sibi
607 1855 748 1928 varitate,
763 1868 824 1910 non
837 1855 938 1927 paneis
948 1856 1134 1931 testimoniis,

51 1953 120 2010 sieut
142 1950 325 2024 Maximinus
342 1949 467 2010 irridens
480 1952 618 2025 petierat,
644 1950 695 2008 sed
708 1952 833 2024 copiosis
846 1957 909 2009 tam
922 1955 1029 2011 veteris
1047 1958 1135 2012 testa-

52 2052 153 2126 menti,
166 2063 257 2128 quam
273 2051 344 2108 novi
359 2048 537 2124 approbare3
553 2063 628 2124 quae
645 2047 743 2106 libello
754 2048 854 2108 edidit.
871 2049 951 2108 Inter
964 2050 1037 2110 haee
1055 2054 1134 2110 testi·
1188 2061 1190 2066 '

52 2149 145 2207 monia
156 2130 259 2206 eontra
269 2147 403 2207 eumdem
411 2145 496 2206 nobis
507 2155 664 2206 occurrunt
674 2146 764 2205 verba
774 2147 948 2222 Sapientiae:
963 2147 1001 2224 (a)
1017 2173 1029 2198 «
1038 2147 1137 2224 Splen-

52 2245 100 2304 dor
112 2251 159 2305 est
174 2247 249 2306 lueis
267 2251 417 2322 aeternae,
438 2252 467 2305 et
487 2239 636 2321 spatulum
659 2247 722 2304 sine
744 2246 859 2304 maeula
878 2247 931 2305 Dei
953 2249 1135 2324 majestatis,

55 2345 146 2421 imago
168 2343 308 2403 bonltatis
324 2345 413 2402 illius.
430 2369 441 2394 r
459 2342 529 2421 Cap.
545 2355 580 2400 'v.
603 2360 640 2402 ex
659 2343 760 2402 eodem
779 2342 853 2402 libro
874 2345 981 2419 exeipit
998 2344 1134 2404 Cereulls:

57 2442 161 2515 «Quod
178 2444 363 2518 omnipotens
381 2448 424 2500 est
444 2441 554 2517 Filius,
576 2443 618 2500 sie
629 2439 765 2518 docetur,
786 2444 818 2500 in
836 2441 990 2502 Salomone
1008 2444 1134 2520 legitur:

54 2539 264 2616 -umuipotens
280 2555 375 2599 sermo
393 2546 462 2600 tuus
481 2540 605 2599 Domine
620 2541 742 2600 exiliens
760 2556 778 2598 a
794 2541 941 2617 regalibus
956 2541 1089 2618 sedibus,
1104 2545 1136 2600 in

54 2637 173 2698 mediam
194 2641 361 2698 exterminii
380 2645 489 2698 terram
510 2637 665 2713 prosilivit.
690 2662 702 2690 o
728 2638 821 2697 Paulo
843 2646 925 2715 post:
945 2641 1135 2700 «Hieremias

54 2735 192 2814 Pmpheta
211 2738 283 2797 dieii
304 2737 371 2816 (qul
389 2755 442 2814 pro
464 2737 579 2798 Berueh
602 2738 650 2796 hie
674 2737 811 2814 habetur)
826 2757 833 2797 :
851 2771 863 2783 -
878 2739 1005 2816 Magnus
1023 2747 1086 2817 est,
1105 2747 1134 2800 et

52 2849 102 2894 non
117 2835 209 2896 habet
222 2835 329 2911 finem,
347 2837 479 2896 excelsus
498 2843 527 2894 et
545 2839 715 2912 immensus,
731 2836 779 2894 hie
796 2836 874 2896 Deus
892 2844 1010 2914 noster,
1029 2845 1058 2898 et
1074 2855 1135 2898 non

52 2939 88 2991 est
101 2935 189 2994 alius:
202 2933 260 2994 -Et
277 2941 309 2994 ut
324 2939 461 3010 appareat
479 2935 515 2992 de
528 2933 643 2994 Christo
654 2934 724 3010 diei,
739 2938 886 3011 sequitur:
900 2943 1021 3014 postea
1033 2939 1064 2995 in
1078 2943 1136 2995 ter-

51 3033 86 3089 ris
97 3037 180 3092 visus
195 3039 260 3109 est,
278 3040 308 3093 et
325 3049 393 3092 oum
410 3032 577 3093 hominibus
598 3040 786 3092 conversatus
802 3041 856 3094 est.
873 3060 885 3085 »
902 3036 948 3093 Ex
966 3034 1067 3094 eodem
1081 3034 1133 3094 Sa-

51 3130 170 3202 pientiae
187 3131 225 3207 (3)
242 3131 317 3190 libro
342 3131 443 3191 doctor
464 3134 597 3190 arianum
619 3134 716 3208 arguit
729 3147 793 3206 eap.
807 3148 874 3191 xrv.
892 3134 988 3191 «Item
1005 3135 1036 3190 in
1054 3132 1134 3190 Salo·

51 3243 129 3287 mone
147 3230 234 3289 dicit:
252 3229 398 3306 -Spiritus
412 3230 535 3290 Sanetus
549 3233 671 3306 uniens,
689 3230 859 3306 multiplex,
879 3231 1009 3306 subtilis,
1029 3232 1134 3290 immo-

50 3325 128 3403 bilis,
143 3330 400 3404 incoinquinatuS,
416 3335 528 3405 certus,
546 3345 686 3404 securus,
702 3345 805 3388 amans
818 3329 948 3404 bouum,
970 3330 1070 3386 omnia
1082 3344 1133 3404 po

51 3427 123 3502 iens,
138 3429 238 3484 omnia
251 3429 433 3502 praesciens:
455 3428 557 3488 -Ecee
571 3428 666 3504 qualis
685 3433 729 3486 est
747 3427 871 3502 Spiritus
890 3427 1024 3486 Sanetus.
1039 3451 1052 3477 o
1076 3427 1131 3486 Ca·

52 3523 106 3596 pite
120 3541 173 3582 xx.
194 3527 284 3584 sumit
303 3525 496 3586 Ecclesiastiei
518 3525 624 3586 verba:
645 3551 657 3576 «
672 3527 747 3599 Quia
767 3526 988 3584 innumerabilis
1007 3530 1051 3584 est
1070 3543 1131 3585 rna·

53 3623 168 3694 gnitudo
185 3623 278 3682 Dei.»
301 3625 354 3683 His
376 3628 550 3684 testimoniis
570 3625 751 3684 Maximinus
771 3626 896 3684 arionita
915 3627 1010 3683 vietus
1030 3625 1132 3699 cessit,

51 3725 79 3776 et
98 3722 269 3798 respondere
289 3741 349 3782 non
369 3725 474 3784 valuit.

90 3819 115 3892 S.
130 3821 181 3880 xi.
197 3821 307 3882 Eodem
318 3827 447 3898 tempore
460 3822 497 3882 (le
510 3825 709 3899 perseeutione
722 3822 877 3881 vandalica
886 3827 945 3880 tras
959 3820 1049 3880 libros
1063 3823 1133 3879 seri-

52 3919 109 3989 psit
123 3919 222 3980 beatus
242 3922 343 3980 vietor
363 3923 517 3997 uticensis,
533 3924 565 3980 in
587 3939 712 3998 quorum
731 3923 825 3996 primo
845 3920 935 3978 verba
955 3921 1044 3978 trium
1062 3935 1137 3994 pue·.

55 4030 150 4075 rorum
169 4021 309 4094 eontulit,
331 4022 483 4096 inquiens:
504 4045 516 4071 ι
541 4021 577 4080 Et
598 4024 676 4081 utin
699 4021 796 4080 medio
813 4021 1013 4080 Vandalorum
1041 4018 1134 4075 nostri

49 4112 211 4178 nullatenus
230 4119 422 4196 respirarent,
437 4136 530 4196 neque
545 4133 671 4196 usquam
684 4119 800 4195 orandi,
816 4126 868 4179 aut
880 4115 1052 4177 immolandi
1064 4130 1132 4173 eon-

80 4303 114 4366 ιι)
128 4309 177 4358 llilu.
188 4313 253 4361 l’alr.
266 4325 329 4363 saee.
341 4320 363 4363 5.
386 4339 416 4352 -
427 4313 461 4377 (2)
472 4317 527 4377 Sap.
540 4327 561 4364 e.
575 4316 629 4364 Vll.
643 4321 680 4365 tt.
693 4340 722 4352 -
738 4313 771 4378 (3)
783 4315 920 4377 Sopovii.
934 4320 973 4363 aa.

131 4392 244 4454 Porri.
800 4405 817 4452 6
