2964 5174
809 399 850 410 .-
871 375 908 426 50
929 399 970 410 .-

387 487 423 545 In
445 486 501 546 hac
518 500 588 544 vero
600 487 744 544 sententia
761 483 852 560 mibi,
869 483 950 543 nullo
968 481 1071 558 modo,
1086 485 1191 543 manda
1205 483 1324 544 Ruiiini
1339 489 1431 560 aequi-

229 578 240 606 ⁸
347 590 394 642 tas
418 583 516 658 adest,
535 582 605 642 dum
628 587 657 640 et
675 587 776 656 numa,
801 586 835 639 ut
856 583 953 640 visum
970 587 1031 656 est,
1052 580 1215 656 Scripturas
1238 581 1432 642 Beatam-Ca·

347 683 468 740 nonicas
491 679 659 754 compellat,
679 683 713 736 ut
734 667 850 738 divinas
863 678 970 754 babet,
994 684 1023 737 et
1038 680 1071 736 in
1101 681 1309 740 auctoritatem
1326 679 1366 738 ad
1384 696 1433 740 sua

347 779 426 838 dicta
445 776 660 854 comprobanda
679 779 778 836 sumit.
793 776 858 836 'Iste
876 777 1001 852 amplius
1017 782 1079 836 toto
1096 778 1188 836 animi
1204 775 1317 836 ardore
1333 777 1432 838 Hiero·

348 893 473 953 nymam
492 875 657 951 redarguit,
676 874 755 950 quod
778 876 840 948 ipse
866 889 904 934 ex
928 874 1103 949 Apostolicis
1125 873 1287 950 scripturis
1311 891 1434 934 secreve-

350 977 389 1032 rit
410 972 539 1033 Danielis
567 980 663 1048 partes
687 972 860 1047 nonnullas,
881 973 967 1032 sicuti
992 972 1080 1047 paulo
1097 979 1165 1032 autc
1186 976 1431 1050 memoravimus3

351 1071 468 1146 quando
485 1071 541 1130 boc
560 1071 625 1130 loco
639 1086 656 1128 e
670 1075 772 1129 eontra
789 1069 961 1146 Hieronymi
981 1071 1111 1144 opinioni
1123 1069 1160 1129 de
1176 1069 1282 1130 Bibliis
1297 1068 1434 1132 Secundis

351 1168 497 1228 adhaeret.
516 1166 633 1228 Praeter
653 1167 732 1226 hunc
753 1167 850 1226 locum
869 1166 998 1242 proiecto
1016 1167 1121 1226 nullibi
1141 1168 1248 1244 legitur
1276 1185 1294 1228 e
1324 1171 1432 1244 scriptis

350 1267 445 1341 illius,
463 1267 515 1343 qui
532 1265 617 1325 nobis
637 1270 806 1340 supersunt,
828 1265 949 1322 minoris
978 1266 1157 1324 auctoritatae
1180 1264 1325 1324 habuisse
1344 1265 1433 1324 llaffi·

351 1380 423 1423 num
440 1362 603 1440 Scripturas
615 1361 766 1422 Deuteras.
791 1360 846 1420 Ast
858 1361 931 1420 mibi
944 1367 1077 1428 accurate
1094 1362 1344 1422 animadvertenti
1355 1379 1432 1438 prae·

351 1460 412 1520 lata
430 1460 558 1537 symboli
574 1459 665 1518 verba
682 1459 768 1518 facile
787 1460 915 1518 occurrii
928 1461 1070 1535 suspicio,
1091 1460 1223 1520 eamdem
1243 1463 1378 1520 mmm
1395 1461 1431 1520 lbi

352 1558 495 1634 scribare,
513 1574 588 1634 quae
605 1559 766 1632 concipitur
783 1558 815 1614 in
832 1556 1003 1634 Hieronymi
1020 1557 1199 1632 praelatione
1215 1558 1254 1618 de
1272 1556 1431 1620 Salomonls

352 1654 471 1730 Bibliin,
496 1656 587 1712 immo
604 1654 706 1713 eadam
726 1653 831 1730 verba,
849 1669 925 1730 quac
948 1653 1050 1713 doctor
1067 1661 1185 1716 sanctia
1204 1657 1430 1732 dammartin

352 1749 434 1812 libris
443 1752 552 1812 Primis
565 1768 583 1810 a
596 1751 728 1812 Deuteris
747 1749 943 1811 secernendis:
961 1752 1067 1828 «Legit
1081 1752 1198 1828 qaudam
1210 1753 1365 1828 Ecclesia,
1377 1769 1430 1810 non

353 1852 391 1910 ad
420 1853 620 1912 auctoritatam
662 1853 919 1912 ecclesiasticorum
954 1851 1124 1928 dogmatum
1158 1851 1392 1912 confirmandam
1416 1877 1429 1902 ιι

352 1948 424 2008 adeo
437 1955 471 2009 ut
487 1949 684 2028 Hieronymus
702 1966 786 2025 vere,
805 1955 835 2008 et
851 1965 910 2008 non
924 1949 1079 2025 Rudinus,
1098 1949 1230 2027 Symboli
1249 1957 1354 2010 auctor
1374 1965 1429 2008 asse

351 2046 494 2106 uldeatur.
520 2046 638 2106 Praeter
656 2047 712 2106 boc
724 2049 756 2106 in
770 2045 909 2125 Symbola
923 2047 1046 2124 legimus
1063 2046 1229 2124 Scripturas
1245 2047 1341 2108 verba
1350 2052 1428 2124 juxta

351 2141 541 2220 Septuaginta
554 2147 743 2220 interpretum
757 2147 921 2204 amalonem
932 2145 1035 2222 raam,
1050 2145 1129 2221 quod
1143 2146 1360 2223 Hieronymum
1371 2151 1427 2204 tan·

351 2248 415 2300 aun
435 2242 593 2318 abquendo
607 2241 711 2304 iecisse
729 2248 861 2318 constat,
874 2259 1026 2320 nunquam
1042 2249 1141 2304 numm
1153 2242 1312 2304 badinton
1333 2244 1426 2302 aniain

352 2342 579 2400 commentariis.
601 2340 732 2400 Tandem
755 2340 804 2400 bic
833 2346 975 2402 tractatus
999 2344 1126 2400 occurrit
1142 2343 1217 2400 inter
1233 2357 1326 2418 opera
1344 2341 1426 2400 sancti

354 2437 538 2515 Hieronymi.
554 2439 649 2498 Immo
666 2441 786 2498 seorsim
799 2437 847 2498 hic
859 2437 966 2500 oxonii
979 2439 1118 2498 edebatur
1133 2439 1189 2500 sub
1202 2441 1276 2515 Ipsis
1294 2440 1336 2498 rei
1351 2444 1426 2514 typo

354 2533 510 2610 graphicae
524 2535 635 2610 initis,
659 2552 737 2594 anno
759 2543 846 2594 1468.
867 2537 922 2598 sub
940 2535 996 2596 hoc
1007 2537 1093 2596 titulo
1104 2569 1146 2582 --
1160 2537 1314 2612 Expositio
1327 2553 1351 2595 s.
1366 2535 1424 2593 Ilie-

354 2634 473 2709 ronymi
500 2635 533 2695 in
558 2631 731 2710 Symbolum
755 2633 963 2710 Apostolorum
987 2635 1025 2695 ad
1045 2635 1157 2712 Papam
1176 2636 1378 2696 Laurentium.
1393 2663 1426 2674 -

355 2729 435 2801 Quae
455 2732 555 2792 omnia
575 2731 690 2792 lectoris
704 2733 816 2809 judicio
833 2735 959 2794 remitto.

393 2827 421 2902 s.
444 2827 511 2886 XII.
534 2828 643 2914 Eodem
661 2835 807 2907 tempore,
831 2831 887 2892 llos
908 2833 1072 2892 amatium
1090 2837 1121 2890 et
1137 2830 1288 2892 doch-im
1308 2830 1427 2890 christia

352 2941 409 2984 nae
427 2925 586 2987 calbobcae
602 2930 851 3005 propugnaculum
870 2930 987 3008 vigebat
1007 2930 1196 3007 Arnbrosius,
1214 2931 1361 2990 Ecclesiae
1373 2943 1424 2986 me

349 3021 527 3084 diolanensis
548 3027 677 3102 regimen
694 3027 820 3086 mirabili
842 3028 928 3088 modo
950 3044 1115 3106 aggrfflsus.
1140 3029 1170 3088 Is
1193 3029 1424 3104 Romaepraeter

353 3118 423 3178 Pori
441 3120 555 3198 studia,
576 3123 743 3184 divmarum
759 3124 975 3201 Scripturarum
992 3126 1108 3184 lectioni
1127 3128 1262 3201 vacavit,
1282 3128 1315 3185 ln
1331 3123 1425 3201 quibus

359 3224 502 3294 quantum
521 3219 593 3296 sibl,
614 3226 643 3280 et
655 3222 720 3282 aliis
737 3221 908 3299 profecerit,
923 3223 1001 3282 illius
1012 3226 1121 3299 scripta
1137 3225 1338 3285 testimonium
1354 3219 1424 3280 erbl-

356 3313 442 3392 henr,
463 3317 549 3376 sicuti
572 3319 661 3378 etiam
682 3319 761 3379 illius
778 3336 847 3396 erga
864 3319 976 3396 Scripta
991 3319 1279 3380 DeuteroCanonlca
1294 3319 1379 3380 fldem
1389 3323 1425 3374 te·

354 3416 480 3472 stanbrr.
496 3413 586 3474 Libro
603 3416 730 3477 secundo
744 3417 780 3478 de
791 3415 863 3476 rrae
878 3415 917 3492 (1)
933 3423 1036 3476 conba
1049 3420 1166 3478 arianos
1184 3418 1379 3478 Ecclesiastici
1391 3413 1422 3487 (il

354 3509 444 3568 verba
465 3513 507 3570 sic
523 3512 659 3588 protulit:
678 3538 691 3564 «
707 3514 768 3574 Nec
786 3514 920 3574 videatur
945 3517 1073 3591 cocptsse
1098 3532 1136 3576 ex
1161 3522 1311 3592 tempore,
1329 3515 1377 3591 qui
1393 3527 1424 3569 ex

286 3615 290 3626 ·
355 3605 442 3664 Patre
463 3610 609 3670 nascendo
622 3611 744 3686 prodiit,
763 3618 797 3671 ut
814 3612 890 3671 dlxit
904 3615 983 3688 ipae,
998 3615 1050 3690 qui
1062 3620 1150 3674 nanus
1167 3620 1226 3674 est:
1242 3645 1255 3658 ·
1268 3615 1315 3674 Ex
1328 3627 1376 3672 ore
1387 3608 1423 3668 al·

355 3705 460 3762 tissimi
479 3706 604 3779 prodivi.
625 3731 637 3758 u
657 3708 693 3766 In
707 3708 824 3767 Psalmo
840 3711 935 3785 primo
946 3712 977 3768 iu
992 3711 1126 3770 eumdem
1145 3711 1253 3770 Hbrum
1264 3711 1303 3788 (t)
1320 3709 1423 3770 aditib-

356 3802 473 3874 quiens:
493 3826 506 3852 a
522 3803 589 3862 Non
604 3807 682 3864 enim
696 3807 787 3864 otiose
805 3808 1018 3882 scriptumest:
1034 3807 1134 3868 -Ante
1145 3815 1269 3868 mortem
1284 3824 1321 3868 na
1332 3804 1421 3866 lauda·

355 3899 433 3956 veris
453 3899 590 3976 aliquem.
610 3926 623 3952 u
643 3902 686 3962 De
702 3902 842 3964 Paradiso
858 3920 922 3980 cap.
945 3921 1007 3964 arr:
1031 3930 1044 3956 ιι
1070 3905 1151 3966 Sicut
1167 3905 1307 3966 Salomon
1322 3904 1358 3982 (a)
1372 3903 1421 3960 aii:

359 3995 461 4068 -Quia
477 3999 590 4058 invidia
610 3999 719 4060 diaboli
738 4017 817 4060 mors
834 4004 955 4062 intravit
971 4005 1002 4062 in
1017 4003 1117 4062 orbem
1131 4009 1287 4066 terraram.
1305 4029 1319 4056 a
1334 3993 1423 4062 ll‘eJi·

383 4206 487 4348 (wsb.
507 4210 539 4258 ll.
548 4213 648 4338 1pilli,
669 4213 733 4263 Edit.
746 4215 824 4264 Maur.
837 4241 867 4252 -
878 4215 913 4278 (2)
932 4219 1022 4266 Ecce.
1034 4219 1120 4266 XXIV.
1133 4243 1164 4254 -
1175 4216 1211 4280 (a)
1230 4219 1287 4268 Hoc.
1298 4231 1320 4268 o.
1331 4215 1369 4264 XI.
1387 4215 1420 4258 3⁰1

361 4311 391 4322 -·
479 4301 503 4351 p.
514 4301 536 4337 c.
575 4295 631 4340 ‚aa
