3094 5176
848 353 1026 412 *iti-

395 469 573 548 excogitavit
584 467 764 544 Antiochus3
779 483 853 544 quaa
866 469 934 544 via,
949 469 1017 528 altis
1028 465 1185 530 intortam
1198 472 1421 551 montihur,innn

346 587 353 592 ‘¹
397 570 529 629 divinam
552 571 726 628 sententiam
750 566 787 626 de
813 583 847 626 eo
869 567 959 642 itnpio
988 583 1056 644 rege
1078 565 1239 627 dicantem:
1263 571 1385 650 «Paragn
1402 580 1423 636 in

397 667 546 728 montibus
568 666 727 726 miserabili
748 666 830 726 obitu
850 665 969 726 iunctus
987 671 1041 725 est.
1059 692 1072 716 υ

435 767 479 826 De
499 763 602 825 morbo
613 771 730 841 autern,
747 781 806 840 quo
819 763 984 824 Antiochus
996 766 1028 822 in
1041 763 1190 823 montibus
1200 807 1209 840 ,
1221 779 1270 824 sea
1278 765 1356 827 Tabia
1364 769 1427 830 iuita

393 863 457 923 Deo
473 879 649 940 percussus,
665 863 704 922 ob
715 869 799 922 tanta
812 862 922 921 scelera
934 873 1045 938 poeuas
1059 865 1180 922 mantas
1196 864 1276 922 luens
1287 905 1296 940 ,
1307 867 1427 926 dulillo

396 961 593 1021 chabaaomrn
608 961 676 1021 iibri
696 963 805 1037 pariter
816 961 1000 1036 coalescunt,
1016 963 1070 1019 etsi
1084 962 1312 1020 circumstantias
1322 963 1428 1038 pamm

395 1068 496 1120 narret
514 1077 592 1120 unus
614 1061 652 1119 ah
672 1061 764 1118 altero
787 1061 943 1135 remissas3
967 1065 997 1118 et
1023 1059 1080 1118 hoo
1099 1060 1140 1118 ob
1165 1061 1324 1137 argumenti
1338 1065 1429 1122 varim
1494 1077 1495 1108 i

395 1165 477 1235 tem,
498 1157 578 1235 quod
592 1161 716 1236 quisque
732 1155 789 1217 sibi
808 1159 1014 1234 praesumpsit.
1042 1156 1159 1218 Primus
1176 1161 1255 1218 euim
1267 1158 1430 1234 simplicant

396 1257 515 1317 brevem
524 1257 677 1316 historiam
686 1254 830 1316 censetde
843 1255 1017 1332 hujusnegls
1026 1256 1130 1315 uldmo
1139 1256 1217 1333 fato,
1233 1259 1431 1332 quimnrmhi

397 1361 525 1416 staretur
545 1354 584 1413 ob
605 1371 661 1431 aa,
681 1369 758 1430 quae
777 1355 804 1412 ei
823 1354 990 1412 aesiderant
1011 1354 1176 1430 Persepoli,
1205 1370 1289 1414 carru
1306 1355 1373 1414 aliur
1387 1342 1431 1415 im
1494 1407 1495 1416 ,

396 1457 485 1529 pinus
507 1469 577 1529 prae
601 1455 726 1511 victoria
748 1452 923 1528 judaeorum
945 1467 1033 1528 supra
1058 1451 1179 1530 Lysiam
1203 1459 1234 1512 at
1248 1453 1333 1512 duces
1348 1453 1433 1512 aliosi

397 1569 429 1612 sa
446 1555 572 1628 missos,
595 1553 679 1610 auxit
699 1552 779 1614 illius
796 1554 944 1612 tristitiam
969 1549 1061 1627 adeo,
1076 1557 1112 1610 ut
1133 1554 1165 1608 in
1182 1551 1347 1628 languorem
1363 1552 1434 1628 lupru

396 1653 570 1728 cogitauerit
586 1665 618 1709 se
638 1651 733 1725 mori,
761 1652 806 1710 uti
832 1649 944 1710 iactum
966 1655 1021 1708 ast.
1050 1649 1133 1708 Aitar
1149 1665 1223 1708 vero
1246 1649 1316 1708 liber
1336 1649 1434 1725 plurlhs
1494 1645 1495 1708 l

395 1747 515 1824 verbis,
536 1748 631 1807 morbi
649 1749 787 1823 initium,
810 1747 889 1808 lilius
905 1761 1045 1824 mutarn,
1071 1749 1183 1806 exitum
1197 1754 1229 1806 ct
1242 1747 1435 1807 smirnam

397 1847 447 1906 chi
470 1853 594 1906 nrortern
607 1846 755 1906 describit.
772 1845 970 1922 Ignominiam
990 1847 1079 1922 hujus
1094 1849 1192 1922 regis,
1212 1853 1242 1905 et
1255 1847 1385 1906 histltim
1396 1863 1434 1904 ns
1494 1925 1495 1928 Ἴ

397 1952 494 2006 morat
517 1951 603 2006 antea
633 1953 734 2005 auctor
753 1944 793 2004 ob
819 1959 883 2021 ea,
914 1961 991 2021 quac
1013 1948 1044 2002 ln
1065 1945 1174 2020 tarnpio
1203 1945 1320 2004 Nauaae
1345 1945 1436 2004 dudd

397 2043 539 2117 militibus
556 2046 618 2104 suis
636 2044 824 2120 acciderant3
849 2045 954 2104 daloda
977 2046 1066 2121 gestis
1079 2046 1111 2102 in
1135 2045 1251 2104 maaca
1262 2046 1335 2104 chor
1346 2044 1435 2102 utam

397 2159 480 2220 ram,
504 2151 534 2204 et
554 2141 742 2204 Timotheum
755 2143 862 2204 auditis
873 2143 1055 2219 Antiochus,
1071 2144 1117 2202 ira
1133 2142 1239 2203 iurans
1255 2145 1358 2220 cogitat
1371 2159 1435 2218 para
1494 2129 1495 2132 ¹

396 2241 555 2318 politarmn
572 2244 710 2318 injuriam
729 2249 895 2316 retorquere
914 2243 945 2298 in
961 2241 1096 2317 judaeos.
1119 2242 1236 2300 Interea
1255 2257 1341 2318 aqum
1356 2242 1435 2315 aptum
1494 2217 1495 2282 i

398 2357 414 2398 e
436 2355 526 2400 curru
543 2339 670 2416 decidit,
692 2345 755 2416 ejus
775 2346 856 2398 arms
870 2339 1068 2415 colliduntur,
1089 2347 1120 2398 et
1137 2335 1228 2414 paulo
1245 2345 1312 2415 post
1327 2338 1361 2397 ob
1371 2337 1436 2396 hoca

397 2443 493 2496 atram
514 2437 625 2513 bilem,
645 2437 725 2496 illius
745 2439 858 2496 viscera
875 2453 995 2498 corrosa
1015 2437 1164 2496 vermibus
1187 2441 1356 2496 seatuemni
1376 2449 1437 2509 usque

396 2533 468 2594 dum
487 2535 560 2594 diris
583 2534 734 2594 doloribus
751 2538 957 2611 excruciatus,
975 2535 1062 2602 ,obiit
1082 2533 1178 2594 Ambo
1196 2537 1351 2610 scripuras
1362 2534 1391 2592 dr
1399 2533 1438 2590 Aa·
1494 2597 1495 2604 χ

397 2633 488 2692 tiochi
507 2631 606 2692 lurore
627 2649 688 2694 una
713 2639 850 2710 pergunt.
876 2633 1028 2696 Saeuadm
1054 2647 1125 2692 vero
1148 2633 1234 2693 addit
1255 2631 1332 2692 illius
1349 2647 1365 2689 e
1380 2643 1439 2688 cum
1494 2637 1495 2720 p

399 2745 501 2790 casum
522 2737 552 2790 ct
568 2731 692 2791 vulnera
714 2747 751 2790 ex
771 2747 806 2790 eo
826 2731 952 2792 artubus
965 2729 1026 2791 sais
1040 2732 1152 2808 allata,
1168 2733 1439 2807 quaisviscsrumar

397 2831 638 2905 montismontis,
656 2835 753 2888 totum
767 2829 846 2889 iilius
861 2845 985 2906 corpus,
1001 2833 1086 2907 quasi
1104 2847 1292 2908 gangraeua,
1307 2835 1439 2904 corrupturi

396 2929 520 3002 putruit.
545 2927 627 3000 Quae
645 2929 746 2986 omnia
763 2928 800 2986 ad
821 2927 931 3004 Deum,
946 2931 998 3004 qui
1018 2945 1118 2988 rerum
1130 2931 1268 2989 omnium
1281 2931 1370 3004 prima
1379 2939 1440 2984 caua

397 3031 462 3100 est,
481 3031 511 3084 et
523 3027 682 3101 impietatis
698 3025 836 3086 Antiochi
847 3029 950 3102 testis,
972 3027 1102 3086 referans
1114 3027 1296 3102 historicus,
1314 3027 1440 3086 dixiiradr

397 3122 640 3200 philosophatus,
664 3123 928 3202 (quemadmodum
946 3143 984 3184 ax
1002 3142 1083 3186 mora
1101 3127 1164 3203 agit
1183 3129 1217 3184 iu
1235 3127 1294 3186 hac
1311 3121 1440 3199 Scriptum}

396 3221 491 3282 Deum
510 3222 593 3281 illum
616 3225 794 3298 percussisse
824 3223 965 3284 invisibili
989 3231 1019 3283 ct
1040 3224 1199 3284 insanabili
1219 3225 1327 3302 plaga,
1346 3235 1406 3299 quaa
1420 3233 1442 3276 a

395 3321 494 3380 extitit
516 3320 581 3380 dira
601 3321 780 3380 excruciatio
804 3323 968 3397 viscerum,
990 3339 1027 3382 ax
1049 3321 1214 3400 ignominia
1227 3323 1266 3381 da
1279 3319 1441 3398 persepolis,

400 3434 438 3478 ux
457 3422 503 3478 ira
516 3419 626 3478 iuranti
643 3421 675 3478 in
690 3419 833 3496 judaeos,
855 3435 873 3480 e
889 3419 1026 3497 superbia
1033 3432 1045 3496 ¹,
1069 3421 1194 3496 aliisque
1207 3421 1299 3497 hujus
1312 3413 1443 3496 gerrem

396 3519 446 3577 tiis
467 3518 623 3594 prodiens,
645 3533 721 3594 quaa
739 3517 820 3578 haud
836 3526 999 3595 temperata
1011 3519 1090 3578 Deus
1109 3520 1329 3578 animadvertit.
1349 3517 1388 3574 lta
1405 3512 1442 3569 lla

397 3615 463 3674 rodi
480 3616 607 3692 accidh,
627 3633 715 3692 quam
732 3616 820 3676 divus
845 3617 941 3678 Lucas
961 3617 1006 3693 (i).
1018 3619 1050 3676 iu
1070 3616 1154 3677 Actis
1174 3617 1351 3694 Apostoiieis
1372 3611 1444 3670 nand

397 3713 436 3772 ab
454 3714 558 3790 augeio
579 3731 751 3789 percussum
776 3731 834 3792 eo,
856 3716 935 3792 quod
956 3733 1017 3776 uon
1038 3715 1167 3776 dedisset
1183 3715 1327 3776 honoram
1345 3711 1444 3782 boma

397 3818 604 3888 consumptum
618 3829 637 3872 a
652 3814 802 3875 vermibus
817 3816 975 3890 expirasse.
992 3813 1134 3892 Polybius
1151 3808 1445 3892 quoqueiuproaditii

396 3909 479 3986 loco,
502 3913 606 3970 mortis
620 3910 758 3972 Antiochi
776 3929 896 3972 causa-n
912 3913 1086 3990 explorans,
1105 3913 1198 3989 dicit,
1219 3929 1289 3972 aum
1303 3907 1444 3970 obiisseirr

395 4015 515 4083 μονήσας
534 4008 714 4086 monum,
736 4013 880 4089 agitatam
903 4029 922 4072 a
942 4011 1103 4090 daemone,
1125 4014 1369 4083 absimarum,
1390 3997 1445 4079 quod

395 4108 514 4186 qudem
531 4125 648 4170 menam
669 4106 872 4172 'msumomum
888 4109 1012 4187 iirmat,
1035 4113 1145 4188 quippe
1161 4126 1196 4169 aa
1215 4109 1334 4168 insania
1352 4120 1384 4164 er
1400 4104 1443 4158 atra

423 4319 458 4384 (i)
473 4321 526 4372 Aai.
541 4322 627 4386 Aposi.
640 4337 662 4371 c.
678 4325 732 4373 llll.
752 4331 790 4375 23.
