2964 5174
807 391 988 443 -100—

350 485 488 565 eoeloeiae
509 495 653 574 praefuit,
672 495 723 558 obt
745 501 774 556 et
793 498 872 574 lpse,
890 503 925 556 ut
944 499 995 557 aiii
1026 498 1167 577 uadunt,
1190 507 1288 562 ortum
1314 504 1422 586 habuit,

346 603 376 656 et
395 595 506 656 Christi
528 595 680 670 evangalio
705 593 835 653 imbutus
857 593 928 671 fuit,
955 612 1026 673 erga
1046 613 1134 674 quem
1162 607 1274 674 quanta
1299 604 1424 681 religione

349 695 507 772 flagravit,
534 699 565 754 et
583 709 642 770 qua
659 697 823 753 constantia
850 709 913 753 rem
930 695 1105 754 catholicam
1126 703 1337 779 propugnavit,
1357 703 1425 764 iiiios

346 798 485 870 timores,
504 793 636 870 labores,
651 793 759 869 exilia,
775 794 884 869 fames,
909 809 1123 872 aerumnaeque
1136 797 1226 874 aliae,
1244 816 1317 875 quas
1331 801 1366 859 oh
1378 801 1426 862 hoc

346 910 500 970 perpessus
513 899 569 969 est,
584 895 753 952 arianorum
764 893 878 951 insidiis
892 899 987 970 actus,
1002 902 1102 969 aperto
1115 901 1271 955 testantur.
1291 898 1348 957 Iste
1359 904 1426 975 prio·

345 1009 413 1051 rnm
430 991 554 1052 Patrem
571 992 721 1051 doctrinae
735 992 906 1068 obsecutus,
922 991 1087 1069 Scripturas
1106 993 1264 1072 Dentcras,
1279 1003 1313 1056 ut
1330 998 1426 1058 divini·

344 1099 393 1150 tus
412 1093 588 1166 inspiratas,
607 1093 723 1165 saepius
740 1093 772 1148 in
791 1093 852 1149 suis
872 1091 988 1166 scriptis
1006 1097 1109 1150 contra
1126 1095 1260 1170 arianos,
1274 1097 1305 1153 et
1316 1097 1347 1154 in
1358 1099 1423 1156 varii

350 1191 465 1266 generis
490 1187 675 1248 sermonibus
693 1187 825 1262 protulit.

386 1287 527 1346 Oratione
544 1288 640 1361 prima
652 1292 755 1344 contra
767 1284 831 1344 Arii
841 1285 1005 1344 doctrinam
1018 1328 1027 1361 ,
1038 1289 1238 1346 aeternitatem
1250 1285 1319 1346 Fssii
1332 1305 1348 1348 e
1359 1287 1424 1349 Sori-

347 1387 443 1461 pturis
460 1384 584 1459 probare
604 1384 726 1459 volens,
745 1384 821 1442 inter
843 1383 902 1442 alia
915 1386 1083 1442 testimonia
1102 1401 1118 1443 e
1138 1383 1290 1445 susannae
1305 1385 1424 1464 historia,

349 1489 379 1542 et
401 1481 438 1542 de
464 1481 581 1542 Baruch
605 1481 680 1541 libro
710 1479 783 1540 haec
809 1482 898 1559 legit:
918 1482 973 1536 «Ἥ
989 1485 1015 1535 δὲ
1030 1484 1165 1536 Σουσάννα
1186 1483 1297 1556 ἔλεγεν,
1314 1485 1328 1538 o'
1343 1488 1425 1549 9εόςὸ

346 1580 459 1642 αι’νίνιος·
474 1581 487 1637 ὁ
502 1581 528 1634 δι’
543 1581 649 1652 Βαροίχ
666 1579 772 1656 Empe·
791 1582 945 1652 κεκράξομαι
961 1584 1025 1653 neoc
1043 1582 1086 1636 τόν
1102 1581 1199 1636 ἆινίνιον
1215 1581 1240 1636 ἒν
1256 1585 1315 1646 ταῖς
1334 1585 1425 1658 opipara

352 1691 413 1743 μου·
430 1673 475 1726 καί
497 1669 552 1745 μετ’
568 1669 658 1742 ὀλίγα.
676 1671 725 1742 ἔγνί
743 1669 847 1730 ἤλπισα
861 1672 904 1726 ἐπί
925 1673 960 1741 τῷ
975 1672 1065 1741 aldrao
1082 1675 1126 1734 τήν
1150 1674 1279 1750 σωτηρίαν
1299 1675 1373 1747 ὑμῶν,
1389 1678 1426 1731 καί

352 1761 423 1824 ἦλθέ
439 1785 483 1836 μοι
500 1762 576 1837 χαρὰ
591 1765 661 1836 παρὰ
675 1768 722 1816 τοῦ
739 1761 840 1834 ἁγίου,
860 1766 880 1822 i.
897 1781 923 1823 e.
940 1764 1075 1825 Susanna
1088 1782 1205 1842 quoque
1221 1766 1347 1844 dleebat,
1360 1767 1425 1826 Deus

347 1867 550 1940 sempiternus,
561 1863 677 1923 Baruch
689 1863 727 1938 (1)
745 1869 842 1923 autem
859 1865 984 1939 scripsit:
997 1895 1009 1906 -
1023 1864 1163 1924 Clamabo
1174 1865 1212 1923 ad
1224 1863 1421 1941 sempiternum

309 2027 313 2034 ,
348 1963 380 2020 in
400 1962 502 2022 diebus
520 1965 611 2040 meis,
631 1967 743 2037 etpost
762 1978 877 2038 pauca,
894 1978 949 2039 ego
968 1966 1084 2038 speravi
1110 1966 1142 2021 in
1162 1965 1339 2039 sempiterno
1356 1964 1422 2022 saiu-

348 2066 409 2118 tam
430 2066 578 2136 vostram,
607 2065 636 2118 et
662 2063 744 2119 venit
767 2060 841 2118 nrihi
872 2060 1012 2137 gaudium
1032 2077 1051 2120 a
1070 2060 1188 2120 Sancto.
1202 2087 1215 2111 a
1235 2060 1374 2136 Oratione
1386 2077 1417 2118 11.

352 2174 436 2217 num.
459 2167 509 2218 59.
530 2158 568 2218 ab
585 2158 687 2217 eodem
707 2158 823 2216 Barueh
843 2157 916 2217 haec
936 2160 1041 2218 sumit:
1062 2183 1075 2208 a
1087 2158 1164 2218 Hinc
1184 2161 1282 2234 ipsum
1299 2159 1370 2217 inte'r
1385 2175 1422 2217 res

356 2264 468 2316 creatas
479 2274 539 2316 non
549 2256 694 2316 collocant
706 2256 887 2333 Scripturas,
902 2259 993 2316 immo
1002 2256 1099 2315 David
1111 2257 1158 2316 his
1171 2257 1271 2316 verbis
1287 2259 1419 2334 arguit...

355 2362 385 2414 et
403 2355 537 2414 Baruch:
557 2353 663 2418 οὕτοςὸ
686 2355 750 2417 Θεός
775 2356 866 2426 ἡμῶν,
892 2355 921 2408 οὗ
944 2353 1138 2426 inpressiones
1158 2354 1243 2428 ἔτερος
1269 2355 1423 2429 epotaturus,

354 2455 374 2510 i.
390 2469 417 2511 e.
433 2454 490 2512 Hic
510 2454 588 2512 Deus
609 2460 726 2529 noster,
751 2470 812 2512 non
840 2453 1021 2529 reputabitur
1043 2453 1118 2512 alius
1141 2452 1180 2512 ad
1203 2469 1286 2513 eum.
1301 2479 1313 2504 ν
1330 2451 1422 2512 Eadem

354 2554 496 2626 oratione,
518 2567 600 2610 num.
618 2561 667 2609 71.
689 2569 725 2610 ex
745 2551 858 2628 hymno
873 2553 963 2610 trium
982 2568 1140 2627 puerorum
1161 2553 1281 2610 ariarms
1295 2553 1422 2626 increpat:

354 2673 366 2697 «
379 2649 499 2707 Clarum
516 2652 616 2724 utique
629 2655 673 2708 est
690 2649 800 2708 Filium
819 2667 879 2708 non
892 2666 955 2708 esse
967 2666 1059 2725 opus,
1074 2648 1126 2708 sed
1138 2649 1192 2708 Dei
1205 2666 1328 2708 manum
1341 2655 1367 2708 et
1382 2647 1423 2706 Sa-

351 2749 501 2820 pientiam.
524 2748 609 2821 Quod
622 2765 690 2806 cum
700 2765 761 2806 non
780 2751 950 2825 ignorarent
962 2748 1121 2825 Babylonis
1136 2755 1285 2826 martyras
1298 2747 1423 2820 Ananias,

349 2843 471 2904 Ananias
484 2852 514 2903 et
525 2845 639 2922 Misael,
655 2849 788 2905 arianam
801 2853 830 2906 et
842 2849 899 2922 ipsi
912 2849 1090 2922 impietatem
1105 2846 1303 2923 redarguunt:
1321 2870 1333 2896 «
1346 2844 1422 2898 Eira·

352 2964 394 3004 τες
409 2944 469 3014 γάρ,
489 2942 621 3015 εὖλογείτε
635 2946 721 2998 πάντα
741 2948 773 2998 τά
789 2945 852 3017 ἔργα
872 2941 970 3019 Κυρίου
986 2946 1029 2998 τόν
1051 2945 1148 3016 Κυρίον·
1170 2947 1202 2998 πί
1216 2948 1266 3018 μὲν
1286 2945 1311 2998 ἒν
1335 2941 1425 3016 adporto,

353 3035 400 3089 καί
423 3035 456 3088 ταὶ
476 3036 519 3088 ἐπί
543 3038 604 3106 γῆς,
621 3037 665 3090 καί
685 3037 773 3090 πάσαν
800 3039 845 3096 τήν
868 3035 963 3102 κτίσιν,
979 3037 1012 3098 ὥς
1031 3036 1096 3109 ἔργα
1111 3038 1266 3103 κατέλεξαν,
1285 3036 1328 3091 aar
1343 3037 1367 3089 δὲ
1382 3033 1425 3086 νἰίν

355 3129 399 3184 οὐκ
413 3129 563 3199 ὠνόμασεν,
579 3133 600 3189 i.
623 3149 650 3190 e.
675 3130 835 3206 Postquam
855 3130 993 3188 dixerunt
1012 3131 1105 3188 enim:
1129 3161 1141 3173 -
1162 3129 1327 3188 Benedicite
1344 3127 1425 3186 omnia

357 3247 446 3306 opera
466 3230 584 3289 Domini
602 3230 743 3306 Domino,
756 3245 793 3288 ea
805 3229 939 3304 quidem,
954 3230 1074 3304 quaein
1094 3227 1198 3303 coelis,
1213 3233 1243 3286 et
1263 3243 1337 3304 qnae
1355 3241 1425 3300 super

354 3332 465 3386 terram
482 3335 571 3405 sunt,
590 3335 620 3388 et
637 3345 754 3387 omnem
772 3334 955 3401 creaturam,
976 3332 1118 3401 tanquam
1143 3343 1231 3401 opera
1250 3328 1423 3397 censuerant,

354 3425 464 3485 Filium
478 3432 576 3486 autem
589 3443 649 3485 non
662 3429 862 3484 nominarunt.
877 3451 890 3475 n
908 3424 1105 3484 Orationem.
1119 3427 1151 3484 in
1162 3425 1280 3484 eosdem
1290 3440 1367 3484 num.
1383 3430 1421 3479 tt.

357 3523 394 3581 de
412 3524 509 3582 Verbo
521 3523 590 3582 Dei:
608 3549 621 3573 «ι
633 3523 782 3599 Siquidem
799 3541 864 3585 mos
877 3530 922 3582 est
932 3523 1097 3598 scripturae
1110 3539 1211 3582 sacrae
1220 3523 1365 3583 hominem
1376 3535 1425 3577 can

358 3637 426 3679 nem
438 3623 598 3698 appellare,
609 3622 679 3680 hinc
696 3622 775 3698 apud
789 3622 900 3680 Joelem
918 3620 1102 3696 prophetam:
1112 3651 1124 3664 ·
1136 3621 1296 3680 Effundam
1312 3620 1347 3679 dc
1358 3618 1425 3693 spiri

355 3725 389 3777 tu
409 3736 475 3778 meo
495 3724 526 3778 in
543 3737 661 3778 omnem
679 3737 817 3796 carnem,
838 3717 895 3773 Καὶ
910 3720 942 3781 ὤς
963 3719 1000 3794 (2)
1025 3725 1124 3779 Δανιήλ
1144 3720 1227 3792 εἴρηκε
1249 3723 1283 3790 τῷ
1302 3717 1423 3785 'amad-p·

354 3816 384 3868 οὗ
407 3815 520 3889 σέβομαι
538 3817 633 3872 εἴδωλα
645 3817 831 3889 χειροποίητα,
851 3818 923 3872 ἁλλνί
938 3819 981 3872 τόν
1000 3816 1083 3888 ζῶντα
1098 3821 1162 3872 Θεόν
1179 3817 1222 3872 τόν
1244 3822 1366 3872 κτίσαντα
1390 3813 1424 3865 τὼ

337 3905 460 3984 'eupator
481 3911 527 3963 καί
555 3909 599 3969 τήν
619 3913 680 3980 γῆν,
699 3912 744 3964 καί
764 3909 863 3982 ἔχοντα
877 3911 966 3973 πάσης
987 3911 1084 3982 σαρκὸς
1104 3911 1191 3984 κυρίαν
1207 3950 1215 3974 ,
1230 3913 1251 3969 i.
1266 3928 1293 3970 e.
1310 3910 1348 3968 Ut
1363 3908 1424 3965 Sicut

353 4005 456 4064 Daniel
466 4005 542 4066 dixit
552 4006 678 4084 Astiagi,
688 4025 748 4067 non
757 4009 821 4067 colo
832 4008 910 4068 idoia
921 4009 1101 4084 manufacta,
1114 4010 1166 4068 sed
1175 4012 1321 4068 viventem
1331 4007 1420 4075 Deum

353 4106 404 4179 qui
413 4107 524 4164 creavit
541 4105 656 4164 coelum
668 4113 697 4164 et
710 4113 820 4166 terram
831 4151 840 4183 ,
850 4114 879 4166 et
897 4107 985 4168 habet
1001 4114 1174 4184 potestatem
1191 4109 1287 4168 omnis
1304 4105 1418 4186 aaran.»

385 4313 489 4375 (r)Dan.
502 4329 524 4364 c.
538 4316 604 4363 xiii.
619 4319 657 4365 42.
672 4317 696 4366 et
707 4318 802 4366 Baruoir
812 4321 880 4368 clv.
891 4328 928 4370 2⁰.
942 4323 967 4368 et
979 4327 1017 4368 22.
1031 4347 1061 4358 -
1072 4319 1107 4382 (3)
1119 4321 1181 4371 Dan.
1194 4334 1217 4369 c.
1230 4321 1292 4370 XIV.
1305 4321 1327 4367 i.
