3022 5178
819 379 1000 429 -206-

367 495 560 548 memoratur:
578 488 641 546 -Ει
658 493 852 563 aeceperunt,
874 489 990 563 inquit,
1011 485 1122 562 lapides
1145 488 1270 562 integros
1287 489 1423 550 umnam

368 588 478 663 legem,
494 593 523 645 et
534 586 761 645 aediiioaverunt
777 586 868 644 altare
887 601 999 646 novum
1012 585 1173 644 seeundum
1192 583 1282 660 illud,
1301 585 1372 662 qood
1382 587 1426 648 init

366 687 458 760 prius.
477 711 489 735 ι»
506 683 549 742 De
567 684 643 743 libro
659 685 787 744 seeundo
804 683 1051 744 Maohabaeorum
1068 699 1133 758 oap.
1149 699 1210 740 vu.
1231 683 1263 740 in
1277 685 1387 758 epistola
1397 687 1426 746 al

368 797 505 840 romanos
528 798 589 840 xri.
610 782 683 841 haee
698 785 789 841 sumit
811 783 907 842 Beda:
927 781 1028 842 «Deus
1041 788 1128 842 vocat
1142 797 1194 856 ea,
1208 797 1283 857 quae
1295 797 1351 840 non
1362 790 1427 860 sunt,

367 885 508 956 tanquam
517 882 585 938 sint.
601 879 738 956 Apertius
749 885 846 940 autem
855 884 888 939 ln
900 881 976 939 libro
985 879 1231 939 Maohabaeorum
1243 881 1375 954 seriptum
1384 887 1428 940 est:

370 978 451 1038 -Oro
474 984 514 1054 te,
534 979 588 1055 iili,
608 983 718 1056 respice
734 981 772 1040 ad
789 980 902 1040 eoelum
920 985 950 1038 et
966 985 1087 1054 terram,
1100 984 1129 1037 et
1142 981 1253 1052 omnia,
1273 993 1345 1053 qrrae
1356 981 1383 1036 in
1398 982 1431 1040 e's

368 1083 452 1152 sunt,
467 1076 550 1151 vide,
572 1083 601 1135 at
618 1080 707 1153 seito,
727 1080 797 1154 quia
814 1095 874 1137 non
895 1083 997 1152 erant,
1016 1093 1053 1136 ex
1073 1076 1180 1152 quibus
1197 1076 1267 1135 feeit
1283 1091 1335 1134 nos
1351 1075 1431 1136 Domi-

368 1190 435 1232 nus.
455 1199 468 1224 »
494 1175 529 1233 In
548 1175 671 1253 prologo
688 1177 756 1234 libri
775 1175 813 1236 de
829 1176 950 1252 Templo
959 1176 1135 1250 Salomonis,
1153 1175 1346 1234 Eoclosiastioi
1359 1175 1432 1234 uerba

369 1279 488 1332 enarrat
505 1274 651 1333 scribens:
671 1276 844 1348 «Quantum
865 1281 962 1349 patres
982 1276 1076 1333 saneti
1093 1276 1125 1331 in
1149 1273 1205 1332 heo
1225 1275 1288 1330 vita
1306 1271 1432 1330 indeioai·

371 1387 426 1429 vae
443 1370 559 1447 laudis,
579 1379 608 1432 et
626 1374 767 1433 claritatis
791 1373 978 1450 reliquerint,
999 1373 1113 1432 dicente
1128 1371 1294 1447 Scriptura:
1312 1369 1348 1446 (1)
1363 1369 1432 1428 -lle

372 1471 465 1527 moria
475 1472 550 1545 justi
563 1487 631 1529 oum
645 1470 795 1530 laudibus.
808 1517 816 1530 .
827 1515 852 1530 ..
868 1477 898 1530 et
914 1487 1036 1547 corpora
1048 1476 1217 1529 sanatorum
1232 1471 1264 1526 in
1281 1483 1350 1544 paoe
1361 1469 1434 1543 sepul·

370 1574 402 1625 ta
422 1573 511 1643 sunt,
532 1575 562 1628 et
584 1572 704 1628 nomina
721 1587 821 1629 eorum
844 1573 947 1630 vivent
964 1572 995 1627 in
1018 1570 1218 1646 generationes
1240 1572 1270 1626 et
1296 1569 1434 1644 generatio·

370 1681 432 1724 nes.
447 1692 460 1716 ν
477 1667 557 1726 Alibi
576 1670 710 1728 eumdem
729 1669 837 1728 librum
859 1671 963 1744 repetit
977 1668 1015 1743 (a)
1030 1667 1111 1726 hisee
1127 1665 1225 1725 verbis
1243 1667 1432 1741 praeveniens:

375 1766 537 1824 «Attamen
555 1768 618 1842 ipsa
635 1763 747 1826 flamm
761 1767 928 1843 scripturae
942 1769 1156 1843 praecipientis:
1174 1796 1186 1809 -
1200 1766 1318 1838 Quanto
1330 1779 1434 1840 magnus

371 1879 424 1938 es,
446 1868 475 1921 te
489 1865 522 1921 in
539 1865 675 1924 omnibus
692 1866 854 1924 humilia.»
871 1866 951 1924 Inter
970 1865 1049 1923 illius
1069 1866 1197 1940 scripta,
1218 1863 1343 1922 habetur
1357 1860 1433 1935 liber,

372 1963 423 2034 qui
444 1963 562 2020 nomine
573 1959 814 2039 fraumentorum
829 1970 972 2056 uooatpr3
990 1966 1022 2021 in
1039 1964 1095 2022 hoo
1112 1960 1275 2022 nonnullos
1293 1959 1435 2034 Scriptura

370 2065 468 2119 textus
486 2063 708 2137 interpretatur,
730 2062 836 2139 quibus
853 2065 990 2122 inseritur
1007 2063 1080 2121 illud
1098 2061 1264 2136 Sapientiae
1278 2063 1317 2138 (3)
1333 2061 1432 2120 dicun:

377 2183 388 2206 κ
401 2157 475 2216 Cum
501 2161 633 2234 quietum
656 2160 804 2220 silentium
823 2167 955 2220 tenerent
977 2163 1094 2236 omnia,
1118 2168 1147 2220 et
1167 2178 1228 2220 nox
1246 2164 1279 2220 in
1299 2175 1350 2220 suo
1366 2174 1434 2218 mrsu

372 2257 501 2315 medium
518 2259 573 2315 iter
588 2257 725 2334 haberet,
744 2261 927 2334 omnipotens
942 2277 1037 2320 sermo
1047 2263 1120 2320 ‘tuus
1133 2261 1259 2320 Domine
1277 2275 1296 2317 a
1311 2256 1434 2334 regalibus

371 2353 488 2413 sedibus
509 2357 599 2414 venit,
615 2381 627 2406 r
645 2357 681 2415 In
696 2373 761 2432 cap.
778 2374 839 2415 vn.
857 2358 1008 2434 Evangelii
1025 2358 1166 2434 loannis,
1181 2357 1261 2416 Beda
1275 2357 1312 2416 de
1324 2355 1434 2415 Susanna

372 2454 414 2511 sie
441 2452 562 2512 soribit:
590 2454 729 2513 «Nonne
754 2455 813 2514 duo
840 2455 908 2514 ialsi
934 2462 1022 2514 testes
1042 2463 1144 2515 eontra
1164 2455 1332 2515 Susannam
1349 2453 1435 2512 ialsun

371 2551 553 2624 protulerunt
567 2555 782 2612 testimonium?
801 2558 831 2612 et
845 2549 945 2630 paucis
964 2555 1140 2630 interjectis,
1150 2552 1278 2629 denique
1294 2569 1380 2628 quum
1395 2550 1434 2610 Su·

370 2663 465 2706 sanna
477 2656 559 2708 easta
574 2650 721 2727 foemina,
744 2651 896 2728 ildelisque
916 2656 1024 2728 eonjux
1043 2652 1158 2711 duobus
1179 2653 1264 2712 falsis
1278 2650 1393 2709 testibus
1404 2663 1435 2706 ar·

369 2749 531 2824 guebatur,
551 2750 680 2809 Trinitas
698 2751 742 2808 illi
761 2753 793 2808 in
811 2753 1005 2826 conscientia,
1026 2757 1114 2827 atque
1131 2752 1246 2811 oooulta
1272 2747 1435 2826 suffragaba-

369 2851 435 2921 tur;
454 2846 497 2905 illi
514 2847 644 2907 Trinitas
659 2849 696 2906 de
716 2848 830 2906 oooulto
845 2865 938 2906 unum
960 2854 1064 2908 testem
1079 2849 1231 2908 Danielem
1248 2849 1402 2922 excitavit,
1416 2851 1436 2903 et

369 2945 444 3004 duos
464 2949 629 3006 convicit.»

304 3103 307 3112 ,
408 3042 437 3118 S.
460 3043 513 3102 IX.
536 3044 663 3105 Michael
678 3045 832 3123 Synoellus
852 3048 885 3104 in
896 3045 982 3106 laude
996 3045 1041 3107 Ss.
1058 3047 1239 3124 Angelorum
1253 3046 1341 3128 plura
1353 3042 1436 3103 dehac

369 3157 400 3200 re
419 3140 634 3219 Scripturarum
651 3147 818 3207 testimonia
831 3147 952 3222 profert,
967 3162 1043 3222 quae
1053 3147 1195 3206 Deuterae
1208 3145 1358 3204 dicuntur:
1374 3140 1437 3199 «Au-

369 3240 431 3300 diat
448 3259 572 3319 quaeso,
592 3245 710 3320 scribit,
729 3249 854 3323 quisque
866 3246 994 3321 prudens
1010 3251 1040 3304 et
1054 3245 1210 3319 eor-datus,
1225 3242 1300 3320 quid
1314 3242 1438 3316 Scriptura

368 3338 404 3396 de
420 3341 473 3400 Dei
492 3359 544 3418 per
555 3342 683 3419 Angelos
699 3345 809 3403 auxilio
826 3345 951 3420 singulis
972 3343 1136 3418 aetatibus,
1157 3359 1191 3401 ao
1209 3343 1365 3400 momentis
1376 3353 1436 3397 oon·

367 3452 516 3504 memoret.
536 3445 628 3503 ludas
644 3447 744 3520 itaque
763 3444 980 3519 Machameus,
996 3459 1050 3502 suo
1063 3444 1113 3502 illo
1127 3444 1268 3502 adversus
1281 3443 1375 3502 hostes
1388 3439 1432 3515 ple

369 3560 408 3601 no
421 3546 624 3621 generositatis
641 3543 768 3619 praelio,
784 3542 931 3620 Angelum
948 3543 1067 3602 Domini
1080 3542 1156 3601 vidit
1170 3541 1322 3601 sedentem
1339 3542 1368 3598 in
1379 3552 1436 3612 equo

369 3640 448 3715 albo,
469 3647 524 3699 ete.
538 3684 544 3697 .
556 3684 582 3699 ..
599 3639 708 3699 Tobiae
723 3657 810 3715 porro
824 3640 873 3698 ille
883 3643 980 3716 justus
994 3639 1048 3698 Dei
1061 3638 1246 3715 Archangelo
1260 3635 1388 3713 Raphael
1399 3631 1436 3692 ob

368 3739 449 3796 viam
463 3737 580 3811 iaetus,
600 3743 687 3812 atque
702 3737 739 3797 ab
752 3754 787 3796 eo
801 3737 839 3796 ad
854 3737 1014 3813 Raguelem
1028 3735 1133 3796 duetus
1153 3736 1273 3794 Sarram
1292 3739 1353 3811 ejus
1364 3732 1437 3791 liliam

369 3838 400 3892 in
418 3848 556 3909 sponsam
575 3837 706 3910 aoeepit3
726 3841 755 3893 et
773 3835 860 3910 paulo
874 3840 941 3910 post
953 3851 984 3892 se
997 3836 1039 3892 eis
1052 3833 1183 3909 Angelus
1201 3835 1325 3907 revelat,
1339 3827 1438 3890 audiui

367 3947 422 4008 ego
435 3947 502 3990 sum
519 3932 668 4009 Raphael‚
687 3937 760 3992 eto..
774 3976 798 3989 ..
816 3933 946 4009 Angelus
964 3933 1039 3991 alius
1054 3931 1203 3990 Arnbarm
1218 3931 1350 4005 rapiens,
1365 3927 1435 3985 mira·

369 4027 420 4088 bili
440 4029 508 4088 inde
525 4031 637 4088 ratione
658 4031 689 4087 in
707 4029 888 4106 Babylonem
907 4030 1045 4104 deduxit,
1067 4028 1147 4088 oibos
1170 4031 1201 4088 in
1225 4043 1323 4088 esoam
1342 4020 1436 4085 nanim

368 4126 551 4186 inferentem.
567 4152 579 4176 r

396 4319 504 4382 (oneo.
517 4335 538 4370 ο.
553 4323 637 4370 anrv.
648 4327 721 4384 -or
740 4323 809 4371 'rom
823 4325 876 4371 vn.
890 4337 913 4385 p.
931 4330 982 4374 ror.
996 4349 1026 4360 -
1041 4324 1075 4386 (a)
1093 4326 1150 4386 sap.
1163 4335 1184 4371 o.
1198 4321 1285 4370 xvur.

373 4453 384 4490 i
