3022 5178
820 368 861 387 ...
883 345 938 402 120
958 370 1000 386 ...

372 471 441 520 cum
456 461 570 518 serens
589 453 701 532 sehse,
717 469 791 532 quas
808 462 889 534 mio,
906 457 1004 533 palem
1018 461 1049 520 et
1064 471 1163 518 coram
1179 458 1328 536 omnihus,
1341 464 1417 526 mla

373 553 653 628 contradicentibus,
679 555 712 612 in
730 555 928 616 testimonium
952 554 1197 633 pronunciabant,
1224 559 1333 616 ommis
1350 560 1421 636 eliis,

373 668 448 729 quae
461 650 595 712 ledelibus
611 651 735 727 alienius
752 651 884 712 wandali
901 667 1006 713 musae
1025 651 1158 712 tuaene.

417 750 444 825 s.
466 749 533 808 llll.
550 749 604 808 liis
616 749 752 810 omuibus
764 750 801 810 de
818 749 906 826 hujus
912 751 1027 810 conditi
1039 753 1209 812 auctoritate
1219 751 1323 827 relatis,
1336 769 1423 827 pamm

374 849 490 908 videm
502 848 664 923 macedoni
674 853 791 908 norbae
803 847 919 908 allicere
932 863 1026 908 mnan
1038 851 1245 925 magesimus.
1256 849 1375 910 Ulterius
1385 869 1425 910 ue·
1492 875 1493 882 ¹

373 962 407 1005 ro
424 945 570 1022 progressi
588 947 741 1021 scriptores
756 952 868 1006 vetem
886 947 1036 1022 mamus,
1054 948 1106 1022 qui
1127 947 1164 1006 de
1181 947 1237 1006 hae
1262 948 1424 1023 synodo‚et
1492 971 1493 1026 l

374 1042 411 1101 de
428 1041 557 1119 ejusdem
571 1041 692 1102 decretis
704 1045 879 1103 mendenen
891 1043 1002 1119 iecere,
1016 1044 1138 1106 sonasse
1149 1046 1225 1102 enim
1240 1046 1355 1103 raineris
1367 1045 1425 1104 ient

374 1139 463 1216 hujus
475 1142 596 1200 emonis
610 1140 710 1200 verbe.
725 1141 883 1218 dionysius
898 1142 1041 1218 exiguus,
1055 1144 1105 1217 qui
1123 1144 1198 1204 vixit
1213 1141 1269 1202 sub
1282 1141 1365 1202 unm
1375 1157 1425 1202 see
1492 1153 1493 1218 ἢ

372 1237 432 1296 culi
443 1239 557 1314 quiud,
570 1243 692 1315 rogante
707 1236 854 1313 Stephane
868 1237 1030 1298 salonium
1044 1239 1191 1316 praede,
1209 1253 1333 1298 meones
1350 1240 1425 1298 eccle
1492 1271 1493 1302 l

372 1337 503 1395 siasticos
535 1338 685 1412 egraeeis
713 1333 927 1410 exenpleiibus
953 1337 1057 1411 vetit,
1076 1342 1110 1395 ut
1128 1338 1190 1411 ipse
1209 1338 1272 1396 suis
1286 1336 1380 1396 litteris
1394 1337 1425 1394 ed
1492 1323 1493 1328 ’

374 1434 471 1508 ipsum
478 1431 657 1509 Stephanum
670 1431 845 1509 signilleauit
854 1433 964 1494 neme:
976 1433 1073 1492 «Sicut
1083 1433 1266 1492 babennrria
1278 1449 1374 1509 graeca
1384 1451 1424 1492 aa·

375 1532 510 1590 ctoritme
526 1530 712 1606 digessimus.
727 1553 741 1581 s
760 1529 887 1592 Cenem
903 1547 993 1606 perro
1015 1531 1064 1592 ille
1093 1532 1207 1590 candui
1228 1530 1364 1590 laodiceni
1385 1547 1424 1590 ca·

372 1642 483 1702 mnes,
498 1629 586 1704 juxta
601 1626 731 1702 suedan
747 1629 1023 1704 intepretationem,
1036 1629 1201 1714 nummarii
1217 1643 1341 1688 canones
1355 1630 1423 1702 quu-

372 1726 513 1801 quaginta
529 1739 651 1788 novem,
671 1723 778 1801 quibua
791 1741 893 1786 eornm
910 1725 987 1785 tituli
1000 1725 1234 1801 confomantur,
1250 1731 1280 1784 et
1291 1725 1379 1784 ultimi
1389 1741 1425 1784 ea

370 1824 457 1882 nonis
475 1829 513 1881 59
529 1821 620 1882 verbe
632 1837 736 1898 graeca
747 1824 790 1882 sie
801 1822 966 1882 transluht:
985 1845 998 1874 α
1012 1821 1096 1897 Quod
1111 1839 1172 1882 non
1187 1827 1301 1898 oportet
1312 1821 1425 1897 plebeius

372 1921 500 1994 psalmus
513 1921 545 1978 in
557 1920 684 1980 ecclesiis
699 1925 837 1997 mutare,
849 1937 903 1980 nec
916 1920 1007 1980 libros
1018 1927 1131 1997 praeter
1145 1919 1293 1980 Cononem
1306 1920 1370 1995 legi,
1386 1920 1426 1978 sed

373 2017 468 2076 solum
485 2017 731 2078 sacre'uolumina
747 2019 818 2076 noui
829 2018 1009 2093 testamenti,
1025 2017 1073 2078 uel
1089 2019 1203 2078 veteris.
1220 2041 1235 2068 s
1251 2017 1336 2076 Hisce
1347 2016 1427 2074 vehis

374 2113 492 2189 explicit
512 2129 650 2174 numerus
673 2131 819 2176 mum
836 2115 1001 2176 laodicenae
1018 2115 1124 2192 synodi
1137 2119 1227 2192 juxte
1243 2114 1425 2191 dionysianam

287 2256 291 2261 -
373 2213 581 2272 collectionem.
602 2212 675 2272 Cum
695 2212 790 2273 mhrs
806 2216 975 2289 praesertim
991 2213 1124 2291 Dionysii
1140 2213 1271 2290 ejusdem
1290 2213 1426 2270 manumi

375 2312 434 2385 ptis
447 2310 641 2370 Bibliothecae
657 2313 826 2386 parisiensis
843 2309 908 2372 Soc.
924 2311 994 2372 lesu
1010 2311 1086 2372 huuc
1099 2309 1242 2372 laodiceni
1256 2309 1364 2370 concilii
1374 2325 1426 2366 uer-

373 2408 484 2468 sionem
498 2410 620 2469 contulit
636 2408 803 2484 Ardumus,
821 2409 856 2468 in
871 2407 977 2486 quibus
995 2415 1062 2486 post
1078 2407 1179 2469 titulus
1192 2423 1338 2470 mmnum
1348 2448 1358 2479 ,
1369 2405 1426 2463 hece

373 2505 495 2565 habetur
509 2506 547 2566 de
565 2506 705 2585 Dionysio
723 2505 886 2566 emendo:
902 2506 941 2583 (i)
958 2507 1091 2584 «-1neipit
1105 2511 1202 2568 uetus
1216 2519 1360 2566 emonem
1371 2517 1425 2560 eon

373 2603 432 2662 ciiii
444 2603 635 2680 leodicensis,
653 2605 775 2681 expositi
792 2605 871 2682 apud
886 2605 1043 2664 laredietam
1064 2605 1210 2682 Phrygiae
1227 2617 1348 2666 numero
1359 2601 1425 2676 quin·

369 2704 512 2778 .quaginte
523 2709 598 2762 octo.
609 2728 622 2756 »
634 2703 671 2763 Et
683 2704 739 2764 hue
753 2703 859 2765 accidit
866 2719 901 2764 eo
908 2702 987 2780 quod
997 2705 1029 2762 in
1041 2701 1260 2764 collectionibus
1272 2698 1425 2778 quibusdan

374 2812 469 2858 canon
489 2807 527 2858 es
544 2799 732 2860 desideretur.
1368 2833 1370 2840 v

413 2896 506 2956 Paulo
522 2904 591 2957 ante
608 2897 763 2959 dimidium
782 2898 890 2964 saeculi
908 2900 983 2960 sexti
1010 2898 1154 2960 nunnus
1176 2896 1350 2970 dumiensis,
1368 2893 1424 2952 ciui-

375 2995 444 3054 tatis
458 2993 639 3055 bracarensis
655 2995 844 3058 inLusltanta
856 2998 1022 3074 epiecopus,
1035 2999 1083 3056 vir
1094 2996 1240 3071 clarus,et
1255 2993 1362 3070 gramis
1372 2989 1423 3048 lati·

373 3093 476 3169 nisque
489 3093 592 3152 litteris
602 3095 712 3170 perium
725 3095 757 3153 in
766 3093 911 3156 Orientem
929 3097 984 3154 lta·
1002 3095 1128 3170 suscepit
1140 3092 1179 3152 ad
1195 3092 1248 3152 illa
1261 3093 1324 3151 loce
1339 3090 1423 3150 sanda

373 3190 503 3250 visenda.
525 3189 636 3251 Ibidem
656 3191 854 3252 collectionem
876 3207 1022 3253 munnam
1039 3205 1076 3252 ex
1092 3191 1203 3268 graecu
1219 3187 1340 3266 synodis
1353 3183 1421 3244 ador·

372 3291 475 3368 navit,
496 3291 528 3349 in
546 3305 605 3366 qua
620 3289 814 3367 conficienda,
834 3295 868 3350 ut
883 3290 991 3352 fatetur
1007 3292 1040 3350 in
1059 3305 1113 3350 sua
1138 3287 1332 3364 praefatione,
1349 3281 1424 3340 multa

371 3403 443 3448 cura
460 3393 490 3447 et
505 3387 658 3448 sedulitate
676 3404 746 3448 usus
767 3395 823 3448 est.
841 3389 877 3448 ln
893 3388 950 3448 hoe
968 3403 1054 3465 opere
1070 3387 1215 3448 Mamm
1240 3389 1338 3444 censet
1353 3393 1423 3438 cane

372 3501 440 3542 nem
457 3485 638 3544 laodicenum
658 3501 740 3545 num.
761 3493 798 3546 tu
819 3489 966 3563 signatum
989 3485 1035 3544 his
1067 3483 1178 3544 umbe:
1202 3507 1215 3532 α
1239 3482 1306 3541 Nou
1331 3479 1424 3554 oportet

373 3580 411 3640 ab
428 3581 525 3642 idiotis
537 3583 665 3658 psalmos
682 3585 855 3660 compositos
872 3590 902 3644 et
917 3583 1053 3660 augme
1066 3584 1098 3642 in
1112 3580 1240 3646 oeelesi’n
1253 3579 1330 3653 diei,
1346 3586 1422 3652 neque

371 3677 477 3754 libros,
497 3684 548 3757 qui
560 3687 628 3742 suut
640 3685 724 3742 extra
740 3697 880 3743 monem
894 3681 1007 3759 legere,
1020 3682 1078 3740 uisi
1094 3679 1172 3742 solos
1191 3678 1345 3742 manicos
1356 3671 1423 3742 nouis

372 3777 420 3839 uel
438 3781 544 3838 ueteris
562 3783 764 3844 immanenti.»
780 3779 898 3840 Praeter
921 3779 1016 3855 haee,
1039 3777 1112 3840 nihil
1129 3775 1209 3861 eliud
1230 3775 1312 3842 addit
1331 3772 1422 3846 elilim·

370 3891 444 3954 pus,
465 3893 558 3956 neque
573 3879 651 3940 inira
662 3879 700 3939 de
712 3879 818 3938 horum
831 3877 972 3938 librorum
983 3891 1093 3951 muse,
1109 3873 1255 3952 nequem
1266 3883 1373 3934 canone
1383 3879 1420 3926 se·

371 3977 521 4054 xagoeime
533 3976 654 4038 umbem
669 3977 796 4053 quiem.
811 3975 911 4036 Editor
923 3991 1039 4051 quoque
1053 3973 1207 4036 editionem
1224 3969 1369 4046 vulgatam
1380 3963 1421 4020 ho·

372 4089 440 4135 nun
453 4089 597 4136 canonum
609 4071 663 4152 'per
674 4073 808 4136 eumdem
820 4079 988 4150 auctorem,
1003 4072 1125 4134 contulit
1141 4069 1328 4132 bibliothecae
1343 4062 1423 4124 Titii

400 4265 434 4330 (l)
452 4266 542 4319 Lahhei
559 4267 619 4317 tom.
629 4268 649 4317 1.
661 4265 1032 4330 praesensissemus.
