3022 5178
529 321 708 380 —iei-

34 447 36 470 ³
107 451 151 496 occ
168 433 270 511 codici,
292 433 343 510 (pai
366 429 500 492 eumdem
526 447 668 498 camnem
693 428 853 509 onustos,
879 428 1040 509 betleem
1057 431 1155 494 verbis

103 547 260 610 expressum.
278 531 359 592 lllcm
373 546 488 610 qnoque
504 530 639 594 ilrmator
652 547 671 592 a
686 530 784 592 codice
800 533 832 590 in
844 529 1019 592 bibliotheca
1029 531 1152 592 medico·

104 632 267 692 bucolicus
289 629 452 690 Florentino
473 637 590 690 servato
608 630 706 706 pluteo
725 646 792 690 xvc.
814 645 897 692 num.
919 636 969 708 it,
986 631 1038 708 qui
1054 629 1155 692 eadem

103 727 179 789 verba
196 726 309 788 nabet
329 725 519 804 abepiscopo
539 726 837 788 Mamaeanas·

133 825 164 884 ln
177 824 338 886 collectione
351 823 472 886 Jocnnls
489 823 655 886 antiocheni
664 823 826 902 presbyteri
842 821 1028 901 scholastici,
1038 825 1155 902 opipo·

101 927 152 982 stes
169 921 221 982 ioli
233 921 397 998 potnercbu
413 922 742 999 constantinopolitanus
761 936 780 981 a
798 921 962 984 lostlnicnc
981 923 1154 999 inperatore

102 1019 128 1078 ln
145 1018 233 1079 iocum
249 1017 378 1080 Entiehls
395 1017 556 1095 emeatus,
572 1018 709 1095 leguntur
732 1033 858 1080 canones
876 1019 1088 1096 qninquaginta
1103 1035 1157 1080 no·

99 1131 154 1176 ven
177 1115 339 1194 apatribns
355 1116 513 1178 laodicenis
531 1115 678 1196 Pbrygiae
696 1117 878 1194 congregatis
895 1117 1038 1193 expositi,
1056 1131 1092 1178 ec
1111 1117 1155 1178 sic

99 1215 224 1289 excipitur
236 1215 267 1272 in
280 1213 382 1274 ordine
401 1228 564 1290 canonum,
578 1230 665 1291 quem
683 1216 745 1290 ipse
757 1215 837 1291 operi
849 1215 1025 1290 praeposuit.
1043 1212 1154 1275 Delum

98 1311 170 1372 itrio
186 1312 442 1389 pnnqoegeslmo,
460 1313 512 1390 qui
528 1317 662 1373 versatur
682 1313 832 1388 speciatim
845 1311 883 1372 oe
897 1311 1005 1372 diuinis
1025 1309 1153 1388 Scriptu·

98 1411 145 1484 ris,
165 1416 273 1485 praeter
293 1425 419 1471 oenones
438 1409 562 1470 alimum
581 1409 780 1488 synodorum,
798 1410 850 1486 qui
871 1409 910 1470 oti
928 1409 984 1470 boc
1004 1413 1155 1488 negotium

97 1507 265 1585 spectubont,
280 1510 428 1568 enarravit
440 1507 563 1569 mannes
575 1506 690 1568 decreta
703 1506 855 1570 laodiceae
870 1522 938 1566 xvc.
952 1523 1035 1568 xv11.
1053 1524 1152 1568 xvrrr.

97 1619 152 1664 ιιι.
178 1612 206 1666 et
234 1611 380 1682 postremo
419 1620 560 1666 canonem
581 1605 710 1682 eusdem
736 1605 853 1666 concilii
882 1606 1155 1682 qumquagesimum

97 1717 192 1762 nonum
211 1704 310 1766 retulit
331 1703 378 1765 bis
398 1703 494 1765 vebis
511 1709 644 1764 tentum:
664 1727 678 1756 α
692 1703 778 1778 Quod
798 1719 858 1764 non
880 1709 994 1780 oportet
1010 1707 1152 1782 privatos,

97 1805 120 1858 et
132 1801 258 1878 irrigares
276 1801 407 1890 psnlrnos
424 1801 482 1861 dici
501 1804 532 1860 ln
553 1801 701 1879 Ecclesia,
723 1817 778 1862 nec
794 1800 884 1864 libros
903 1799 1149 1878 concanonicos,

95 1897 135 1956 soi
156 1899 228 1960 solos
251 1899 413 1960 Canonicos
431 1901 538 1960 veteris
557 1903 587 1958 et
602 1901 673 1960 novi
689 1901 865 1960 tmtamcnti.
881 1923 895 1950 υ
918 1898 954 1958 ln
975 1898 1150 1960 bibliothece

95 1996 288 2058 nniobonensi
312 2013 332 2058 a
351 1995 506 2060 Lcmbecio
517 1997 663 2058 illustrato
679 2002 760 2056 extat
773 1997 866 2056 mdes
881 2011 1002 2074 maecum
1020 1999 1153 2074 signatus

94 2107 162 2154 oum.
182 2103 219 2155 ii
230 2101 318 2156 coma
337 2102 393 2156 iili
411 2093 647 2155 membranaceus
662 2099 691 2152 et
706 2099 888 2170 pervmusbrs
898 2092 1025 2169 infolio,
1040 2092 1079 2153 ub
1089 2094 1150 2154 Au·

96 2193 162 2266 gerlo
178 2193 358 2270 Busbecbio,
372 2200 407 2254 ut
420 2195 481 2268 ipse
493 2191 579 2254 sollte
593 2193 726 2268 propriae
739 2207 844 2252 manns
860 2193 1048 2268 inscriptione
1063 2197 1152 2252 testu·

94 2292 150 2366 tor,
161 2289 228 2353 olim
245 2289 497 2368 iuitcomporams
514 2288 774 2366 Ounnanfinopoll.
793 2287 984 2350 continencia
1000 2290 1033 2348 in
1055 2305 1089 2348 eo
1103 2305 1152 2348 ca·

93 2399 169 2448 nones
185 2390 335 2450 vanorum
352 2387 540 2448 conciliorum
555 2374 780 2464 generalium'et
795 2387 1019 2463 provincialium
1038 2392 1094 2448 etc.
1116 2386 1152 2447 In

93 2483 150 2544 iollo
167 2495 202 2546 so
222 2486 311 2564 hujus
329 2485 437 2546 codicis
452 2484 596 2546 habentur
615 2499 740 2546 caumes
757 2485 873 2545 concilii
888 2484 1031 2546 laodiceni
1048 2486 1080 2544 in
1096 2499 1152 2544 nn·

92 2597 158 2642 mero
169 2585 382 2662 qulnquaginta
391 2598 498 2644 nouem
508 2582 547 2643 ub
559 2597 707 2660 anonymo
719 2581 845 2659 quodum
863 2585 983 2659 antium
996 2581 1151 2644 mellocio

91 2695 178 2756 graece
198 2681 436 2743 annotationibus
456 2680 665 2758 marginalibus
684 2686 714 2741 et
733 2680 967 2742 nnrnneuribus
997 2680 1145 2744 illustrati.

95 2777 157 2838 ilem
175 2775 320 2842 in‘oorlice
335 2779 394 2840 alio
406 2779 607 2855 unilqnlsslmo
631 2791 735 2855 gracco
754 2777 944 2838 concillorum
965 2779 1080 2856 ugncio
1098 2795 1153 2838 nu·

91 2890 152 2937 mer.
167 2887 203 2939 sc
215 2879 397 2940 desideratur
412 2891 531 2954 prorsus
555 2891 651 2936 conon
672 2877 870 2964 sexagesimus
891 2877 1008 2938 concilii
1028 2877 1153 2938 laodice·

90 2976 130 3050 ni,
152 2981 222 3036 teste
243 2976 320 3052 liudi
341 2976 379 3036 (lc
392 2974 580 3052 Septuaginta
592 2976 783 3049 interpretum
799 2975 941 3036 versione.
963 2973 1028 3034 Hoc
1046 2991 1151 3036 manu·

90 3075 216 3148 scriptum
241 3073 363 3134 exmbot
384 3073 514 3134 venetiis
538 3073 570 3130 in
592 3070 768 3137 bibliothece
784 3071 923 3149 Bscoocl,
941 3075 1025 3150 cujus
1039 3071 1153 3134 codices

90 3169 186 3230 vendlti
203 3171 371 3232 Londinnm
388 3169 524 3230 translati
537 3174 617 3232 suut.

120 3267 152 3326 in
170 3269 339 3330 cobecilone
362 3267 466 3330 Isidori
490 3267 660 3328 lineatoris
681 3268 743 3328 slve
757 3267 938 3343 Paeoniorls,
952 3267 1085 3344 quisquis
1101 3266 1152 3328 ilic

88 3359 174 3442 inerit,
190 3366 336 3426 habentur
352 3381 478 3428 cmones
490 3365 606 3428 concili
622 3365 751 3442 eusdem
763 3363 916 3441 laodiceni,
930 3367 981 3441 qui
998 3367 1086 3441 Juxta
1103 3381 1151 3424 eo·

88 3473 145 3520 cum
162 3465 263 3525 nouos
278 3469 469 3524 nurnercntar
494 3464 706 3540 quinquaginta
724 3478 841 3528 novem.
863 3461 1033 3524 flnounne
1052 3461 1150 3538 idern,

83 3557 160 3630 juxto
171 3559 282 3622 Lnbbel
290 3562 323 3622 in
336 3563 414 3620 none
428 3560 465 3620 de
477 3559 533 3620 bac
546 3560 671 3639 synodo,
682 3560 759 3622 hano
771 3560 935 3620 canonem
948 3559 1071 3622 contulit
1082 3575 1152 3620 cum
1212 3576 1217 3586 ’

85 3657 234 3733 tergorum
248 3658 418 3720 collectione
435 3653 498 3720 MS.
517 3659 621 3720 isidori
641 3659 811 3719 Mercatorls
828 3658 965 3718 biblioth.
985 3661 1076 3735 puris.
1096 3657 1149 3719 so·

86 3753 187 3816 debis
203 3757 296 3834 iesu,
320 3771 443 3834 quarum
461 3760 493 3822 ln
509 3771 570 3826 una
589 3756 660 3824 haec
677 3763 721 3826 est
737 3757 842 3816 Isidori
867 3757 1036 3817 adnuntio:
1054 3756 1152 3816 «Lao-

85 3848 200 3914 dicensls
214 3855 368 3937 modus,
388 3857 420 3914 ln
443 3869 502 3933 qna
519 3859 617 3932 pubes
645 3856 751 3932 uiginti
773 3855 832 3918 tino
846 3859 1010 3938 statuerunt
1024 3869 1151 3915 omenes

85 3949 289 4032 qulnquaginta
302 3965 428 4030 novcmt
445 3967 571 4035 qnormn
587 3957 689 4012 auctor
702 3954 829 4012 maxime
842 3951 1023 4012 Theodosius
1040 3953 1150 4027 episco-

84 4058 134 4117 pus
152 4051 272 4125 existit,
290 4049 536 4116 subscribentibus
552 4049 674 4126 Hiceta,
688 4048 879 4127 Macedonio,
900 4049 1038 4111 Anatolio
1054 4053 1085 4111 ct
1106 4065 1150 4108 ce·

85 4147 331 4208 ieris.»1sidorus
355 4149 447 4223 illem,
472 4149 523 4230 qiui
547 4148 622 4208 uixit
638 4146 753 4205 saeculo
769 4153 894 4222 octavo,
918 4151 952 4206 ut
974 4145 1098 4206 habetur
1117 4146 1150 4206 in

85 4253 133 4308 nc
145 4243 322 4328 praecatione
339 4245 418 4326 apuli
432 4241 567 4326 creon
584 4240 713 4322 Lubbel,
730 4257 767 4308 cx
787 4245 915 4328 unoquo
930 4241 1078 4311 edictu
1093 4241 1150 4304 boc
