3094 5176
596 318 775 370 *157-

140 425 267 504 gendum
295 427 431 488 exbtlnm
456 423 589 501 Apostoll
618 424 708 486 verba
740 423 917 501 praeseferre
947 426 1216 501 interpretationem

140 526 266 584 rwrtoie
274 527 456 602 pereutere,
477 529 564 600 prout
583 526 680 584 innuit
698 523 913 600 Tertullianus,
934 537 969 582 eo
986 525 1081 600 magis
1094 525 1174 600 quod
1187 532 1217 584 et

140 622 211 682 alibi
229 620 360 698 Paulus,
380 627 410 682 et
428 619 561 682 Christis
581 621 664 682 lesus
678 623 710 680 in
723 621 899 698 Evangelio,
920 621 1061 696 ejusmodi
1081 638 1135 698 pro
1149 622 1215 684 aliis

140 721 333 797 expiationem
354 719 565 797 appellaverint
585 718 767 796 baptismc.'

179 818 350 896 Septimium
371 835 441 879 vero
460 825 561 896 notes,
583 819 654 879 dum
675 835 709 878 ea
725 818 858 880 edisserit
877 817 983 895 verba,
1004 821 1216 894 interpretatio·

139 931 208 978 nem
220 917 357 995 praebere
369 919 543 994 apostolieae
552 920 730 994 sententiae,
746 923 863 994 sumpta
876 917 1065 977 similitudine
1078 933 1116 977 err
1124 917 1217 978 ethni·

139 1029 241 1080 corum
261 1014 419 1076 latinorum
437 1015 562 1092 phrasi,
589 1032 648 1074 non
666 1022 766 1074 autem
787 1015 828 1076 ibi
848 1015 972 1092 probare
990 1017 1121 1092 gentium
1140 1017 1215 1076 ritus

138 1117 203 1173 tum
225 1128 292 1174 cum
313 1112 458 1174 defunctis
480 1113 626 1174 solverent
644 1117 736 1188 justa.
757 1115 844 1174 Retio
864 1115 963 1190 enirn,
985 1119 1014 1174 et
1036 1112 1216 1174 consuetudo

108 1260 110 1305 ἡ
138 1209 364 1272 christianorum
385 1212 438 1272 hos
458 1217 541 1272 actus
561 1210 729 1287 perficiendi
751 1214 870 1270 omnino
887 1209 1030 1270 ditiorum
1050 1209 1089 1268 ab
1102 1209 1216 1270 inferiis

110 1310 114 1351 l
137 1323 211 1386 quas
232 1307 378 1368 faciebant
405 1310 502 1386 graeci
524 1315 612 1385 atque
635 1311 759 1368 romani.
783 1308 875 1368 Paulo
897 1313 963 1384 post
989 1314 1114 1384 autem,
1143 1308 1214 1385 quid

137 1406 199 1482 ipse
218 1404 415 1466 Tertullianus
436 1408 559 1467 senserit
578 1405 615 1466 de
634 1406 807 1484 Purgatorio
828 1407 859 1466 in
881 1406 973 1466 altera
990 1408 1070 1482 viia,
1095 1411 1124 1466 et
1142 1421 1214 1482 quo·

137 1503 226 1564 modo
239 1504 368 1564 Ecclesia
385 1504 535 1564 catholiea
554 1505 707 1566 animabus
725 1504 930 1566 defunctorum
943 1503 1143 1582 suffragetur,
1165 1519 1215 1579 pa·

137 1601 226 1664 tebet.
245 1603 360 1664 Interea
373 1605 444 1662 satis
458 1605 497 1662 sit
513 1603 728 1664 demonstrasse
741 1603 874 1680 Apostoli
886 1609 1034 1679 mentem,
1053 1601 1124 1662 dum
1139 1603 1210 1662 scri·

138 1703 215 1778 psit:
242 1699 405 1779 «Alioquin
420 1701 491 1779 quid
510 1701 636 1780 faeiem,
660 1704 712 1779 qui
735 1703 919 1782 baptizantur
940 1719 994 1779 pro
1018 1703 1163 1778 mortuis,
1184 1703 1211 1762 si
1233 1737 1254 1762 a

137 1801 256 1860 omnino
276 1802 384 1860 mortui
403 1815 463 1860 non
484 1801 691 1877 resurgenti»
715 1808 744 1862 et
757 1802 903 1878 quomodo
919 1799 1116 1862 Tertullianus
1136 1805 1213 1860 recte

136 1899 341 1974 interpretatus
364 1900 402 1959 sit
424 1898 476 1960 illa
492 1897 625 1976 Apostoli
642 1899 742 1960 verba.
765 1900 872 1962 Beatus
895 1899 1076 1977 Ephraemus
1095 1913 1211 1974 quoque

136 1997 168 2054 in
188 2010 242 2055 suo
254 2001 447 2073 testamento,
469 1996 548 2074 quod
564 1996 671 2074 legitur
688 1999 764 2058 inter
779 2002 887 2076 scripta
901 2014 1026 2075 graeca,
1041 1997 1126 2057 Pauli
1144 2013 1209 2057 sen·

135 2095 257 2154 tentiam
278 2093 334 2154 hac
348 2094 449 2154 eadem
463 2097 700 2172 interpretatione
713 2097 835 2158 donavit
848 2097 978 2159 scribens
992 2095 1029 2172 (1)
1041 2113 1048 2155 :
1065 2094 1120 2155 «st
1142 2111 1213 2173 ergo

135 2193 244 2252 mortui
263 2209 323 2252 non
342 2192 540 2269 adjuvantur,
562 2208 622 2269 qua
639 2193 676 2254 de
692 2210 782 2254 eausa
794 2193 978 2256 Amramides
997 2193 1080 2254 illum
1095 2192 1211 2252 benedi·

136 2289 202 2365 xlt;
223 2296 252 2349 et
272 2292 299 2350 si
318 2289 449 2350 defuncti
470 2306 557 2352 sensu
578 2298 701 2369 carent,
730 2292 800 2352 audi
828 2291 1000 2369 Apostolum
1023 2291 1095 2368 quid
1112 2291 1209 2350 dicat:

135 2387 220 2462 Quod
239 2389 264 2447 si
283 2404 343 2448 uon
365 2396 523 2467 resurgunt
544 2392 673 2465 mortui,
694 2389 731 2450 ad
749 2391 821 2468 quid
833 2390 1017 2467 baptizentur
1033 2405 1087 2465 pro
1100 2389 1159 2449 illis
1170 2391 1207 2448 tu

173 2484 297 2548 Censitis
315 2489 357 2547 ite
374 2487 438 2548 divi
459 2487 620 2565 Matthaei,
640 2494 669 2549 et
686 2488 772 2548 Pauli
791 2488 924 2564 Apostoli
935 2488 1048 2563 verbis,
1062 2487 1100 2548 de
1112 2488 1211 2562 expia-

132 2585 220 2646 tionis
235 2583 300 2646 loco
313 2587 345 2644 in
362 2585 455 2648 altera
467 2587 529 2644 vita
540 2603 549 2662 3
571 2587 733 2646 notandum
746 2593 793 2664 est
804 2603 876 2665 eos,
896 2589 948 2664 qui
961 2587 1004 2646 ite
1016 2587 1210 2662 scripserunt,

3 2719 7 2771 g,
133 2681 262 2744 noluisse
281 2673 390 2744 novam
410 2684 534 2744 condere
553 2684 718 2745 doctrinam
734 2691 849 2761 praeter
869 2701 955 2762 eam,
979 2687 1133 2761 quaejam
1158 2699 1211 2742 an·

134 2781 256 2858 tiqultus
274 2783 408 2843 institute
428 2783 516 2843 inerit
534 2783 572 2842 de
594 2781 650 2842 boc
670 2781 739 2842 fidei
759 2782 893 2843 erticido.
920 2781 1035 2842 Cursim
1055 2783 1134 2840 enim
1154 2782 1211 2859 ipsi

137 2883 171 2938 ut
182 2893 236 2953 per
250 2887 332 2956 erat,
351 2887 381 2940 et
394 2881 514 2941 fortuito
530 2880 620 2942 locuti
639 2887 709 2942 sunt
724 2881 761 2940 de
774 2879 968 2958 Purgatorio,
983 2885 1011 2938 et
1025 2879 1061 2938 de
1074 2880 1211 2938 vivorum

134 2973 270 3048 operibus
284 2975 323 3038 ad
340 2975 480 3036 levandas
499 2979 612 3038 animas
626 2977 849 3053 defunctorum,
870 2979 991 3052 quaein
1011 2993 1045 3035 eo
1063 2993 1211 3035 maceran-

134 3077 193 3132 tur.
217 3069 383 3132 Matthaeus
406 3073 462 3132 hoc
484 3075 580 3134 innuit
603 3080 786 3150 pertractans
811 3073 847 3132 de
874 3079 993 3149 peccato
1015 3075 1046 3130 in
1070 3071 1210 3148 Spiritum

134 3166 284 3228 Sanctum.
299 3167 410 3230 Pardus
418 3171 488 3232 item
496 3169 623 3245 probans
633 3177 814 3231 mortuorum
823 3172 1082 3244 resurrectionem,
1097 3175 1210 3245 praeter

133 3266 193 3326 alia
210 3275 400 3344 argumenta,
422 3285 459 3328 ex
471 3269 638 3330 eorumdem
650 3268 882 3330 cinisdildellam
896 3269 969 3328 actis
982 3283 1035 3345 pro
1048 3267 1209 3343 defunctis,

2 3336 7 3381 ¹
132 3365 210 3426 bane
228 3366 393 3428 doctrinam
412 3375 587 3445 propugnat.
610 3368 712 3430 Neutri
726 3383 796 3428 vero
816 3368 873 3427 hoe
886 3366 992 3444 dogma
1012 3365 1153 3442 peculiari
1165 3366 1209 3427 di·

132 3466 305 3540 squisitione
325 3468 456 3544 aggressi
469 3474 539 3526 sunt
550 3467 783 3544 instituendum,
804 3483 872 3526 oum
888 3469 953 3542 jem
973 3471 1061 3525 antea
1074 3463 1210 3524 omnibus

130 3562 284 3640 vulgatum
304 3571 398 3642 esset,
420 3570 532 3640 partem
552 3567 731 3626 mnsutuens
751 3565 898 3642 praecepti
911 3564 1054 3640 caritatis,
1065 3566 1207 3639 cujusque

131 3660 268 3723 cordibus
287 3663 443 3740 inseripti,
465 3664 545 3740 quod
566 3667 631 3740 jam
644 3665 772 3724 innotuit
792 3661 989 3738 Petrierebis,
1010 3660 1160 3722 firmatum
1177 3663 1209 3720 in

2 3743 6 3802 τ’
130 3757 223 3836 Lege,
237 3765 268 3820 et
281 3761 476 3822 instauratum
488 3761 630 3824 aCbristo
639 3763 670 3822 in
684 3763 743 3822 illis
757 3761 874 3822 verbis:
895 3785 907 3811 «ι
922 3759 1031 3836 Diliges
1040 3760 1208 3835 proximum

130 3861 213 3917 tuum
231 3860 306 3920 sicut
328 3865 358 3919 te
376 3862 484 3937 ipsum.
500 3887 512 3914 a
531 3861 635 3921 Nonne
655 3868 685 3922 et
702 3861 759 3920 boe
781 3859 859 3920 idem
878 3866 1000 3936 egerunt
1023 3857 1157 3934 Apostoll
1178 3862 1208 3915 et

130 3955 265 4032 discipuli
285 3956 420 4036 Domini,
440 3959 496 4018 sibi
516 3959 751 4020 commendantes
776 3958 959 4018 adinvicem
981 3972 1082 4033 pacem
1105 3961 1134 4014 et
1159 3969 1207 4030 ca-

129 4053 244 4112 ritatem
259 4054 272 4111 i
288 4053 397 4116 Paulus
420 4073 468 4116 ex.
482 4071 512 4134 g.
532 4059 594 4118 sive
614 4057 652 4117 ad
674 4057 849 4132 Romanos,
874 4057 937 4115 sive
959 4053 996 4114 ad
1013 4052 1204 4129 ¹Corinthios,

172 4263 205 4322 (1)
222 4267 292 4316 Tom.
310 4269 342 4318 ll.
360 4281 384 4332 p.
402 4273 457 4320 tui.
