3086 5182
546 339 705 391 ..ῃ-

88 447 203 522 wana,
213 459 300 522 quem
315 461 385 523 prae
402 446 536 509 manibus
549 447 652 510 habult
668 449 882 527 Hieronymus,
893 457 922 510 et
935 451 1032 512 latinis
1050 454 1170 516 auribus

87 543 232 618 donavit,
253 559 321 602 uere
341 546 468 604 extimui
486 545 634 622 exemplar
655 546 855 624 apographum
874 547 961 624 hujus
982 547 1168 630 Scripturas,

87 642 186 702 adhuc
206 643 367 718 gnoratm.
389 642 588 718 Discrepantia
608 651 722 722 autem,
745 661 820 723 quae
839 648 954 724 exurgit
973 649 1048 708 inter
1068 649 1170 710 Hiero·

86 744 173 818 nymi
186 743 367 816 versionem,
389 747 418 800 et
432 740 620 818 Septuaginta
636 745 900 819 interpretationem
916 786 925 819 ‚
953 747 1001 806 cui
1014 747 1099 822 viro,
1120 746 1168 806 vel

86 855 195 898 causae
215 842 357 916 assignari
376 843 494 917 possit,
516 841 596 900 latet.
618 842 654 900 In
674 845 804 919 utrisque
824 859 875 904 seu
896 841 1045 902 chaldaico
1069 850 1168 920 matu,

87 939 152 996 sive
172 937 362 998 dmaudrino
381 941 479 998 omnia
502 940 661 1015 generatim
679 941 868 1000 conveniunt.
888 939 1036 1016 Exposibo
1054 955 1124 1000 vero
1137 947 1171 1001 ut

12 1055 13 1065 ¹
89 1035 197 1096 clarior
217 1036 332 1098 udatur
351 1053 415 1114 ea,
445 1052 534 1114 quam
553 1037 674 1098 uadunt
698 1037 888 1098 Alexandrini
915 1039 1114 1114 interpretes,
1140 1043 1170 1098 et

10 1153 14 1192 s
87 1141 312 1212 acoeptaverunt
334 1137 474 1211 prunaevi
506 1136 638 1196 doctores
665 1136 809 1196 Ecclesiae
837 1135 1028 1196 Christianae.
1047 1136 1170 1196 Huetius

88 1233 126 1293 de
146 1234 203 1292 hoc
222 1233 296 1294 libro
316 1234 459 1294 disserens
479 1233 555 1294 hanc
575 1249 710 1312 graecam
735 1236 897 1294 versionem
921 1239 1082 1294 ceterarum
1107 1250 1168 1294 ma·

10 1383 11 1392 ,
88 1331 170 1388 xime
192 1345 296 1406 puram
315 1337 345 1390 et
364 1329 523 1408 archetypo
548 1334 774 1392 consentientem
789 1331 944 1408 iadicaut
966 1330 1084 1392 Certum
1104 1333 1168 1407 qul·

87 1427 156 1486 dem
173 1433 236 1505 est,
257 1430 301 1488 uti
315 1429 469 1504 probatum
486 1427 557 1504 luit,
576 1428 627 1488 ubi
644 1431 691 1506 egi
708 1429 744 1489 de
756 1429 855 1505 phrasi
870 1427 1084 1506 Scripturarum
1096 1427 1170 1490 Deu-

13 1549 18 1588 :
87 1531 217 1584 terarum
229 1525 313 1602 (quae
323 1542 442 1602 prorsus
455 1527 601 1588 semiticae
615 1525 768 1604 linguae,e
781 1543 840 1604 qua
852 1527 994 1586 translata
1005 1533 1074 1586 sunt
1086 1543 1169 1586 sacra

11 1649 18 1690 ς
88 1621 199 1698 biblia,
214 1623 425 1699 conformatur)
440 1624 548 1685 Tobiae
560 1624 667 1684 librum
680 1641 797 1686 ausum
810 1641 873 1684 esse
885 1624 1079 1685 Alexandriae
1091 1630 1167 1700 tum,

88 1736 157 1780 cum
175 1721 269 1780 etalii
287 1721 445 1781 Bibliorum
464 1729 594 1782 veterum
615 1723 682 1782 libri
701 1739 738 1782 ex
750 1721 874 1782 hebraeo
887 1723 933 1782 vel
951 1721 1089 1781 chaldaeo
1109 1726 1168 1779 tra·

88 1818 171 1878 ducti
194 1821 263 1878 sint.
292 1817 468 1895 Simplicitas
492 1823 569 1880 enim
589 1821 677 1898 hujus
695 1821 893 1882 translationis
917 1836 1036 1896 graecae
1061 1818 1169 1878 Tobiae

13 1945 20 1967 ι
89 1916 225 1976 cohaeret
245 1917 309 1976 aliis
329 1917 505 1996 Scripbrris,
527 1935 601 1996 quae
617 1922 684 1978 item
697 1920 848 1980 traductae
862 1925 931 1978 sunt
947 1935 983 1978 ex
1001 1917 1124 1976 hebraeo
1137 1917 1168 1972 in

18 2072 21 2082 ,
90 2031 237 2092 graecum.
261 2015 366 2091 Opinio
390 2033 459 2076 uero
484 2033 572 2094 mea,
594 2018 644 2077 sed
669 2017 780 2078 meliori
803 2017 948 2078 submissa
963 2016 1090 2092 judicio,
1112 2012 1166 2072 hu·

12 2133 21 2186 a
84 2112 216 2188 J'usmodi
235 2126 297 2173 sese
314 2113 455 2192 haberet,
477 2115 636 2191 approbata
658 2115 759 2192 (juxta
779 2115 860 2192 quod
881 2120 967 2174 antea
988 2111 1112 2187 expendi
1132 2109 1169 2168 de

10 2248 21 2288 μ
89 2211 202 2288 origine
219 2217 249 2270 et
265 2210 366 2288 lingua
385 2211 576 2272 Deuterorum
595 2213 735 2272 librorum
755 2211 884 2288 locutus)
906 2211 1005 2287 phrasi
1022 2209 1168 2268 semiticae

13 2345 20 2386 ς
88 2308 250 2385 affinitate,
272 2308 328 2368 hoo
352 2310 489 2370 volumen
502 2311 591 2372 fuisse
610 2317 762 2371 exaratum
781 2311 926 2387 hebraice,
941 2312 1002 2368 sive
1020 2305 1167 2367 chaldaice

90 2407 122 2464 iu
139 2409 307 2484 captivitate
315 2407 471 2485 Babylonis
484 2428 493 2485 ς
504 2416 534 2468 et
551 2426 619 2469 cum
629 2409 829 2470 aPtolomaels
846 2407 963 2469 hebraei
977 2411 1009 2468 in
1026 2409 1114 2468 iidem
1127 2425 1169 2467 re-

11 2545 21 2586 ,
90 2507 167 2580 cepti
186 2512 308 2583 essem,
330 2523 364 2566 ac
384 2507 502 2583 plurimi
523 2508 640 2568 illorum
662 2525 678 2568 e
699 2508 821 2584 Media,
843 2506 960 2568 Perside
984 2509 1105 2584 aliisque
1124 2523 1168 2566 re·

91 2601 226 2678 gionibus
243 2603 375 2680 profecti,
395 2606 426 2663 iu
439 2603 606 2682 Aegyptum
620 2607 824 2682 emigrassent,
845 2610 918 2664 teste
933 2603 1053 2680 Flavio,
1074 2609 1102 2663 et
1115 2603 1168 2662 ibi-

10 2739 21 2784 3,
90 2699 158 2758 dem
183 2699 259 2760 foret
280 2701 406 2762 conflata
429 2718 466 2761 ex
486 2702 677 2763 hebraeorum
697 2703 845 2764 codicibus
865 2704 1035 2780 graecanica
1053 2702 1168 2777 versio,

90 2797 163 2856 liber
176 2815 291 2876 quoque
305 2799 412 2860 Tobiae
425 2801 583 2860 translatus
596 2800 696 2878 fuerit,
707 2797 846 2876 arbitror,
858 2817 894 2860 ex
907 2798 1030 2858 hebraeo
1043 2799 1074 2856 in
1088 2812 1169 2873 grae·

89 2912 158 2954 curn
178 2903 207 2954 et
222 2903 333 2980 partein
354 2900 538 2958 constituerit
556 2915 657 2958 earum
677 2898 911 2975 scripturarum,
932 2913 1006 2973 quae
1023 2897 1054 2954 in
1072 2895 1170 2954 codice

89 2993 279 3052 alexandrino
299 2994 436 3072 leguntur
455 2994 605 3071 hucusque
625 2998 726 3054 aetatis
747 3003 887 3054 servatae.

13 3127 15 3138 ·
130 3091 155 3150 E
174 3107 265 3168 supra
285 3093 370 3154 dictis
389 3109 477 3171 porro
497 3100 527 3153 et
546 3110 582 3152 ex
602 3095 686 3168 aliis,
712 3108 787 3169 quae
806 3093 942 3152 dicuntur
966 3091 1067 3165 inira,
1098 3105 1169 3166 quo·

90 3188 226 3248 rumdam
252 3197 332 3266 patet
355 3207 447 3267 error,
468 3197 497 3250 et
521 3192 596 3250 inter
622 3190 675 3250 hos
700 3189 929 3264 Moldenhawer,
954 3191 1005 3264 qui
1022 3188 1170 3246 doctrinae

13 3342 18 3365 ‚
89 3289 276 3346 sancdmtem
298 3291 396 3348 mhati
417 3291 448 3348 in
467 3288 577 3349 Tobiae
598 3289 684 3364 libro,
704 3304 825 3364 eurique
838 3287 923 3346 ualde
943 3286 1068 3348 similem
1087 3286 1168 3344 insti·
1203 3299 1205 3304 ’

89 3386 197 3444 tutioni
217 3387 401 3464 evangelicae
425 3386 602 3463 probantes,
630 3403 667 3444 ex
686 3388 791 3445 veteris
815 3387 992 3446 Testamenti
1014 3383 1170 3458 scripturis

10 3469 15 3484 ”
88 3480 170 3541 hunc
187 3484 388 3545 transtulerint
407 3486 484 3544 ultra
501 3485 715 3545 noviFoederis
734 3491 868 3560 aetatem,
889 3498 993 3558 nempe
1012 3487 1077 3557 post
1092 3479 1171 3539 Chri·

88 3581 128 3637 sti
145 3581 373 3641 incarnationem
389 3585 529 3659 scriptum
547 3585 635 3642 tuisse
653 3586 859 3657 aestimarunt,
874 3581 1009 3656 illiusque
1023 3585 1170 3638 auctorem

89 3678 202 3737 vixisse
227 3679 351 3740 obeunte
376 3682 491 3741 saeculo
514 3681 671 3740 christiano
695 3683 812 3757 primo,
836 3696 888 3739 seu
906 3693 1020 3756 quoque
1040 3693 1074 3736 eo
1097 3683 1169 3736 tem-

88 3790 161 3849 pore
180 3779 283 3836 serius.
306 3778 385 3838 llaec
405 3781 503 3854 opinio
522 3793 626 3854 parum
646 3785 791 3854 praestare
811 3778 944 3852 uidetur,
967 3778 1077 3851 priores
1093 3777 1170 3834 enim

89 3873 236 3934 Ecclesiae
259 3881 356 3950 patres
379 3882 413 3935 ut
439 3878 624 3953 scriptorem,
644 3893 695 3936 seu
713 3876 888 3952 Prophetam
915 3877 1020 3934 veteris
1037 3873 1172 3932 Foederis

90 3981 297 4047 nuncuparunt
308 3973 439 4032 Tobiam.
462 3975 597 4032 irenaeus
615 3975 651 4034 de
669 3975 788 4034 Haeresi
808 3975 986 4050 ophitarum,
1005 3975 1056 4048 qui
1072 3989 1170 4030 saecu·

10 4063 11 4066 ’
89 4069 151 4128 lum
172 4073 363 4146 apostolicum
382 4075 577 4150 pertigerunt,
598 4075 640 4131 alt
658 4073 723 4131 illos
735 4072 841 4132 babere
859 4080 891 4132 ut
905 4072 1064 4148 Prophetas
1079 4071 1169 4143 Eloei,

89 4167 213 4228 Tobiam
232 4177 260 4228 et
274 4170 434 4248 Aggaeum.
452 4171 583 4230 Clemens
598 4171 803 4230 alexandrinus
819 4171 970 4230 historiam
985 4169 1092 4228 Tobiae
1105 4183 1171 4225 cerr·

90 4271 134 4324 set
155 4269 231 4326 inter
256 4268 328 4328 alias
354 4272 459 4328 ueteris
480 4259 614 4328 Foederis
636 4267 823 4344 Scripturas,
844 4269 982 4342 illamque
1000 4268 1096 4326 locum
1119 4265 1170 4322 ha·
1235 4298 1252 4316 s
