3022 5178
781 341 958 392 -141-

330 457 492 514 contionum
506 453 657 511 historiam
671 449 801 510 norunt?
816 473 829 500 s
848 447 878 508 Sl
889 448 1063 525 quandoque
1078 449 1201 524 scriptor
1212 445 1345 524 privatus
1358 448 1406 508 bo

332 569 398 612 rum
415 551 575 611 bibliorum
600 550 802 608 auctoritatem
823 549 992 624 negaverit,
1014 547 1092 622 quod
1109 563 1170 606 non
1187 547 1273 606 facile
1291 547 1408 624 probari

332 655 445 727 potest,
467 645 601 724 nunquid
618 646 747 705 Ecclesia
764 645 938 704 universalis
958 645 1109 722 cujusdam
1135 647 1243 721 privati
1262 645 1410 706 docuinae

331 763 468 808 erroneae
486 747 607 822 obsequi
620 743 737 804 deberet
758 746 872 819 potius,
896 759 985 818 quam
1008 744 1168 818 approbare
1188 743 1343 804 doctorum
1361 762 1408 804 ve·

332 851 428 906 terum
446 861 566 904 suorum
581 858 775 918 consensum,
794 847 823 900 et
837 843 883 900 sui
895 841 997 900 vicarii
1015 841 1116 900 audire
1126 857 1240 918 vocem,
1254 844 1307 918 qui
1322 843 1412 902 aDeo

332 947 507 1003 constitutus
520 947 564 1002 est
576 948 677 1018 pastor
689 955 834 1018 agnorum
846 945 876 998 et
888 941 1004 1015 ovium,
1021 945 1051 998 et
1065 940 1172 1000 electus
1187 941 1225 999 ad
1238 939 1412 1000 confirman-

333 1045 386 1102 dos
408 1041 514 1101 fratres
533 1042 621 1100 suos?
639 1040 751 1100 Idcirco
768 1039 939 1098 scandalum
962 1038 1056 1116 illud,
1077 1041 1109 1096 in
1128 1040 1207 1114 qrrod
1225 1039 1413 1099 offenderunt

331 1141 477 1200 Ecclesiae
490 1141 640 1199 Romanae
650 1137 758 1197 1110111
771 1137 809 1196 ob
820 1137 898 1196 illius
909 1137 1058 1198 decretum
1072 1153 1124 1213 pro
1134 1137 1327 1196 Deuterarum
1335 1136 1412 1196 Scri·

330 1247 483 1316 plurmum
500 1240 669 1314 divinitate,
686 1237 782 1313 potius
802 1251 889 1312 super
909 1252 964 1296 nos
985 1239 1065 1312 ipsos
1084 1243 1290 1311 convertatur,
1314 1236 1412 1295 obser·

333 1345 436 1398 rantes
450 1355 499 1396 eos
518 1336 697 1396 acatholica
710 1335 768 1394 fide
783 1335 924 1411 deficere,
944 1334 1023 1394 illius
1041 1336 1184 1394 unitatem
1200 1337 1231 1392 11
1250 1335 1330 1393 mille
1343 1350 1410 1410 par·

331 1443 375 1496 tes
400 1452 513 1512 secare,
534 1441 564 1494 et
585 1434 723 1510 paruulos
747 1432 969 1509 christifideles,
999 1435 1079 1492 omni
1103 1432 1251 1492 doctrinae
1272 1432 1412 1492 firmitate

330 1535 465 1611 sublata,
488 1532 547 1592 buc
565 1533 634 1592 illuc
658 1539 787 1591 errantes
806 1531 947 1606 decipere.
973 1529 1030 1590 Sed
1046 1547 1100 1590 nos
1123 1547 1210 1607 super
1227 1530 1346 1590 firmam
1363 1547 1410 1606 pe·

331 1639 408 1691 tram
428 1633 599 1707 constituti,
620 1647 721 1689 eorum
739 1629 930 1705 perditionem
948 1630 1058 1705 magis,
1075 1645 1164 1705 quam
1178 1629 1351 1688 scandalum
1370 1627 1411 1687 la-

331 1733 470 1806 mentati,
489 1732 582 1788 vitam
599 1729 681 1788 illam
701 1734 902 1803 expectamus,
924 1743 1014 1804 quam
1030 1727 1108 1786 Deus
1130 1726 1252 1786 daturus
1270 1732 1316 1785 est
1332 1726 1409 1804 illis,

332 1829 382 1904 qui
400 1826 488 1886 fldem
509 1842 594 1885 suam
614 1841 765 1901 nunquam
784 1831 899 1884 mutant
917 1825 954 1884 ab
975 1842 1019 1884 eo.

370 1925 398 2000 S.
414 1925 452 1985 V.
468 1926 622 1984 Praeterea
633 1941 727 2000 neque
740 1923 827 2000 hujus
838 1923 946 1983 decreti
955 1926 1156 1984 auctoritatem
1168 1924 1318 1982 imminuit
1325 1921 1409 1998 quid·

332 2023 402 2098 quid
418 2028 572 2082 senserunt
584 2015 692 2098 aliqui,
710 2021 811 2080 abesse
828 2022 937 2080 scilicet
950 2021 987 2080 ab
1000 2020 1056 2080 hac
1069 2023 1196 2082 sessione
1212 2022 1412 2096 episcoporum

331 2122 463 2178 omnium
477 2135 672 2196 consensum,
694 2121 746 2196 qui
764 2126 865 2194 postea
884 2121 1056 2179 Tridentum
1082 2134 1262 2194 convenere,
1282 2125 1318 2178 ut
1334 2118 1412 2177 istud

331 2217 446 2293 aliaque
460 2218 654 2278 ecclesiastica
674 2222 792 2296 negotia
807 2219 993 2279 discuterent.
1009 2219 1087 2276 Nam
1100 2223 1167 2276 ante
1181 2218 1236 2275 boc
1255 2216 1410 2276 conciiium

331 2317 416 2377 fateri
430 2334 547 2376 necesse
566 2324 621 2394 est,
640 2319 785 2395 pontificis
799 2320 920 2378 maxumi
937 2318 1022 2378 Pauli
1032 2318 1087 2376 iii.
1106 2317 1288 2377 voluntatem
1306 2315 1408 2390 fuisse,

330 2431 390 2473 non
407 2417 581 2491 particulare
599 2431 654 2476 nec
666 2417 845 2492 provinciale
861 2417 1017 2476 concilium
1032 2414 1240 2492 congregandi,
1260 2413 1313 2472 sed
1327 2428 1410 2471 oecu-

332 2515 499 2588 menicum,
520 2530 579 2590 quo
597 2529 708 2574 errores
726 2530 827 2573 omnes
844 2514 881 2573 de
898 2514 994 2572 medio
1008 2514 1199 2590 tollerentur,
1220 2519 1249 2570 et
1267 2514 1411 2588 episcopo

331 2627 397 2668 rum
414 2613 561 2686 omnium,
580 2613 632 2687 qui
649 2613 679 2670 in
697 2613 797 2671 orbem
822 2619 967 2672 terrarum
991 2611 1114 2686 dispersi
1142 2615 1242 2686 erant,
1262 2611 1411 2670 unanimis

332 2725 433 2766 eorum
459 2707 532 2768 fides
558 2715 705 2784 comperta
725 2709 809 2769 foret.
837 2710 900 2768 Hoc
923 2710 1039 2786 planius
1059 2705 1192 2768 firmatur
1210 2725 1263 2785 per
1277 2709 1411 2768 eumdem

329 2804 454 2864 Paulum
471 2809 590 2866 tertium
607 2809 638 2864 ia
654 2807 739 2867 Bulla
752 2807 918 2866 indictionis
936 2807 1023 2883 hujus
1041 2805 1157 2884 synodi.
1177 2805 1286 2865 Datum
1300 2805 1411 2865 Romae

332 2909 419 2961 1541.
442 2903 647 2964 x1.kalendas
667 2905 786 2982 lunias,
808 2906 859 2964 ubi
876 2908 918 2964 sio
939 2908 994 2964 ait:
1015 2905 1149 2964 «Deinde
1166 2907 1265 2964 animo
1279 2910 1409 2980 repeten-

328 3005 372 3058 tes
387 3005 511 3078 majores
527 3008 660 3078 nostros,
676 3006 818 3079 sapientia
838 3003 1063 3078 admirabili„et
1080 3004 1234 3062 sanctitate
1248 3002 1408 3079 praeditos,

329 3115 413 3174 saepe
428 3101 460 3157 in
478 3103 599 3160 summis
618 3101 794 3160 christianae
812 3101 986 3178 reipublicae
1006 3101 1143 3176 periculis
1160 3100 1323 3159 remedium
1341 3103 1411 3177 opti·

328 3217 426 3275 mum,
447 3206 534 3276 atque
551 3204 849 3277 opportunissimum,
867 3203 1051 3275 oecmnenica
1072 3201 1196 3269 concilia
1215 3206 1244 3260 et
1262 3203 1409 3277 episcopo·

328 3313 394 3356 rum
413 3299 561 3374 generales
584 3304 745 3358 conventus
766 3299 948 3375 adhibuisse,
965 3300 1021 3374 ipsi
1035 3315 1151 3374 quoque
1165 3301 1298 3358 animum
1312 3298 1351 3357 ad
1365 3313 1409 3374 ge·

327 3396 425 3455 101110
445 3396 612 3457 babendum
639 3398 794 3456 concilium
815 3395 991 3472 adjecimus,
1015 3396 1223 3471 exqrrisitisque
1245 3396 1410 3471 principum

325 3495 492 3569 sententiis,
506 3509 631 3570 quorum
651 3495 735 3553 nobis
754 3493 929 3553 videbantur
942 3493 1022 3552 utilis
1033 3496 1064 3552 11
1075 3495 1177 3568 primis
1195 3500 1224 3552 et
1243 3499 1407 3568 opportuna

327 3590 365 3648 ad
376 3592 455 3656 bane
467 3609 530 3650 rem
546 3610 609 3652 esse
625 3594 785 3652 consensio.
797 3618 809 3643 »
824 3593 861 3653 Et
874 3592 1023 3650 nonnullis
1037 3593 1169 3667 sepositis
1184 3591 1276 3650 addit:
1299 3616 1312 3641 1
1325 3591 1408 3666 Spem

326 3680 417 3768 prope
437 3696 546 3749 certam
566 3689 706 3749 babentes
724 3690 786 3749 fore
806 3695 858 3765 ut,
878 3706 944 3748 cum
963 3689 1023 3747 illic
1043 3691 1075 3746 in
1092 3691 1210 3748 nomine
1227 3689 1347 3747 Domini
1370 3705 1408 3746 es·

327 3790 628 3864 semus-eongregati,
645 3789 707 3863 ipse
726 3790 802 3846 sicut
820 3789 953 3863 promisit
965 3786 1107 3846 Dominus
1122 3789 1152 3846 11
1169 3787 1264 3845 medio
1277 3793 1407 3845 nostrum

328 3881 476 3942 affuturus
495 3892 525 3942 et
544 3885 673 3946 bonitate
690 3902 725 3945 ac
743 3886 941 3945 misericordia
965 3901 1019 3945 sua
1038 3901 1138 3944 omnes
1162 3892 1329 3960 temporina
1346 3899 1406 3960 pro

267 3966 271 3976 ¹
327 3981 426 4057 cellas,
441 3985 596 4060 omniaque
613 3985 743 4060 pericula
757 3987 860 4060 spiritu
874 3987 933 4043 oris
949 3987 995 4042 sui
1012 3983 1097 4042 facile
1108 3983 1282 4058 depulsuros
1294 3989 1402 4042 esset.»

325 4078 449 4137 Etcum
470 4082 608 4141 selectum
623 4080 726 4141 fuisset
748 4082 937 4160 Tridentum,
956 4084 1060 4141 civitas
1084 4081 1135 4140 ubi
1152 4086 1249 4156 patres
1272 4082 1403 4140 conveni·

325 4184 407 4253 rent,
425 4180 457 4236 in
470 4195 529 4255 qua
544 4183 762 4238 oecumenicum
787 4181 943 4240 concilium
955 4179 994 4239 ad
1004 4181 1137 4256 proxime
1153 4185 1293 4238 venturas
1306 4177 1412 4237 kalen»

326 4275 380 4334 das
393 4276 566 4336 Novembris
580 4277 746 4354 haberetur,
756 4278 873 4339 subdit:
895 4278 1059 4340 “idoneum
1073 4278 1170 4339 locum
1183 4277 1268 4339 illum
1279 4282 1398 4338 statuen-
