3086 5182
549 407 728 466 -too-

17 589 18 596 χ
98 521 333 584 consuetudinem
352 526 384 582 in
402 523 529 584 ecclesiis
546 524 661 603 legendi
676 526 765 587 libros
784 527 1080 594 cenomannensem
1100 535 1177 598 inter

16 687 18 708 ,
98 622 168 684 alios
188 621 474 699 Proto-canonicos,
495 629 583 700 prout
601 640 680 685 nuno
700 624 772 686 iacit
790 626 920 689 Ecclesia
939 629 1100 694 Cathoiioa.

134 723 162 800 s.
186 721 237 783 VI.
260 721 363 784 versio
387 721 549 800 aethiopica
572 723 733 785 bibliorum
757 726 872 788 videtin
892 729 1039 810 conflata,
1060 751 1097 794 ex
1117 753 1175 813 quo

98 823 171 882 inter
204 819 352 898 aethiopes
380 819 487 882 Christi
516 821 707 900 Evangelium
734 824 932 900 praedicatum
952 833 1006 890 est.
1038 831 1176 894 Attamen

14 979 20 1020 ἶ
101 933 174 996 quae
193 933 272 980 nuno
291 924 374 979 extat
392 921 423 979 in
442 917 602 998 codicibus,
621 919 737 982 saeculo
750 920 858 984 Christi
871 941 916 984 1v.
931 926 1040 989 dicitur
1051 930 1178 1010 expleta,

98 1031 219 1096 mmque
238 1019 394 1080 convenire
416 1016 471 1095 (ait
490 1017 612 1080 Walton
633 1019 749 1098 Proleg.
773 1023 844 1100 tit.)
864 1025 976 1102 graecis
1002 1031 1177 1108 exemplari·

98 1113 151 1174 hus
170 1115 313 1177 versionis
336 1115 554 1179 alexandrinae.
577 1115 690 1180 Natalis
710 1117 877 1183 Alexander·
896 1120 973 1184 illst.
996 1123 1065 1186 lico.
1085 1133 1126 1189 to.
1151 1145 1176 1191 r.

98 1223 173 1272 saec.
197 1213 343 1274 r.·serihit
361 1215 636 1296 schrysostomum
655 1216 743 1298 hujus
771 1223 911 1284 versionis
936 1227 1113 1287 mentionem
1132 1225 1175 1288 ie·

11 1379 22 1402 ..
99 1313 171 1372 cisse
190 1318 262 1373 tom.
285 1329 310 1374 1.
331 1315 363 1372 in
382 1313 536 1375 ioannem.
558 1313 649 1376 Nobis
667 1319 777 1379 interea
795 1321 866 1380 satis
882 1319 1050 1398 hujusmodi
1070 1326 1178 1386 versio·

11 1401 22 1418 ‘
100 1425 165 1470 nem
179 1409 343 1487 Scripturas
354 1410 495 1473 Deuteras
505 1428 643 1474 unacum
655 1414 910 1478 Proto-Canonieh
923 1419 1176 1497 comprehendere.

10 1579 21 1593 .
137 1507 256 1570 Praetor
276 1507 353 1569 hanc
372 1509 614 1589 translationem,
634 1511 708 1573 allae
729 1529 845 1592 qaoque
864 1517 895 1574 ln
909 1515 1044 1595 Aegypto
1057 1519 1180 1582 collatae

10 1593 20 1693 ζ
99 1613 167 1670 sunt
187 1610 334 1670 versiones
354 1607 533 1687 Blhliorum,
555 1609 630 1671 idest
650 1613 782 1690 coptica,
803 1619 833 1672 et
845 1611 997 1692 sahidica‚
1015 1618 1048 1675 in
1061 1616 1177 1696 linguas

13 1696 22 1717 ¹
99 1722 202 1784 nempe
215 1707 425 1768 vetustissimas
439 1707 586 1785 Aegypti,
609 1725 711 1786 quae,
733 1710 928 1772 invalescente
940 1711 1048 1773 ibidem
1072 1731 1180 1777 mimo·

9 1807 19 1888 ¹.
99 1819 135 1865 ne
155 1807 336 1883 graecanica,
348 1807 379 1864 in
399 1806 471 1866 locis
492 1807 673 1883 ametropoli
685 1807 806 1886 dissitis,
825 1825 877 1870 seu
890 1809 930 1870 ob
945 1810 1080 1890 liturgiae
1093 1829 1178 1875 usum

12 1900 20 1917 ¹
101 1905 296 1980 superstitem.
326 1904 362 1964 ln
388 1903 435 1965 his
460 1905 569 1980 pariter
596 1904 727 1982 linguis,
752 1912 787 1965 ut
810 1922 827 1965 a
851 1905 999 1969 munim
1028 1907 1179 1990 hauritur,

100 2001 206 2080 iegitur
226 2002 323 2062 versio
342 2000 502 2062 Blhliorum
524 2004 612 2079 juria
636 2001 848 2081 Septuaginta,
874 2003 972 2084 ibique
996 2009 1180 2071 continentur

7 2111 9 2116 ·
98 2100 215 2160 mixtim
235 2097 494 2177 Proto-Canonici,
514 2105 544 2159 et
562 2097 840 2161 Dentato-canonici
860 2099 947 2178 libri,
968 2103 1054 2163 sicuti
1077 2109 1107 2164 et
1125 2121 1180 2166 nos

6 2183 14 2218 r.
99 2205 242 2260 tenemus.
260 2197 324 2260 liae
336 2215 423 2276 porro
436 2199 584 2260 versiones
598 2197 741 2260 coniistm
752 2199 943 2262 auumontur
955 2202 1031 2262 inter
1043 2217 1081 2263 rr.
1092 2207 1122 2264 et
1134 2214 1178 2286 tv.

10 2277 20 2336 ἒ
101 2297 248 2358 Ecclesiae
267 2299 426 2360 saeculum.

141 2397 170 2475 s.
194 2381 261 2459 vil.
283 2396 387 2459 Versio
407 2413 526 2457 mmena
545 2395 705 2458 Blhliorum
725 2395 763 2456 A.
783 2396 817 2459 (1.
837 2405 907 2458 tio.
924 2395 1030 2458 coliate
1043 2397 1099 2458 init
1112 2413 1183 2460 cura

11 2507 17 2516 '
100 2497 195 2568 baasi
213 2501 242 2558 et
260 2495 423 2575 Mesropis,
452 2499 503 2575 qui
522 2509 679 2573 puerorum
697 2497 873 2558 institutioni
891 2497 924 2555 in
941 2497 977 2557 iis
997 2496 1069 2556 locis
1087 2538 1098 2573 ,
1123 2495 1181 2557 ier·

4 2665 6 2674 ,
101 2595 364 2658 venteehristiana
377 2597 504 2674 pietate,
530 2595 668 2672 praelecti
681 2595 808 2656 fuerant.
824 2592 961 2656 Placidus
976 2592 1098 2656 Suehios
1116 2593 1182 2656 Siu-

4 2773 16 2787 Ι,
99 2711 156 2758 nas
178 2695 411 2772 archiepiscopus
428 2697 460 2755 in
479 2693 707 2770 libro-Quadra
724 2693 801 2755 della
817 2696 908 2755 storia
924 2693 1181 2756 temerariadihr·

3 2787 17 2818 ²‘
101 2792 512 2871 menia-inscripto,ait,ad
528 2792 604 2854 hanc
616 2793 837 2855 translationem
850 2793 1057 2872 perficiendam
1069 2794 1184 2855 misisse

101 2891 299 2952 Theodosium
312 2893 543 2970 imperatorem,
564 2889 694 2952 codicem
721 2906 859 2969 graecum
886 2891 1101 2970 Septuaginta,
1131 2891 1182 2953 ubi

2 2977 15 3016 ²·
101 2987 269 3068 scripturae
285 2989 428 3052 Deuterae
447 3005 507 3050 una
527 3005 595 3050 cum
611 2988 866 3052 Prota-Canonicis
886 2989 1076 3068 legebantur,
1097 2997 1184 3070 prout

2 3073 8 3114 ²
101 3104 181 3151 nunc
197 3091 335 3168 temporis
355 3087 484 3165 hahent,
505 3093 535 3148 et
556 3094 657 3148 tenent
678 3093 712 3148 ut
732 3087 871 3165 divmas3
897 3095 927 3150 et
946 3091 1073 3149 citantur
1092 3090 1123 3148 in
1149 3088 1184 3148 li·

101 3189 228 3268 turglis,
250 3187 372 3265 ollisque
393 3187 470 3248 varii
492 3188 606 3266 generis
630 3201 731 3246 eorum
750 3187 877 3262 sculptis.

3 3359 5 3366 Α
142 3287 171 3364 s.
203 3285 285 3346 viil.
311 3286 396 3347 Circa
421 3288 584 3346 versionem
599 3283 746 3346 arabicam
759 3283 943 3362 Blhliorum,
971 3282 1186 3344 observandum

103 3391 148 3446 est
169 3383 253 3445 rabbi
276 3383 384 3446 Sandis
400 3384 540 3462 Judaeum
561 3382 770 3462 babylonicum
789 3397 887 3458 opus,
909 3397 985 3442 saec.
1002 3397 1063 3458 rm,
1077 3382 1187 3440 insum

101 3486 197 3562 psisse
216 3483 412 3545 transferendi
435 3481 599 3560 Scripturas
623 3488 735 3544 veteres
752 3483 784 3542 iu
802 3479 925 3540 arabum
942 3480 1092 3558 linguam,
1108 3477 1187 3557 quod

4 3597 5 3602 ’
102 3591 134 3646 et
155 3584 275 3662 perfecit
291 3601 328 3644 ex
347 3581 539 3644 hebraeorum
557 3581 726 3657 codicibus,
746 3582 779 3640 in
798 3595 868 3640 suae
888 3580 982 3656 gentis
995 3593 1098 3656 usum,
1113 3591 1188 3655 quae

101 3683 188 3745 illam
208 3685 355 3761 regionem
375 3680 530 3743 incolebat.
553 3681 589 3741 In
608 3680 665 3740 hac
684 3694 772 3756 porro
791 3678 925 3738 versione
945 3674 1055 3736 trustra
1074 3679 1119 3738 est
1142 3677 1188 3734 ln-

3 3767 5 3804 *
101 3785 221 3862 nuere
242 3781 406 3860 scopora
427 3780 588 3856 nentes,
613 3786 715 3858 utpote
736 3779 775 3839 aa
798 3777 932 3839 narseo
956 3775 1095 3854 aurete,
1124 3773 1188 3838 ua.

3 3867 6 3902 ἱ
101 3883 191 3942 riano
216 3896 326 3959 porro,
353 3887 384 3940 et
404 3879 537 3941 Vesaeus
560 3877 693 3939 scribunt
718 3877 834 3938 saeeulo
862 3893 938 3939 vnn.
969 3891 1021 3952 per
1045 3875 1190 3937 ioannem

101 3981 274 4058 episcopum
298 3979 494 4056 hispalensem
516 3981 549 4038 in
571 3976 757 4038 commodum
779 3976 1030 4052 christianorum,
1060 3974 1111 4051 qul
1135 3969 1190 4033 sub

102 4079 219 4140 ditione
236 4077 359 4139 mabam
374 4077 533 4155 vivebant,
554 4077 696 4154 hispaniis
717 4076 874 4136 translatm
886 4073 976 4136 fuisso
989 4073 1028 4134 ad
1044 4071 1191 4132 arabicam

103 4178 241 4255 linguam
253 4175 418 4254 Scripturas
431 4175 696 4247 Proto-Canonieas
709 4189 778 4234 cum
790 4173 922 4236 Deuterls
935 4173 1053 4251 pariter.
1072 4167 1192 4230 Codices

104 4274 197 4353 huius
210 4277 353 4336 versionis
364 4281 518 4336 testantur.
529 4274 565 4334 In
576 4272 752 4336 bibliotheca
762 4273 933 4352 seguerlana
941 4267 1134 4332 litonum.
1146 4279 1193 4325 oo-

106 4372 167 4436 dex
190 4373 324 4440 arabicus
346 4374 503 4438 nonnullos
514 4371 674 4437 bibliorum
696 4371 786 4436 libros
809 4367 1027 4452 proiert,inter
1046 4379 1119 4446 quos
1139 4362 1191 4424 hu·
