3022 5178
841 374 1022 424 -sto-

708 577 1054 638 Pitouoslulo
1087 578 1149 638 lx.

388 777 576 856 neposne
589 776 812 854 Scriptores-nm
823 773 1023 834 Deuterorum
1035 776 1141 832 nemo
1152 771 1284 850 foederis
1294 779 1444 855 auctoritas,

429 893 519 954 quom
543 873 695 949 Caecilia,
715 874 903 952 pontificiae,
932 875 964 930 et
983 870 1138 948 synodales
1162 871 1301 950 apotolos
1321 873 1378 932 illis
1395 893 1447 936 ooo·

432 973 565 1034 tumul
583 990 604 1032 o
619 971 729 1032 romeli
750 974 829 1031 sexti
843 971 952 1042 initio,
975 967 1017 1027 od
1035 967 1153 1028 coecilii
1172 968 1327 1030 tridentini
1344 977 1448 1034 aetutem

432 1089 535 1150 esque.

433 1268 461 1344 S.
481 1269 508 1327 1.
528 1266 576 1326 Ad
599 1267 682 1326 illam
705 1271 830 1324 emtam
852 1263 1033 1338 recedentes,
1055 1279 1115 1339 qua
1137 1279 1192 1322 nos
1207 1263 1366 1324 destitimus
1379 1283 1449 1344 nuper

394 1366 431 1425 ab
444 1365 656 1442 invosuganois
671 1364 880 1439 conciliorum,
896 1367 926 1421 et
941 1377 1124 1421 summorum
1137 1360 1308 1436 pontificum
1327 1367 1449 1424 ananus

393 1481 447 1541 pro
464 1463 567 1524 Bihliis
580 1463 887 1539 ,Dentato-Canonicis,
900 1461 1003 1520 mdem
1024 1461 1142 1537 ordine,
1166 1477 1224 1537 quo
1243 1463 1411 1538 incepimus,
1427 1467 1449 1522 in

396 1563 501 1621 divum
524 1561 710 1621 Theodorum
724 1577 832 1637 papam
851 1559 876 1618 1.
891 1558 1065 1635 incidimus,
1084 1561 1136 1634 quvi
1155 1561 1217 1618 suis
1232 1561 1265 1617 in
1282 1560 1401 1634 epistolis
1414 1579 1449 1639 sy·

393 1659 507 1719 modicis
521 1662 614 1719 utitur
626 1660 800 1718 testimoniis
826 1656 1011 1732 eSeripturis
1028 1659 1093 1715 istis
1109 1657 1216 1732 petitis.
1233 1657 1270 1716 In
1283 1658 1397 1732 epistola
1407 1661 1449 1734 pri·

395 1773 446 1816 ma
470 1757 509 1816 ad
528 1757 654 1817 Paulum
670 1756 869 1833 patriarcham
891 1755 1240 1830 constantinopolitanum
1257 1753 1409 1830 Sapientiae
1423 1757 1448 1831 tt)

397 1855 490 1914 verba
507 1855 613 1914 extvslit
632 1855 779 1914 scribens:
798 1853 1018 1929 «Audivimus,
1036 1852 1140 1911 dilecte
1157 1851 1264 1928 frater,
1279 1869 1331 1929 per
1346 1855 1450 1912 timoren

396 1953 558 2029 perieulum
576 1959 729 2028 nostrum,
748 1953 902 2012 audiamus
920 1968 973 2028 per
991 1967 1073 2026 spem
1086 1952 1295 2026 repromissum
1312 1951 1450 2010 consolatio

397 2067 472 2109 num
485 2051 638 2110 solatium:
651 2051 738 2128 -Ego
751 2067 834 2126 sum,
849 2051 945 2127 inquit
956 2049 1046 2126 Deus,
1060 2064 1129 2126 pars
1141 2049 1330 2108 haereditatis
1341 2055 1448 2108 tuae...

402 2156 432 2210 et
445 2153 568 2211 iterum:
580 2183 593 2194 ·
602 2151 738 2211 Potentes
751 2156 883 2227 potentm
895 2155 1041 2210 tormenta
1052 2152 1209 2226 patientur.
1226 2175 1239 2200 υ
1257 2151 1294 2210 In
1309 2153 1385 2227 epist.
1394 2167 1449 2208 niv.

395 2247 459 2308 divi
475 2248 597 2308 Martini
611 2265 705 2324 papae
722 2248 762 2307 od
780 2248 932 2308 eeclesiam
957 2249 1249 2308 thessalonicensium
1266 2251 1304 2310 de
1324 2249 1399 2308 Pauli
1414 2249 1449 2306 de

395 2349 565 2422 mnatione,
584 2346 779 2406 Ecclesiastiei
792 2349 967 2406 sententiam
989 2345 1027 2421 (a)
1049 2349 1153 2422 repetit
1171 2347 1292 2407 dicens:
1312 2348 1450 2422 «Quonim

396 2445 487 2520 igitur
504 2446 645 2519 seriptum
664 2443 858 2520 est,iratres:
875 2445 974 2518 ·Quis
993 2444 1176 2504 miserebitur
1189 2447 1394 2504 incantatoria
1411 2459 1450 2502 seo
1491 2435 1492 2442 '

398 2547 485 2616 pente
497 2556 652 2616 percusso,
667 2547 696 2600 et
713 2541 849 2600 omnihus
866 2544 918 2618 qui
932 2545 1105 2618 appropiant
1123 2541 1244 2601 hostiis?
1257 2543 1297 2602 Et
1314 2544 1355 2602 sie
1370 2544 1412 2618 qui
1421 2557 1451 2600 oo

398 2639 519 2698 mitetur
536 2655 605 2698 eum
620 2641 685 2698 viro
705 2641 823 2716 iniqua
841 2645 871 2698 et
887 2639 1043 2699 obvolutus
1059 2646 1102 2699 cst
1119 2642 1151 2697 in
1170 2643 1298 2716 peccatis
1323 2645 1410 2717 ejvs.»
1427 2639 1450 2696 h

398 2739 472 2794 actis
493 2737 600 2814 synodi
618 2751 756 2796 romanae
784 2737 974 2797 lateranensis
1000 2737 1055 2796 suh
1082 2737 1185 2796 eodem
1211 2737 1341 2798 Martino
1357 2737 1450 2796 hebetur

399 2833 525 2893 elocutio
551 2834 676 2893 Maximi
693 2837 870 2894 mctimimi
892 2837 1019 2912 episcopi
1039 2836 1243 2914 aquileensis,
1263 2837 1316 2896 uhi
1332 2836 1450 2897 Susanna

398 2929 550 2991 historiam
569 2939 731 2992 memorat:
750 2932 918 3010 «Ideoque,
938 2935 1055 3010 inquit,
1078 2950 1146 2994 cum
1163 2935 1251 2994 beata
1269 2941 1301 2995 et
1317 2952 1368 2994 nos
1383 2934 1450 2992 erote

400 3046 514 3089 memus
533 3029 669 3089 Susanna
687 3037 789 3089 eontra
804 3033 920 3106 iniquos
935 3031 1098 3091 sacerdotes
1111 3035 1143 3091 in
1156 3033 1325 3092 defensione
1339 3045 1450 3091 memora

399 3132 496 3186 torum
514 3134 683 3188 sanctorum
702 3129 893 3188 conciliorum
912 3129 1056 3190 ffioenoes:
1084 3161 1097 3174 ·
1116 3130 1242 3190 Aeterne
1258 3131 1336 3190 Deus
1354 3129 1451 3190 occulo

400 3241 468 3284 mm
484 3229 637 3304 cognitor,
653 3229 705 3304 qui
725 3229 803 3286 nosti
822 3229 921 3286 omnia
937 3227 1094 3304 antequam
1111 3228 1194 3288 flant.
1207 3254 1220 3280 υ

436 3323 465 3399 s.
488 3323 528 3382 ΙΙ.
550 3323 644 3384 Divus
657 3325 815 3403 Gregorius
829 3328 933 3386 tertius
949 3325 986 3386 de
1000 3326 1124 3386 diversis
1139 3327 1311 3386 erhmnihus
1324 3326 1360 3386 ad
1371 3325 1452 3386 Tobiae
1491 3347 1492 3358 κ

398 3420 506 3480 librum
525 3422 658 3500 confugit
677 3423 723 3482 his
740 3423 858 3484 verbis:
878 3449 890 3475 a
907 3425 982 3498 Quia
1008 3427 1149 3501 seriptum
1175 3432 1234 3484 est:
1251 3425 1333 3485 -Fili
1356 3427 1385 3483 in
1397 3421 1452 3500 juli
1491 3443 1492 3478 3

398 3520 493 3579 cando
513 3527 576 3606 esto
589 3524 792 3582 misericors.»
809 3523 966 3583 boherias
984 3524 1117 3600 pontifex
1135 3525 1174 3585 ad
1186 3524 1318 3584 diversos
1333 3525 1451 3600 episeopo

401 3615 514 3677 Gallim
534 3625 564 3678 et
579 3618 753 3680 Gennaniae
774 3619 903 3680 formula
927 3623 1070 3699 seriptum
1088 3627 1134 3682 est
1147 3622 1184 3698 (3)
1199 3639 1270 3682 usus
1290 3617 1452 3682 Ecclesiaste

401 3718 576 3775 sententiam
593 3717 721 3794 profert:
741 3742 754 3768 α
771 3718 839 3777 Filii
856 3717 1019 3796 Sapientiae
1032 3720 1162 3780 Ecclesia
1170 3724 1340 3796 justorum,
1356 3725 1382 3777 et
1395 3716 1451 3774 no

401 3826 502 3871 eorum
515 3813 681 3875 ohedientia
697 3823 727 3876 et
743 3816 882 3876 charitas.
896 3841 909 3866 v
922 3816 1004 3876 Alias
1022 3817 1110 3894 hujus
1120 3818 1188 3877 libri
1201 3821 1295 3878 utiam
1312 3815 1452 3876 auctoritate

400 3911 487 3969 sicuti
506 3915 536 3969 et
552 3911 726 3988 Sapientiae.
745 3915 780 3973 In
797 3916 921 3974 coneilio
938 3915 1147 3975 cloveshoviae
1162 3916 1301 3991 seeundo,
1316 3930 1388 3974 anno
1399 3916 1449 3968 ili·

401 4021 611 4069 canonexxvr.
624 4010 660 4072 dc
673 4012 857 4090 eleemosyna
869 4015 922 4072 sie:
938 4037 951 4064 s
965 4013 1051 4088 Quia,
1063 4017 1151 4090 juxta
1163 4013 1351 4091 Scriptorum,
1363 4009 1395 4085 (4)
1404 4007 1452 4066 eleo

426 4209 461 4280 (1)
480 4219 571 4271 hohhei
585 4234 650 4271 anno
661 4227 728 4284 642,
739 4225 764 4273 et
774 4226 830 4288 Sap.
842 4238 864 4274 c.
880 4227 923 4275 Vl.
935 4253 965 4264 -
977 4226 1084 4290 (2)Eoel.
1095 4241 1117 4277 e.
1129 4230 1183 4278 xu.
1202 4225 1371 4292 -(s)1,abhei
1384 4226 1448 4275 aas.

399 4298 465 4347 aar.
477 4312 500 4347 c.
514 4301 558 4351 m.
570 4307 593 4350 e.
609 4309 630 4351 t.
642 4301 792 4365 -ronca
802 4317 824 4353 e.
837 4307 924 4355 xxrv.
