3022 5178
500 337 680 387 *151-

80 447 286 524 quotoptimum
300 451 363 506 erat
380 443 523 520 ostendit,
539 459 573 502 ac
591 444 706 519 docuit;
728 449 836 504 matres
856 451 954 504 autem
967 447 999 504 in
1012 462 1132 522 genero·

79 562 116 606 see
134 547 226 604 matris
239 545 398 618 honorem,
413 559 515 602 verum
530 545 638 601 amoris
651 559 721 619 erga
736 542 813 602 lilios
827 549 1033 620 argumentum
1045 544 1132 604 eden·

78 650 126 719 us,
143 659 174 702 ac
189 643 302 702 Christo
322 641 427 701 liberos
448 647 560 700 vestros
576 641 764 716 exhibentes,
783 647 816 700 ut
835 648 864 700 et
880 643 1005 717 pertale
1022 643 1132 702 sacrifl-

77 743 138 800 eiun
151 742 234 800 etiam
252 743 370 816 nuptiae
390 739 641 798 sanctificentur.»
663 739 701 798 Et
715 739 803 814 paulo
822 746 899 816 post,
918 743 1024 800 veteris
1044 747 1132 799 testa·

77 840 148 897 nenti
163 845 271 914 partem
290 839 368 897 hane
394 838 547 896 historiam
565 841 733 914 nuncupat:
754 836 912 896 «Athletas
929 841 1007 896 enim
1028 841 1133 914 quovis

76 943 198 1012 tempore,
222 953 256 996 ac
273 937 376 1012 modo,
397 938 533 996 exomni
554 951 658 1011 genere
680 941 709 994 et
724 942 834 1012 aetate,
857 937 919 994 sive
938 942 1037 1012 aperto
1057 935 1133 996 hello

75 1033 245 1110 lacessantur,
270 1037 333 1094 sive
354 1033 474 1093 occultis
498 1033 611 1092 insidiis
635 1039 827 1109 appetantur,
849 1033 956 1092 hahere
974 1037 1077 1112 cupio;
1099 1053 1134 1096 ac

75 1139 123 1190 brm
137 1135 244 1209 priscis,
262 1139 326 1192 tum
348 1131 511 1196 recentibus
531 1131 660 1190 historiis
679 1131 832 1207 adjuvari,
851 1139 938 1208 atque
967 1149 1055 1208 apum
1075 1137 1134 1194 ritu

74 1231 102 1288 ed
118 1234 197 1291 unius
218 1231 281 1290 favi
297 1231 506 1290 coniectionem
522 1236 551 1289 et
567 1233 743 1291 suavitatem
758 1231 913 1290 utilissima
926 1247 1058 1309 quaeque
1072 1234 1132 1292 ool·

74 1330 157 1406 ligere:
176 1327 251 1384 «Ἵνα
273 1332 318 1384 καὶ
339 1332 380 1384 διό
397 1330 513 1390 παλαιοῖς
526 1328 570 1382 καὶ
591 1329 649 1392 νέας
672 1327 794 1402 εόδοκιμκῇ
807 1329 872 1391 Θεός
888 1330 912 1382 ἐν
926 1331 1001 1402 ἡμῖν,
1016 1333 1028 1385 ὁ
1044 1330 1069 1382 ἐν
1090 1333 1137 1401 όιῷ

73 1429 106 1480 καὶ
124 1426 243 1499 melpum
264 1427 447 1500 δοξαζόμενος,
471 1428 517 1482 και1
536 1427 662 1498 γινώσκων
682 1424 741 1486 τοός
769 1425 865 1490 ι’διόος,
885 1428 930 1481 κοιιι
947 1431 1134 1502 γινωσκόμενος

73 1517 1151 1597 immmmleffimmmmfflmwmmmmmmae'

74 1617 175 1676 lebretur
190 1618 268 1678 Deus
288 1621 319 1677 in
338 1619 440 1694 nobis,
468 1619 567 1693 quiin
592 1615 685 1694 Filio,
707 1625 736 1676 et
754 1617 862 1692 Spiritu
887 1618 1081 1695 glorificatus,
1102 1626 1132 1679 et

25 1787 26 1800 γ
73 1731 207 1790 agnoscens
225 1733 311 1792 suos,
332 1722 361 1776 et
380 1718 430 1793 qui
450 1717 542 1774 asnis
562 1717 784 1791 cognoscitur.»
803 1714 938 1774 Carmine
957 1725 1005 1775 63.
1024 1716 1129 1775 adver-

25 1812 1133 1896 ¹umrrlieresseseamlnlioshrsmlmrmntesdehsthemllquaeve·

25 1961 27 1996 ,
73 1915 105 1969 nit
119 1912 151 1971 ad
168 1930 284 1991 regem,
307 1919 340 1971 ut
357 1912 462 1988 legitur
482 1913 515 1972 iu
532 1911 657 1970 Deutera
671 1911 751 1970 illius
770 1911 939 1988 Scriptrna,
955 1913 1135 1973 circumdata

25 2057 27 2068 .
72 2009 146 2084 gloria
161 2027 231 2086 sua,
253 2016 285 2069 et
301 2010 416 2086 fulgens
435 2011 514 2084 regio
536 2007 659 2082 habitu,
680 2015 709 2067 et
726 2009 844 2082 perfusa
857 2009 974 2068 vultum
988 2025 1071 2068 roseo
1085 2027 1133 2069 oo·

25 2159 27 2164 ,
73 2107 132 2184 lore,
151 2112 238 2185 gratis
253 2114 284 2167 et
302 2107 461 2167 nitentibus
477 2106 586 2181 oculis,
608 2107 650 2164 sic
671 2109 790 2164 cecinit:
810 2105 930 2177 «Ἑσθὴρ
953 2104 1134 2174 sicorim&

72 2204 196 2276 ἑρόομιον,
228 2207 304 2260 όλλοί
328 2207 353 2257 τί
389 2206 473 2267 κείνης
506 2204 579 2278 ἔργον
611 2202 788 2275 οἱριπρεπόης,
819 2203 893 2268 ἔθνος
926 2206 1020 2279 ἔμεινεν
1059 2209 1134 2264 όλονε

74 2295 156 2356 lether
173 2298 279 2358 lactem
303 2297 424 2374 perfecit
444 2295 615 2372 amabilem,
639 2295 691 2354 sed
713 2295 784 2370 quid
804 2297 882 2356 illius
906 2298 1018 2358 decoris
1037 2305 1134 2377 opust

75 2391 225 2454 Universum
242 2397 375 2455 servavit
393 2401 527 2470 gentem:
547 2419 559 2443 ν
581 2393 677 2454 Verba
699 2393 808 2452 Tobiae
832 2398 938 2472 patris,
957 2396 994 2473 (2)
1010 2401 1060 2474 qui
1083 2399 1133 2459 bo·

24 2483 1197 2574 fmmmffimmmmmmwffiwmfflfflmm'

76 2593 399 2669 mmmmmmmffl«

209 2709 298 2763 Ἀλλοὶ
312 2709 409 2780 μόνιοιρ,
428 2706 472 2761 καί
488 2705 549 2776 ε’μοί
566 2706 723 2777 οονόμπορος
739 2704 802 2758 ἐλθὲ
821 2708 939 2762 eausam

210 2801 337 2874 Σήμερον
359 2798 457 2857 ιόοδόην
478 2799 504 2850 δὲ
524 2798 622 2870 πόροις,
642 2797 686 2851 κιιί
708 2797 820 2869 ἄγγελον
839 2797 949 2862 ἐσθλόν,

211 2893 323 2964 Πομηόν
341 2888 503 2962 ἀλεξητῆρα,
519 2888 643 2955 βοηθόον,
662 2890 729 2963 ὄφρά
742 2913 776 2960 με
789 2893 887 2946 πάντων

204 2983 341 3056 Ἥματόονν
359 2981 451 3056 νόχιόν
467 3004 495 3035 τε
510 2985 591 3036 κακῶν
606 2980 657 3036 ἄπο
681 2980 794 3040 τηλόθεν
813 2982 901 3055 ἔργον,

212 3074 272 3130 Kar*
293 3076 367 3137 τέλος
386 3072 484 3128 ἐσθλόν
507 3072 576 3128 itote
597 3073 769 3148 χαριζόμενος
783 3077 917 3147 μογέοντι,

212 3165 327 3223 Οἶκοθον
340 3166 514 3240 ἅρτιμέοντοι,
536 3169 582 3221 καί
608 3165 699 3220 οἴκαδέ
720 3190 753 3240 με
773 3164 850 3228 αὖθις
869 3167 971 3240 οἰγινοῑ.

70 3275 87 3331 i.
98 3292 120 3334 e.
133 3277 186 3338 Sed
199 3279 305 3352 beate,
327 3280 416 3338 etiam
429 3277 503 3336 mihi
515 3279 581 3336 viae
594 3293 690 3336 eomes
705 3279 806 3336 venias
819 3280 936 3336 vocanti
954 3277 1052 3355 hodie3
1068 3297 1134 3356 pro·

70 3387 166 3448 spemn
184 3383 283 3438 autem
306 3379 360 3436 iter
375 3375 501 3452 praebe,
523 3381 551 3434 et
567 3375 678 3434 bonum
697 3375 844 3452 Angelum
861 3379 1014 3453 comitem,
1035 3377 1135 3438 delen·

69 3485 162 3550 sorem,
177 3475 359 3552 adjutorem,
373 3479 407 3534 ut
422 3489 500 3533 ame
512 3475 611 3534 omnia
625 3474 750 3549 diurna,
764 3480 965 3551 nocturnaque
979 3475 1057 3535 mala
1069 3477 1134 3535 lon·

69 3583 96 3642 ge
110 3573 280 3648 prohibens,
299 3573 466 3648 bonumque
483 3572 556 3630 mihi
573 3571 718 3634 laboranti
741 3576 806 3632 viae
826 3573 915 3632 linem
938 3573 1134 3652 gratificatus,

69 3687 104 3730 ue
115 3675 197 3736 domo
213 3693 321 3736 sanum
338 3677 516 3752 domumque
525 3692 627 3736 hirsus
638 3675 804 3734 venientem
817 3671 917 3748 ducat,
930 3678 985 3732 etc.
1005 3696 1018 3722 ι
1033 3672 1135 3732 lnTo-

69 3767 122 3830 biae
137 3781 232 3834 autem
253 3775 403 3850 Scriptura
419 3777 463 3834 sic
480 3774 612 3834 habbitu.
632 3773 745 3846 Πορεύου
768 3773 902 3842 percincti
920 3769 1056 3844 όνθρόνιοο
1079 3772 1138 3826 τοό·

67 3886 112 3932 τοο,
128 3871 177 3924 όθέ
191 3873 216 3926 ἐν
230 3875 264 3941 τῷ
278 3873 374 3944 οόρονῷ
390 3871 464 3929 οἶκοῖν
482 3875 547 3934 Θεός
571 3872 685 3941 εὐοδόση
702 3871 747 3928 τήν
760 3871 816 3922 όδόν
831 3871 909 3941 ὑμῶν,
928 3872 973 3924 καὶ
994 3869 1137 3941 όόγγελος

65 3957 131 4014 αὑτοῦ
150 3964 353 4036 οομπορευθότω
367 3965 427 4037 ὑμῖν
443 3965 645 4038 ....”Αγγελος
667 3969 718 4035 γοίρ
737 3960 841 4034 ἀγαθός
858 3963 1068 4036 σομνιορεόσετοιι
1092 3961 1139 4015 αό-

67 4051 101 4114 ῐῷ,
118 4057 159 4106 καί
177 4053 367 4116 conlustrarem
381 4059 398 4116 ἦ
413 4057 471 4119 ὁδός
493 4055 583 4119 αὑτοῦ,
597 4057 641 4110 καὶ
658 4051 819 4125 όποστρέψει
838 4052 976 4125 ὑγιαίνων,
995 4055 1016 4111 i.
1033 4069 1061 4126 θ,
1076 4051 1135 4113 Va·

88 4277 117 4338 a)
128 4284 173 4332 cst.
191 4299 212 4333 e,
225 4288 275 4335 xv.
288 4313 318 4324 -
331 4285 365 4350 (a)
377 4287 437 4336 rob.
450 4302 471 4336 e.
485 4289 515 4336 V.
527 4293 565 4337 rr.
577 4287 601 4337 et
612 4289 649 4336 27.
