3094 5184
585 393 742 444 ..61-

123 505 221 583 gella,
243 505 299 564 hoc
318 502 508 578 Evangelium
528 517 590 562 esse
607 503 765 577 Matthaei,
787 509 838 561 aut
851 501 967 579 Lucae,
982 504 1038 563 nisi
1055 506 1123 580 quie
1136 505 1198 565 sine

124 605 277 679 Scriptura
290 602 346 661 hoc
365 603 408 660 ita
424 601 509 660 docet
521 607 549 660 ct
561 601 757 660 indubitanter
779 600 907 660 aldrmot
931 600 1080 660 Catholice
1092 602 1199 662 Christi

6 749 11 786 ὲ
121 701 262 761 Ecclesia.
274 699 342 759 Sola
355 702 433 758 enirn
443 698 587 757 Ecclesiae
598 713 725 757 vernon
738 699 856 773 scripta,
866 713 925 756 non
937 697 1038 782 litteris
1048 699 1197 776 mandata,

6 847 12 884 ,
122 801 175 860 sed
196 799 320 858 fideliter
343 811 513 873 permanens
537 797 575 855 ad
597 802 726 872 posteros
747 799 919 855 mensmisse
942 801 1084 872 testetur,
1109 801 1199 858 immo
1255 813 1261 828 ·

122 897 228 973 docet,
250 896 450 970 demonstret,
471 897 598 970 evincit,
616 894 688 953 adeo
706 909 755 952 eas
768 911 830 952 esse
843 893 1021 967 canonicos,
1036 898 1106 970 quia
1119 893 1200 954 Chri·

6 1039 15 1082 ἱ
121 995 162 1054 sti
181 1008 288 1068 sponsa
308 993 382 1051 tales
404 992 492 1050 habet
512 994 611 1066 ipsas,
632 998 661 1050 et
681 993 712 1048 in
732 993 850 1050 nomine
871 990 978 1050 Christi
998 992 1118 1050 mandat
1136 1007 1199 1052 esse

122 1089 326 1166 accipiendas,
348 1088 573 1165 amplexandas,
594 1095 624 1147 et
637 1091 717 1146 omni
736 1090 920 1147 veneratione
939 1088 1090 1163 colendas,
1113 1091 1199 1148 sicuti

7 1172 16 1262 ,’
122 1187 198 1247 elias
219 1187 402 1262 Scripturas,
423 1201 498 1262 quae
518 1188 550 1244 in
574 1185 732 1260 Evangelio
755 1185 834 1243 haud
855 1191 1032 1260 occurrunt,
1052 1192 1083 1245 et
1100 1191 1199 1245 temen

8 1260 18 1333 ,⁴
121 1285 162 1345 ab
189 1285 363 1345 adversariis
382 1291 417 1344 ut
438 1284 578 1343 divinitus
601 1285 758 1357 inspiratae
782 1283 964 1344 habentur.»
995 1283 1021 1343 Α
1048 1286 1111 1359 pari
1129 1299 1199 1360 ergo

122 1383 406 1444 neomoeononiea
416 1382 510 1442 Biblia
529 1383 636 1440 veteris
656 1379 833 1440 Testamenti
846 1382 947 1440 eadam
959 1384 1131 1441 auctoritate
1151 1397 1199 1441 su·.

6 1471 8 1479 ’
121 1480 271 1558 scipienda
290 1488 371 1558 sunt,
393 1495 453 1556 prro
465 1479 701 1540 Proto-Canonioi
722 1479 789 1537 iibri
808 1479 1036 1554 accipiunturab
1050 1480 1198 1557 hostibus,

5 1641 6 1670 ,
122 1595 193 1639 curn
212 1593 307 1655 neque
330 1593 367 1638 ex
387 1577 568 1654 Evangelio,
588 1591 643 1636 neo
662 1576 779 1635 aliunde
799 1577 855 1634 nisi
877 1591 914 1634 ex
938 1575 1093 1636 traditione
1121 1583 1201 1653 petet

9 1737 20 1765 „
121 1699 225 1744 eorum
245 1683 346 1744 diuino
365 1685 466 1759 otigo,
488 1689 521 1742 ut
537 1682 626 1742 etiam
645 1683 786 1755 inperiis
807 1697 830 1738 1.
853 1683 1049 1757 propositione
1063 1699 1086 1739 1.
1103 1681 1140 1740 de
1154 1683 1200 1742 his

120 1791 205 1880 libris
225 1789 358 1850 disserui.

5 1953 21 1976 Ἀ,
117 1874 121 1882 ’
162 1898 192 1973 s.
209 1897 264 1959 Ill.
280 1897 421 1972 Insuper,
438 1911 505 1955 cum
518 1896 717 1954 testimonium
730 1895 840 1954 morale
853 1895 890 1955 de
902 1895 1055 1955 divinitate
1069 1885 1200 1955 omnium

13 2033 21 2077 t
121 1993 339 2072 Scripturarum
358 1996 420 2054 sive
439 1993 594 2069 Priorum,
616 1996 678 2053 sive
696 1994 906 2069 Deuterarum,
927 1994 1007 2070 quod
1024 2011 1075 2069 per
1091 2009 1201 2053 succes-

119 2095 233 2154 sionem
245 2099 425 2153 constantem
438 2108 529 2168 usque
542 2087 579 2149 ad
593 2107 647 2149 nos
657 2093 799 2167 pervenit,
813 2094 996 2166 potissimum
1008 2093 1057 2167 sit,
1070 2107 1103 2150 ao
1114 2091 1201 2151 valde

5 2231 22 2276 ,3
120 2190 331 2270 ponderatione
353 2190 493 2267 dignum,
516 2187 803 2247 animadvertendum
827 2205 942 2266 quoque
961 2189 1053 2265 duxi,
1074 2187 1130 2248 hoe
1150 2205 1201 2248 vo·

118 2287 258 2349 eubulum
276 2287 427 2362 ditinum,
449 2303 500 2346 seu
520 2285 664 2345 diuinitus
684 2289 861 2363 inspiratum
887 2289 993 2346 nostris
1019 2287 1152 2346 Deutcris
1172 2291 1202 2347 et

6 2433 19 2474 ,
119 2387 257 2447 omnibus
277 2377 432 2464 seripturis
453 2387 608 2460 aptatum,
644 2399 732 2460 quam
753 2383 920 2460 longissime
952 2385 1053 2444 abesse
1079 2385 1116 2444 ab
1143 2385 1202 2444 alio

15 2531 22 2541 .
120 2500 305 2562 quocumque
322 2483 420 2559 libro,
442 2471 525 2558 cujus
551 2487 651 2541 auctor
673 2483 763 2540 uariis
784 2481 930 2541 erroribus
950 2481 988 2541 ob
1014 2498 1098 2542 suam
1122 2481 1202 2541 indr·
1288 2553 1290 2558 Ι

120 2585 254 2648 mitatem
273 2580 416 2639 obnoxius
436 2578 594 2656 quidquam
615 2579 661 2636 vel
691 2579 880 2655 historicum,
903 2595 953 2639 seu
968 2579 1200 2656 philosophicum

4 2658 16 2748 ‚⁶
119 2685 288 2757 pertrectat.
312 2677 443 2755 Apostoli
464 2679 541 2735 enim
563 2673 647 2734 nobis
671 2678 768 2735 testati
800 2684 868 2735 sunt
894 2675 1057 2752 Scripturas
1090 2683 1201 2737 veteres

118 2793 185 2838 esse
196 2778 331 2854 divinas,
347 2775 470 2851 illasque
483 2775 599 2852 ingenio
616 2773 745 2832 humano
758 2775 878 2832 omnino
891 2780 1038 2850 praestare
1050 2773 1199 2834 dixerunt.

7 2860 23 2961 ,2
123 2901 137 2927 r«
150 2875 254 2935 Omnis
277 2875 426 2950 Scriptura
449 2874 590 2933 divinitus
610 2875 773 2949 inspirata,
802 2874 883 2932 utilis
909 2879 953 2932 ost
977 2874 1014 2933 ad
1038 2873 1202 2934 docendum

119 2979 206 3035 eto.»
235 2972 302 3032 alibi
331 2975 496 3048 perspicue:
529 2971 621 3029 «Non
649 2974 726 3029 enim
749 2971 900 3031 voluntate
926 2971 1078 3049 humana,
1106 2975 1202 3048 inquit

117 3071 224 3131 Petrus
251 3069 312 3147 (i),
334 3071 423 3130 alluta
448 3075 492 3129 est
515 3069 672 3145 aliquando
693 3069 862 3145 prophetia,
885 3070 935 3128 sed
960 3069 1069 3145 Spiritu
1096 3069 1202 3130 saneto
1284 3102 1288 3110 .

4 3162 17 3266 ῤ’
119 3171 255 3246 inspirati
272 3169 361 3229 locuti
382 3173 451 3228 sunt
472 3169 566 3227 sancti
585 3167 637 3226 Dei
657 3166 819 3225 homines„

162 3267 323 3344 Nequidem
332 3267 388 3326 hoc
400 3264 576 3326 vocobulum
590 3263 735 3342 diuturne,
751 3263 829 3340 quod
846 3263 940 3324 solum
954 3265 1109 3340 scripturis
1124 3282 1202 3326 com·

5 3339 19 3424 's
119 3369 214 3442 petit,
236 3364 460 3441 explicandum,
480 3365 528 3423 vei
546 3349 765 3440 intelligendum
786 3367 848 3438 est,
870 3365 953 3438 quasi
973 3378 1033 3421 vox
1047 3379 1144 3440 vaga,
1160 3366 1203 3422 in·

11 3461 20 3549 ¹.
119 3469 221 3539 certa,
242 3461 437 3538 metaphorica
457 3465 518 3522 sive
539 3463 767 3521 antonomastice
786 3461 883 3536 dicto,
910 3465 953 3520 uti
974 3461 1129 3538 aliquando
1147 3462 1203 3522 hoc

118 3575 228 3619 nornen
248 3557 381 3619 divinum
400 3561 524 3637 scripto,
546 3576 626 3618 mero
639 3557 760 3618 humani
773 3561 881 3636 ingenii
896 3559 987 3618 foetui
1001 3558 1200 3636 adjudicatum

4 3635 18 3674 ³⁵
120 3663 167 3717 est
186 3655 223 3714 ob
242 3656 390 3716 doctrinae
402 3657 622 3732 excellentiam,
651 3656 699 3716 vel
712 3656 749 3716 oh
764 3655 910 3715 mirabiles
934 3657 1006 3716 alias
1028 3657 1201 3734 qualitates,

119 3769 196 3832 quas
207 3753 364 3830 protendit,
374 3755 417 3813 uti
430 3753 519 3830 vulgo
533 3757 674 3813 internos
688 3755 794 3813 diciurr
808 3753 940 3814 divinum
954 3761 1067 3832 podmo,
1083 3755 1204 3815 coeleste

4 3857 15 3872 ⁹
118 3851 283 3924 eunocum,
303 3847 440 3909 mirabile
459 3852 611 3926 scriptum.
633 3851 721 3910 Nulla
742 3855 852 3912 ratione
872 3852 908 3911 de
927 3854 1034 3912 divinis
1048 3853 1202 3930 scripturis

4 3926 17 3972 Ι.

4 4023 16 4068 t

4 4121 14 4170 i'

121 3945 181 4006 hoc
201 3945 298 4006 dicere
320 3946 365 4006 ias
387 3953 440 4006 est.
468 3946 628 4005 Bibliorum
652 3951 806 4023 scriptores
828 3950 917 4010 locuti
942 3957 1030 4027 sunt,
1056 3953 1104 4010 vel
1132 3955 1202 4011 scri·

121 4049 246 4120 pserunt
265 4043 405 4120 quidquid
425 4043 548 4120 Spiritus
564 4043 687 4104 Sanctus
708 4063 808 4106 eorum
828 4052 918 4107 menti
935 4049 1072 4126 adstans,
1091 4065 1125 4107 oc
1139 4049 1204 4108 illos

4 4235 5 4238 Ἴ
123 4139 163 4200 ad
182 4141 367 4202 scribendum
388 4157 496 4202 vocaus
521 4141 652 4202 docebat.
680 4143 714 4202 ln
734 4145 929 4206 Numerorum
949 4146 1023 4206 libro
1054 4146 1091 4205 ad
1115 4146 1203 4206 Balao

152 4347 188 4412 (i)
200 4357 222 4400 2.
236 4351 313 4414 Epist.
326 4366 348 4402 o.
365 4359 386 4402 1.
400 4361 437 4403 21.
