2964 5174
42 364 43 448 ἢ
489 351 670 404 -139···

41 461 42 502 l
80 462 278 528 erritorium.
299 477 326 519 e.
348 460 495 537 Siquidem
514 462 584 536 istc,
603 459 736 535 Baruch,
757 459 871 535 seriptis
893 475 930 518 ax
947 475 998 517 ore
1017 459 1116 518 lliere-

78 566 134 622 rniae
148 557 318 620 sumonilrus
339 561 370 618 in
393 558 485 634 libro,
505 559 576 636 legit
595 574 645 616 eos
667 557 724 615 illis
741 599 750 632 ,
767 560 818 634 qui
841 556 990 633 Babylone
1009 561 1117 633 captivi

76 665 153 733 ent,
171 658 330 718 cumulatus
348 671 398 716 cos
416 663 447 716 at
466 656 645 716 denuncians
663 659 704 716 cis
720 657 751 714 ln
768 655 828 714 Deo
847 670 938 731 spem.
965 679 977 704 ν
1001 655 1044 714 De
1061 657 1118 731 epl-

75 757 130 814 stola
147 755 300 814 Hieremiae
322 755 429 830 pariter
453 753 594 814 Eusebius
618 753 691 813 haec
713 760 831 814 narret:
861 752 999 811 u’limrtl
1023 754 1118 811 raum

72 857 154 926 ipson
170 853 289 925 Ὶερνμίννς
310 856 365 915 τοῖς
384 852 409 908 ἓν
431 852 671 927 τῇαἶχμαλννσίᾳ,
691 853 760 906 κατὰ
777 857 823 906 τῶν
847 853 952 908 elacior
973 855 1120 928 ἀσφαλιζό-

71 966 127 1016 μνννς
142 943 228 1008 αὐτούς
244 941 287 998 ἵνα
301 943 338 1014 perr*
355 942 577 1009 βλέποντιςναῦνᾰ
594 941 785 1016 σοναπνιχθνίσν
802 947 857 1007 τοῖς
873 943 1023 1018 σνβομὲνονς
1035 945 1119 1010 αὐτοὶ,

72 1036 265 1108 latinorum
283 1034 359 1093 hanc
375 1036 490 1110 scripsit
506 1034 667 1094 Hieremias
680 1037 818 1111 captivis,
836 1041 869 1094 ut
884 1035 1023 1095 adversus
1039 1035 1118 1096 idola

70 1149 105 1192 eos
119 1131 309 1207 confirmaret,
324 1148 361 1191 nc
378 1134 561 1207 respicientes
576 1147 628 1207 ea,
646 1131 872 1208 adjungerentur
886 1135 938 1209 iis,
955 1136 1006 1209 qul
1022 1150 1057 1192 ea
1069 1147 1117 1193 eo-

69 1230 154 1290 lchant.
179 1255 190 1280 ν
209 1229 251 1288 Dc
269 1230 413 1307 Propheta
429 1229 549 1288 Daniele
566 1228 634 1288 inde
652 1229 803 1308 subjungit
822 1229 981 1306 Eusebius,
1003 1247 1056 1290 cur
1074 1235 1116 1292 ita

68 1331 96 1388 sit
112 1334 238 1388 vocatus:
268 1353 280 1378 (ι
304 1325 407 1405 Ἐπννδνὶ
430 1329 474 1382 καὶ
494 1327 572 1391 attic
592 1327 617 1380 ἐν
636 1330 668 1399 τῇ
687 1327 861 1400 αι’χμαλωσίᾳ
880 1330 990 1401 γεγονός
1009 1327 1052 1392 ἕως
1072 1333 1117 1384 τοῦ

69 1428 173 1494 βασιλέως
190 1429 271 1502 Ku‘pou
291 1430 337 1484 τοῦ
352 1430 471 1502 Πέρσευ,
493 1432 524 1484 roi
542 1431 589 1503 μέν
608 1431 675 1484 aurci
693 1430 839 1486 Zouodrrae
858 1432 934 1505 κρίνει
954 1432 1050 1496 αὐτός,
1071 1434 1115 1486 καὶ

67 1520 186 1594 κατακρίνει
205 1523 264 1583 τούς
284 1519 472 1594 πρεσβυτέρους
492 1521 523 1584 ὦς
544 1523 708 1596 συκοφάντας
719 1560 789 1576 .....
803 1528 939 1594 Amyclaea
954 1524 979 1577 u·
998 1525 1118 1596 περὶτοῦ

65 1612 180 1684 μαρτυρίου
200 1616 319 1688 Σεδρᾶχ,
335 1615 454 1688 Μησαὶχ,
467 1612 630 1686 Ἀβδεναγώ,
649 1616 694 1670 καὶ
715 1619 761 1670 reia
780 1612 858 1687 ὕμνων
875 1615 955 1670 αὐτῶν
966 1654 972 1666 .
983 1650 986 1658 ·
998 1655 1018 1668 ..
1029 1654 1035 1666 .
1046 1617 1075 1669 ro'
1091 1619 1117 1669 δὲ

65 1701 174 1774 δέντερον,
191 1704 218 1758 δι’
232 1703 273 1759 ὅτι
293 1705 335 1759 τὸν
350 1705 402 1768 livii
422 1704 605 1778 κατέστρεψεν
625 1708 669 1760 καὶ
690 1709 732 1760 τόν
753 1710 879 1780 δράκοντα
892 1706 991 1760 ἀνεῖλεν
1011 1706 1055 1762 irrr'
1069 1711 1119 1762 Ku-

63 1796 95 1864 pru'
110 1794 149 1848 τοῦ
163 1793 308 1864 βασιλέως,
329 1798 374 1849 καί
390 1793 467 1860 αὐτός
484 1799 529 1871 μὲν
546 1795 675 1860 arcadia,
689 1801 709 1857 i.
727 1817 753 1858 e,
772 1798 919 1876 Siquidem
936 1804 964 1858 et
977 1801 1038 1874 ipse
1051 1814 1117 1858 cum

64 1893 85 1950 in
104 1898 261 1970 captivitate
283 1903 375 1973 essct,
397 1914 488 1974 usque
515 1897 552 1956 ad
573 1914 669 1976 regam
690 1897 815 1976 Cyrum,
839 1913 914 1974 quaa
940 1904 1041 1956 eontra
1062 1896 1115 1958 Su·

63 2006 165 2050 uanam
182 2000 280 2072 erant,
291 1993 404 2069 judicat
414 1996 491 2071 lpse,
504 2001 533 2054 et
550 1999 677 2054 seniores
693 2001 793 2070 utpote
812 1996 1034 2054 calumniatores
1047 2010 1131 2053 con·¹

62 2090 159 2152 dannot
169 2137 255 2152 .....
264 2093 372 2154 Narrat
390 2100 487 2154 autem
505 2098 679 2172 martyrium
699 2093 839 2170 Sidrach,
860 2093 992 2168 Misach,
1012 2100 1041 2152 et
1055 2092 1115 2152 Ab·

62 2187 170 2267 denego,
190 2208 348 2268 eorumque
363 2194 509 2252 canticum
524 2236 549 2250 ..
562 2191 731 2251 ..Secundo
752 2198 867 2267 autem,
891 2191 1019 2266 (scilicet
1031 2193 1062 2248 in
1076 2191 1116 2250 la-

61 2301 114 2352 cum
127 2288 239 2348 leonum
258 2289 385 2366 dejectus
403 2289 462 2366 est)
484 2305 518 2348 eo
538 2288 616 2366 quod
630 2289 680 2348 Bal
693 2289 829 2364 sustulit,
848 2294 878 2346 et
896 2287 1051 2348 draconem
1071 2290 1114 2346 in·

60 2384 151 2444 urimit
167 2387 221 2446 sub
241 2386 320 2464 Cyro
337 2403 422 2463 rege,
441 2393 470 2446 et
489 2390 550 2462 ipse
569 2387 686 2462 quidem
708 2386 839 2445 salvatrrs
859 2392 912 2444 est.
938 2410 951 2436 ν
969 2385 993 2444 Ε
1011 2383 1116 2444 Susan-

60 2495 101 2538 nae
117 2499 197 2558 porro
216 2484 340 2542 historia
353 2483 427 2543 libro
444 2501 489 2542 vr.
502 2501 528 2544 c.
547 2502 570 2544 r.
587 2484 820 2560 Praeparationis
839 2483 1030 2566 Evangelicee
1043 2483 1115 2542 haec

59 2579 126 2656 legit:
152 2609 163 2632 «ι
186 2583 281 2644 Deum
303 2585 391 2660 igitur
411 2586 510 2642 omnia
530 2583 630 2644 futura
648 2586 810 2659 praescire,
831 2599 1008 2660 quamquam
1027 2585 1115 2642 etlam

57 2692 95 2748 par
111 2695 291 2740 communem
311 2680 347 2740 dc
366 2681 425 2740 Deo
443 2689 614 2758 conceptum
638 2680 831 2740 clarissimum
851 2683 907 2755 sit,
927 2686 1025 2740 tamen
1044 2686 1073 2739 et
1097 2697 1116 2740 a

56 2772 182 2851 Scriptura
206 2778 342 2838 nonnihil
366 2779 534 2839 afferamus.
558 2778 723 2840 Susannam
747 2779 785 2854 (1)
811 2795 879 2855 ergo
900 2778 1052 2838 audiamus
1075 2779 1118 2837 di·

55 2881 162 2934 ceotem:
179 2876 286 2936 ·l)cus
302 2883 417 2936 aeterne
438 2881 490 2953 qui
508 2878 743 2938 absconditorum
766 2894 796 2936 es
814 2879 961 2953 cognitor,
975 2879 1026 2952 qul
1039 2878 1116 2936 nosti

55 2974 136 3030 omnia
151 2981 310 3050 antequam
325 2973 416 3050 liant,
436 2981 469 3034 tu
483 2977 540 3034 scis
560 2975 639 3051 quod
656 2975 763 3034 falsum
776 2976 973 3034 testimonium
985 2974 1115 3032 tulerunt

54 3067 191 3130 adversum
211 3088 270 3130 mc.
293 3097 305 3122 ν

84 3165 164 3226 Libro
184 3187 230 3228 xr.
256 3167 795 3246 Praeparat.Ernngelicaccap.x1v.
820 3169 855 3228 ln
874 3168 1115 3243 contemplatione

53 3264 118 3334 quod
132 3265 183 3324 Dal
207 3266 350 3342 verbum,
372 3283 407 3326 ac
417 3267 494 3326 oeus
512 3284 550 3327 ax
570 3267 632 3328 Deo
649 3269 704 3342 sit,
725 3266 932 3340 hebraeorum,
943 3267 995 3340 ali,
1011 3263 1117 3324 docem

52 3363 173 3438 oracula,
185 3379 247 3439 qua
259 3363 417 3439 Theologia
430 3381 484 3424 nos
497 3367 585 3424 etiam
599 3363 720 3440 imbuti,
729 3371 759 3423 ct
775 3363 925 3424 inlorrnaii
938 3378 1051 3422 sumus.
1063 3361 1115 3422 Ga·

52 3459 109 3516 iaris
127 3461 192 3518 dein
221 3462 428 3537 prophetarum
447 3464 620 3522 testimoniis
638 3462 712 3522 illud
731 3461 894 3536 Sapientiae
910 3459 947 3535 (2)
964 3460 1113 3536 adjungit:

54 3577 64 3600 a
78 3553 147 3614 'Eure
167 3561 219 3631 ’γάρ
239 3558 306 3618 αὕτη
325 3563 425 3632 πνεῦμα
438 3561 538 3630 torpor,
551 3558 639 3630 ἅγιον,
653 3560 789 3632 praepetes
800 3597 808 3623 ‚
821 3559 982 3630 πολύμερες,
1001 3555 1117 3623 λεπτόν,

50 3654 183 3717 nistrare,
211 3657 319 3729 τρανὸν,
345 3660 505 3731 duriorum,
526 3659 764 3732 mauretaniarum,
784 3657 990 3719 πανεπίσνοπον,
1011 3655 1054 3711 καὶ
1076 3654 1117 3712 tal

48 3749 132 3802 aaaron
149 3756 250 3825 χωροῦν
265 3754 427 3822 πνευμάτων,
441 3755 542 3828 corpur,
556 3751 688 3826 κανθάρων,
702 3753 879 3814 λεπτοτάτων,
890 3754 914 3810 i.
929 3768 955 3810 θ.
974 3751 1027 3812 Est
1039 3753 1115 3810 enlll

50 3843 103 3915 ipsa
116 3846 240 3921 Spiritus
256 3850 479 3926 intellig-tiae,
496 3857 633 3924 sanctus,
651 3852 836 3925 unigenim,
861 3849 1033 3925 multiplex,
1051 3847 1117 3908 sub-

49 3939 115 4017 tilis,
130 3944 262 4020 mobilis,
281 3947 421 4022 (luemus,
438 3948 691 4023 incoinquinatus,
705 3963 820 4009 omnem
835 3946 946 4008 habeus
959 3947 1115 4020 virtutem,

49 4043 136 4098 onnia
148 4046 341 4120 prospiciens,
354 4061 454 4104 omnes
465 4061 617 4122 permeans
638 4047 758 4120 spiritus
777 4043 987 4120 intelligibiles,
1007 4057 1114 4119 puros,

73 4274 103 4328 ll)
119 4271 179 4320 liau.
192 4286 216 4321 c.
230 4275 295 4324 lllll.
316 4279 354 4324 tu.
369 4301 399 4312 -
411 4275 445 4338 (2)
458 4272 514 4338 Sap.
527 4289 549 4323 c.
561 4276 615 4324 vn.
629 4283 666 4324 22.
