3070 5180
823 403 862 414 ...
884 377 921 432 32
940 401 981 414 ..-

355 489 572 548 institutionum
588 483 663 559 libro
681 489 801 562 quarto,
824 501 889 562 eep.
914 483 1101 563 v111,bisoe
1123 483 1207 545 dietis
1245 483 1429 551 Eucleslastiel

358 586 465 650 librum
482 588 568 662 petit:
589 610 602 636 a
619 586 692 644 Item
709 581 847 643 Salomon
861 583 900 660 (1)
915 586 1011 660 ipsum
1027 583 1157 644 Verbum
1170 600 1233 644 esse
1248 577 1429 666 demonstrat,
1510 585 1512 641 J

358 688 441 760 cujus
458 683 593 742 menibus
610 697 698 758 opera
714 683 772 740 Ista
792 681 896 740 muudi
908 680 1072 742 Iabbrioata
1093 687 1178 741 sunt:
1198 705 1211 733 a
1228 682 1304 760 Ego,
1327 685 1430 762 inquit,

356 797 395 841 er
408 797 459 840 ore
472 781 604 840 altissimi
619 779 734 856 prodivi
748 783 816 839 aute
829 795 945 839 omnem
958 785 1140 856 ereaturam3
1159 796 1212 868 ego
1225 781 1259 839 tu
1273 781 1360 840 eodm
1371 781 1431 859 feei,
1501 789 1506 820 '-

357 885 393 938 ut
408 881 531 938 oriretur
549 878 648 938 lumen
662 876 844 953 indelloieus,
858 882 889 936 et
903 877 1011 938 nebula
1025 878 1087 937 texi
1103 893 1220 937 omnem
1242 883 1352 938 terram
1363 896 1373 954 3
1385 893 1433 956 ego
1501 885 1505 924 i

357 978 391 1034 lu
407 977 474 1036 altis
491 975 634 1052 habitavi,
658 979 688 1034 et
702 975 825 1034 thronus
846 991 929 1034 meus
956 977 988 1034 ln
1005 975 1140 1035 eoimnna
1165 975 1264 1036 uubis.
1284 975 1433 1035 »Ulterius

358 1062 521 1150 Sapientiae
534 1073 575 1148 (2)
588 1071 679 1132 verba
696 1071 785 1132 refert
802 1072 858 1131 hoe
874 1071 978 1160 modo:
996 1095 1009 1123 a
1025 1072 1158 1132 Primum
1177 1089 1232 1133 nee
1256 1073 1327 1132 selrl
1343 1089 1434 1150 equo
1506 1066 1513 1090 ‘

358 1185 448 1246 quam
461 1176 601 1247 possunt,
617 1186 671 1230 nee
687 1172 801 1229 narrari
814 1185 902 1245 opere
919 1169 1035 1246 divina,
1050 1169 1102 1229 sed
1114 1176 1213 1229 mmeu
1229 1176 1350 1230 sanotae
1365 1170 1433 1230 lilte·
1504 1163 1505 1168 ’

358 1285 409 1327 rae
426 1267 531 1327 dorent
544 1285 562 1326 a
575 1267 682 1344 qulbus
699 1273 818 1328 cautum
832 1273 890 1327 est:
908 1297 919 1312 -
933 1267 1021 1327 Illum
1032 1267 1087 1328 Dei
1100 1267 1195 1327 lllium
1208 1264 1263 1328 Dei
1280 1283 1434 1328 sermonem

358 1379 433 1424 esse.
448 1390 461 1416 »ι
476 1367 511 1424 In
526 1382 580 1425 suo
593 1369 717 1442 epitome
732 1369 773 1425 alt
784 1381 847 1441 oup.
859 1381 930 1423 xnv.
946 1387 959 1416 a
971 1364 1109 1426 Salomon
1123 1373 1220 1425 autem
1234 1371 1304 1425 ante
1315 1381 1433 1442 pronun·
1502 1405 1505 1416 Δ

358 1464 485 1521 tieverat
513 1463 559 1522 hle
584 1463 681 1522 verbis
707 1465 739 1520 ln
767 1462 929 1539 Sapientia:
947 1463 985 1538 (3)
1002 1495 1015 1507 -
1028 1463 1300 1523 Circumveniamus
1324 1467 1429 1540 justum
1501 1475 1506 1485 ·

360 1561 500 1636 quoniam
517 1561 629 1619 inutilis
647 1560 805 1636 estuobis,
826 1567 855 1620 et
880 1563 1043 1622 bannerius
1066 1568 1110 1620 est
1132 1561 1268 1638 operibus
1292 1561 1432 1620 nostris.»
1501 1557 1511 1585 ”

360 1655 544 1733 Alibi,juxta
562 1657 677 1716 Beuum
691 1657 810 1733 librum,
824 1658 909 1717 dlelt:
929 1683 942 1709 «
958 1659 996 1718 El
1011 1659 1085 1728 illud
1097 1658 1260 1736 Prophdae
1272 1661 1434 1718 vaticinium
1500 1681 1504 1712 l

232 1834 235 1840 Ι
359 1754 498 1828 expleret:
515 1784 527 1798 ·
544 1754 583 1814 Et
599 1762 664 1830 post
680 1756 751 1814 bueo
766 1757 797 1813 in
807 1761 885 1814 terra
898 1757 979 1816 uleus
996 1762 1051 1833 est,
1067 1763 1097 1816 et
1112 1773 1180 1816 oum
1193 1755 1362 1816 hominibus
1377 1773 1435 1816 eon

356 1858 504 1910 ¹uersatus.
524 1851 670 1912 »Praeter
696 1855 769 1928 Ista,
797 1869 882 1928 saepe
903 1855 935 1912 lu
959 1856 1020 1914 suis
1040 1855 1190 1931 operibus,
1209 1861 1240 1914 et
1263 1856 1388 1914 merline
1407 1857 1434 1913 in
1507 1853 1510 1863 '

360 1948 442 2008 libris
468 1949 636 2010 divinarum
664 1951 879 2010 institutionum
896 1953 1055 2014 sententiae
1075 1951 1377 2012 Demere-Canonium
1393 1967 1434 2012 ot·

363 2052 495 2105 currarut.

400 2145 429 2219 S.
449 2145 516 2205 VH.
536 2146 631 2205 Julius
651 2145 802 2205 Maternus
828 2145 991 2224 Plrmlens,
1009 2119 1105 2207 medlo
1130 2149 1246 2208 saeculo
1269 2153 1387 2225 quarto,
1404 2145 1435 2206 de

361 2257 459 2301 errore
479 2243 697 2319 prophanorum
718 2245 893 2320 religionum
912 2244 1003 2304 verba
1024 2244 1187 2321 Sapientiae
1209 2245 1321 2324 profert
1346 2245 1432 2304 dloen·

360 2341 413 2398 tis:
428 2339 466 2415 (4)
484 2365 497 2391 «ι
515 2342 595 2413 Quae
608 2342 646 2400 sit
655 2341 818 2401 substantia
829 2345 892 2417 elus
901 2340 1082 2419 Sapientiae,
1096 2343 1265 2403 veneranda
1278 2359 1349 2402 voee
1359 2357 1431 2400 mon-
1509 2344 1513 2355 ⁴

360 2442 490 2514 stratur,
506 2439 547 2496 alt
561 2440 684 2497 enimin
701 2437 783 2496 libris
796 2437 969 2498 Salomonis:
987 2440 1025 2514 (5)
1041 2471 1054 2484 ·
1068 2439 1174 2499 Omnia
1191 2440 1272 2500 Idola
1293 2442 1433 2500 undenum

362 2537 589 2594 aestimaverunt
606 2535 691 2611 deos,
709 2535 815 2612 quibus
832 2551 925 2612 neque
938 2538 1090 2597 oculormn
1107 2540 1188 2598 visus
1207 2545 1253 2598 est
1269 2495 1322 2695 jd
1342 2535 1433 2596 udan
1506 2564 1510 2594 ι

362 2629 452 2707 dum,
479 2647 573 2709 neque
598 2649 686 2692 neres
715 2633 753 2692 ud
783 2631 999 2709 percipiendum
1017 2638 1169 2710 spititum,
1189 2651 1268 2713 nequ
1305 2649 1385 2694 eures
1401 2629 1434 2691 ad

362 2729 555 2806 audiendum,
585 2747 679 2806 neque
704 2730 788 2806 digiti
815 2747 955 2790 manuum
973 2732 1011 2792 ad
1025 2733 1228 2810 nudandum,
1244 2733 1297 2793 sed
1312 2737 1341 2791 et
1357 2729 1434 2808 peda

361 2843 463 2888 eorum
476 2831 554 2906 pigri
573 2831 611 2890 ed
629 2828 849 2890 ambulandum.
868 2855 881 2882 ι
895 2831 947 2892 ne
965 2833 1067 2892 eodem
1081 2834 1229 2910 proposlto
1242 2839 1344 2893 nonme
1354 2831 1434 2889 ldolo·

361 2924 452 2986 latras
460 2943 498 2986 ex
510 2926 641 2986 Barueh:
660 2928 698 3003 (6)
717 2953 730 2979 «
747 2928 870 2989 lubente
882 2930 943 2989 Deo
956 2930 1029 2990 bueo
1041 2930 1144 2991 darem
1152 2930 1260 3007 populo
1273 2933 1432 3009 praesepta:

363 3051 376 3066 ·
390 3023 521 3101 Angelus
538 3027 615 3083 enim
630 3041 713 3085 meus
730 3026 882 3086 vobiscum
900 3032 954 3087 est.
974 3053 987 3078 n
1514 3033 1516 3040 ⁴

401 3121 429 3195 S.
452 3121 532 3182 VIII.
556 3122 739 3182 Phoebadlus
756 3125 818 3182 sire
835 3123 991 3201 Sabadius,
1012 3141 1090 3184 auno
1103 3127 1216 3184 olreiter
1238 3133 1312 3185 ³60:
1328 3122 1432 3199 Agennl

362 3217 524 3280 Galliarum
542 3219 700 3298 Eplseupus
715 3224 746 3280 ln
772 3237 825 3281 suo
842 3227 945 3281 eontra
962 3222 1087 3282 Arianos
1101 3222 1175 3282 Ilbr'o
1194 3240 1211 3283 e
1228 3223 1397 3300 sapientiae,
1408 3224 1433 3276 et
1510 3249 1512 3256 ·

361 3314 555 3378 Eaelesiastioi
563 3318 718 3394 seripturis
728 3319 822 3405 multa
837 3321 1004 3380 testimonia
1019 3319 1140 3397 prolert,
1149 3337 1224 3397 quae
1234 3325 1335 3398 utpote
1342 3315 1433 3376 divina

362 3413 400 3471 ab
413 3415 476 3489 ipso
491 3418 694 3474 aestimantur:
717 3415 1116 3494 «Deoonsubstantiulitate,
1129 3416 1250 3494 loquens
1271 3415 1362 3477 Filius
1385 3413 1431 3472 ait:
1511 3433 1516 3472 i

363 3539 376 3553 ·
389 3511 466 3587 Ergo
487 3529 524 3572 ex
542 3529 592 3572 ore
613 3512 757 3572 Altissimi
767 3513 892 3588 prodivi.
912 3513 949 3590 (7)
969 3537 982 3564 ι
1513 3513 1516 3568 l

400 3607 429 3681 s.
451 3607 504 3666 IX.
522 3609 590 3668 Iam
609 3609 727 3684 speciali
739 3607 828 3668 modo
848 3609 932 3668 nobis
951 3609 1242 3670 animadvertendum
1258 3609 1372 3670 vldetur
1386 3604 1433 3663 Ee·
1515 3627 1516 3632 ¹

366 3704 469 3764 elesiee
494 3711 612 3764 sanotae
630 3706 745 3782 lumen,
770 3705 936 3781 praeclarus
954 3723 1057 3784 nempe
1081 3707 1263 3768 Christlauae
1285 3701 1435 3781 Religlonlt
1514 3719 1516 3760 l

364 3801 485 3877 athleta,
497 3803 694 3881 Hieronymus
709 3810 850 3879 amotus,
873 3808 956 3880 cujus
975 3807 1083 3882 sculpta
1101 3806 1265 3881 doetrinae,
1285 3799 1433 3870 ementati,
1514 3819 1516 3840 ·

362 3915 398 3957 ao
410 3898 447 3958 de
463 3899 613 3976 Religione
632 3899 819 3960 sollleItudiui
833 3903 1031 3961 testimoninm
1045 3901 1208 3978 perhibent.
1232 3903 1262 3961 Is
1282 3904 1355 3960 luter
1368 3896 1432 3956 allos

361 3998 506 4073 praestitit
519 3997 616 4056 studio
630 4005 660 4057 et
672 4013 742 4058 eura
754 4000 786 4056 in
796 4001 886 4058 saeris
897 3998 1052 4076 seripturis
1067 3999 1309 4074 interpretandis,
1323 4013 1359 4055 ex
1377 3990 1431 4072 qul

390 4204 425 4267 (1)
440 4204 505 4254 Eeel.
518 4207 560 4254 IV.
571 4213 632 4255 6.-
642 4204 676 4268 (ἳ)
692 4208 748 4269 Sap.
762 4221 784 4256 a.
797 4210 863 4258 11.-
872 4206 906 4270 (3)
922 4209 978 4271 Sap.
1000 4221 1022 4259 e.
1034 4207 1143 4269 11.-(t)
1160 4210 1194 4256 Ex
1217 4205 1314 4256 Blbllol.
1332 4201 1430 4254 Petrum

362 4310 393 4322 -
403 4283 437 4348 (5)
452 4286 509 4349 Sep.
519 4297 542 4337 a.
554 4287 606 4336 XV.
620 4292 656 4340 it.
668 4311 699 4326 ·-
709 4286 743 4350 (6)
759 4287 855 4340 Buuou
866 4301 887 4338 e.
900 4289 942 4338 vt.
966 4295 989 4352 1,
1001 4295 1024 4338 6.
1036 4313 1066 4326 -
1076 4287 1112 4350 (7)
1128 4290 1164 4336 Ex
1174 4285 1240 4345 Blhl.
1249 4288 1315 4338 Pelr.
