3094 5184
833 351 991 404 ...ao-..-

377 471 492 538 pretum
511 458 685 538 apographis
704 461 830 536 eruitur,
850 458 986 521 omuibus
1008 459 1135 535 mugnis
1159 459 1284 534 patribus
1304 469 1412 546 tatum

376 562 454 638 idem
474 561 587 620 dieanrr
606 559 643 618 de
662 558 791 618 Estheris
811 557 1033 634 additamentis,
1048 562 1078 618 et
1089 556 1235 635 Danielis,
1251 575 1319 635 quae
1330 563 1415 626 iatetn

377 659 574 735 Hieronymus
590 673 646 716 sno
665 673 739 716 aevo
757 655 865 732 ubique
889 656 1075 716 eeolmiarum
1103 657 1136 714 in
1163 655 1304 718 mdiolbus
1323 657 1417 737 Sapua·

376 757 458 831 ginta
477 757 587 814 inserta
605 754 741 814 inveniri.
763 753 840 828 Quid
858 768 928 830 ergo
946 752 1126 814 dioendumi

413 851 441 926 S.
463 849 515 912 IV.
536 851 611 912 Aliis
624 867 695 912 vero
705 851 760 912 sub
773 851 934 912 rationibus
945 849 1133 928 Septuaginta
1145 853 1327 928 interpretum
1338 858 1418 916 versio

374 965 434 1008 una
453 965 522 1008 enm
537 949 694 1025 Soripturis
708 949 840 1010 Deumris
860 949 902 1008 ibi
920 949 1048 1010 enlleetis
1069 949 1270 1026 expendatur,
1289 957 1360 1012 aeus
1375 955 1419 1012 sei·

374 1046 459 1123 lieet,
484 1047 639 1130 atmodum
658 1063 716 1124 quo
736 1047 774 1108 ad
787 1045 910 1124 judaeos
930 1048 1030 1122 venit,
1058 1053 1088 1108 et
1110 1045 1148 1106 nb
1172 1049 1313 1108 universis
1327 1047 1421 1124 judaeis
1498 1087 1499 1130 ,

374 1143 550 1221 animmque
575 1149 643 1204 ante
667 1144 828 1206 SalvatorIs
852 1145 1010 1206 adventum
1034 1151 1152 1220 aeeepta
1177 1145 1244 1206 fnit.
1271 1143 1421 1222 Communi,
1498 1167 1499 1208 3

375 1246 404 1300 et
420 1239 542 1318 vulgata
563 1242 698 1317 opinione
719 1243 855 1302 teroentis
880 1243 966 1302 annis
997 1247 1065 1302 ante
1093 1241 1242 1304 corutum
1261 1244 1293 1306 iu
1312 1241 1423 1320 Aegypto
1498 1253 1499 1328 ᾗ

374 1338 523 1416 oonilata,
542 1337 590 1398 vel
607 1341 705 1415 potius
718 1341 832 1416 incepta
853 1339 905 1400 illa
923 1339 990 1402 fnit.
1010 1338 1058 1400 Sie
1072 1342 1151 1400 enim
1168 1339 1269 1400 seribit
1283 1339 1420 1400 Wossius:

378 1435 585 1513 «Sacrorum,
608 1439 671 1514 ait,
690 1439 853 1498 versionem
868 1437 1029 1513 librorum,
1044 1445 1165 1498 curante
1183 1437 1326 1498 Demetrio
1340 1437 1423 1498 Phole
1498 1433 1499 1522 i

373 1553 461 1614 roeo,
483 1536 593 1598 nesam
608 1553 671 1599 esse
683 1537 734 1598 illo
750 1544 890 1613 tempore,
909 1553 967 1613 quo
979 1537 1067 1598 simul
1084 1542 1245 1614 regnarunt
1263 1536 1424 1598 Ptolemaeis
1498 1529 1499 1612 J

373 1635 469 1713 Lagi,
489 1641 519 1694 et
540 1635 619 1696 filius
637 1639 700 1712 ejus
713 1634 935 1711 Philadelphus.
966 1636 1059 1712 Reges
1080 1633 1134 1696 hos
1156 1625 1335 1712 aliquamdln
1355 1633 1424 1694 simul

375 1748 534 1810 regnasse,
558 1732 633 1792 vidit
659 1734 748 1792 etiam
768 1731 911 1809 Scaliger,
937 1733 1091 1808 praedpne
1106 1734 1139 1792 in
1155 1733 1308 1808 posteriori
1328 1731 1425 1792 Eusebi
1498 1727 1499 1764 i

373 1830 509 1892 editione.
533 1831 634 1907 Neque
651 1847 721 1892 vero
739 1830 801 1892 ulla
818 1837 864 1890 est
873 1831 1046 1906 praestanda
1067 1831 1138 1892 tides
1156 1831 1227 1907 ill'u,
1249 1832 1425 1906 geinssorum

373 1945 390 1988 a
411 1931 544 1990 versione
557 1927 708 1991 chaldaica
726 1927 835 1990 laeum
847 1928 946 1990 luisse
958 1927 1146 2006 Septuaginta
1161 1927 1422 2004 interpretationem,

373 2043 444 2088 uam
465 2029 516 2104 qui
534 2027 607 2086 haee
626 2032 781 2102 esserumt,
805 2042 821 2085 e
843 2025 939 2086 verbis
961 2025 1092 2087 Philonis
1119 2028 1250 2104 aegyptii
1274 2027 1425 2100 excipiunt,

376 2127 427 2201 qui
444 2124 596 2186 ohnldaioa
616 2125 718 2202 lingua
737 2127 829 2185 utitur
842 2140 896 2200 pro
912 2123 1068 2200 hebraica,
1088 2129 1119 2184 et
1130 2123 1298 2200 Soripturae
1314 2121 1429 2182 hebraeo
1498 2155 1499 2190 i

375 2237 442 2301 rum
462 2227 604 2284 vocantur
626 2221 663 2281 ab
685 2221 735 2282 illo
753 2221 958 2282 chaldaeorum
978 2237 1035 2297 eo,
1059 2219 1173 2298 quode
1194 2219 1336 2280 ohmduea
1353 2219 1428 2280 siou-

375 2321 457 2396 gines
470 2319 571 2395 judaei
588 2318 727 2396 fuerunt3
747 2326 777 2380 et
794 2319 921 2378 seeundo
944 2319 983 2378 oli
1001 2321 1200 2395 captivitatem
1219 2319 1254 2378 in
1271 2317 1428 2396 Assyrun,

374 2415 426 2476 ubi
447 2415 560 2476 litterae
577 2415 730 2476 hebraicae
749 2418 966 2492 antiquissimae
988 2422 1182 2479 mumoniae
1193 2422 1266 2478 sunt
1279 2417 1310 2474 iu
1324 2414 1428 2474 forman

373 2513 536 2572 litterarum
552 2515 754 2590 syriacorum,
774 2529 858 2590 equo
872 2514 1063 2576 hebraeorum
1077 2508 1194 2592 lingua,
1215 2521 1248 2577 et
1262 2529 1361 2574 eornm
1369 2511 1429 2572 Seri·

374 2615 477 2685 pturae
489 2609 583 2670 diotae
602 2618 672 2674 sunt
689 2614 826 2689 syriame
842 2619 872 2672 et
890 2611 1057 2674 ondnneao
1073 2612 1160 2687 paulo
1182 2617 1253 2674 unte
1275 2611 1380 2672 domni
1390 2607 1429 2670 ad·

378 2713 527 2768 ventum.»
557 2708 667 2770 Parum
693 2725 762 2770 vero
788 2715 903 2770 oonstat
926 2715 1024 2772 utrum
1043 2712 1172 2773 mosaioa
1194 2709 1246 2770 lex
1267 2715 1378 2770 tuntum
1393 2706 1433 2764 illa

373 2810 466 2864 aetate
477 2806 619 2867 naastan
626 2813 728 2882 esset,
748 2823 786 2866 au
803 2823 919 2884 quoque
935 2813 1045 2868 merae
1060 2805 1236 2882 Seriptsuae.
1258 2805 1334 2864 Mihi
1348 2809 1429 2864 auten

373 2901 510 2962 Flavium
527 2909 641 2980 seeum,
664 2905 847 2966 solummodo
869 2904 936 2972 libri
958 2903 1070 2982 Moysis
1090 2904 1147 2967 sub
1167 2904 1339 2967 Pmlemaeo
1357 2906 1429 2962 inter·

371 3001 527 3074 pretationi
545 3001 646 3063 traditi
663 3017 726 3063 esse
748 3001 937 3078 viderenurr3
965 3008 997 3062 et
1014 3002 1084 3060 huie
1100 3003 1232 3077 opinioni
1257 3000 1339 3063 fava
1359 3001 1430 3061 etiarn

372 3097 579 3174 Hieronymus.
600 3098 710 3162 Deinde
726 3115 813 3175 vero,
831 3106 864 3160 ut
877 3099 1033 3160 verisimile
1051 3105 1189 3175 apparet,
1204 3102 1344 3175 inspmta
1356 3099 1428 3172 hujus

372 3197 515 3257 versionis
545 3211 657 3271 eausa,
690 3202 721 3256 et
745 3213 823 3272 usu,
852 3197 925 3257 alias
950 3195 1113 3272 Soripturae
1142 3213 1246 3274 graeoe
1267 3199 1300 3258 iu
1316 3195 1431 3272 Aegypto

371 3292 528 3354 translatas
549 3292 639 3354 inisse
656 3296 825 3369 oportuerit.
850 3295 887 3353 Et
906 3294 1023 3370 quidam
1036 3299 1121 3371 jure,
1143 3311 1275 3371 namque
1300 3296 1428 3369 prunum,

371 3391 401 3451 si
415 3389 515 3450 sedulo
527 3391 727 3466 expendantur
744 3393 915 3468 singillatim
933 3408 1042 3452 omnes
1051 3392 1215 3468 Soripturae
1234 3392 1349 3460 libriin
1364 3403 1429 3466 grae

372 3501 439 3554 eum
454 3491 543 3564 versi,
559 3489 628 3550 huie
647 3491 833 3568 aegyptiacae
858 3491 985 3550 versioni
1008 3492 1092 3551 varia
1112 3495 1212 3566 aetas,
1244 3491 1298 3548 alii
1318 3493 1432 3548 auemre

372 3584 549 3646 ooneedendi
562 3593 653 3663 sint,
678 3591 722 3648 uti
747 3587 784 3648 de
809 3588 865 3647 hae
885 3604 917 3647 re
938 3591 1053 3664 egregie
1083 3588 1221 3662 scripsit,
1252 3589 1331 3646 inter
1347 3585 1430 3656 alim,
1498 3629 1499 3640 ,

372 3679 460 3758 llody
477 3685 509 3744 in
526 3701 579 3744 suo
594 3685 668 3744 libro
682 3686 720 3762 (1)
736 3685 999 3762 -uesepmaginta
1014 3689 1204 3762 interpretum
1223 3688 1378 3746 versione·
1391 3681 1432 3756 qui
1498 3685 1499 3720 i

371 3791 443 3846 eura
461 3782 677 3852 marimanam
696 3783 752 3844 hac
767 3786 799 3842 in
816 3785 1072 3858 interpretatione,
1094 3783 1257 3860 quidquam
1269 3779 1433 3842 discriminis

371 3874 494 3952 extulit,
519 3893 536 3936 e
560 3895 618 3954 quo
637 3881 714 3940 hano
735 3883 908 3948 mutandam
930 3883 1052 3943 statuit:
1084 3881 1271 3943 «innumera
1297 3877 1433 3953 saue,i11

371 3986 476 4047 gram
495 3977 629 4037 versione
646 3977 877 4056 observavimus,
893 3979 1059 4056 quaenullo
1075 3978 1240 4038 madefieri
1260 3978 1432 4053 potuissent,

371 4073 397 4128 si
412 4071 460 4130 vel
477 4087 579 4134 omnes
591 4075 678 4140 siurul
685 4078 867 4154 interpretes,
887 4081 1042 4155 eonjunota
1058 4093 1158 4154 opera,
1172 4061 1341 4140 versimem
1351 4074 1433 4134 elucu·
1498 4115 1499 4156 ,

412 4279 447 4342 (1)
470 4281 541 4344 Hody
553 4283 584 4332 de
596 4289 633 4334 70.
648 4285 771 4349 interpp.
786 4292 839 4342 204.
