<?xml version="1.0" encoding="UTF-8"?>
<!DOCTYPE html PUBLIC "-//W3C//DTD XHTML 1.0 Transitional//EN"
    "http://www.w3.org/TR/xhtml1/DTD/xhtml1-transitional.dtd">
<html xmlns="http://www.w3.org/1999/xhtml" xml:lang="en" lang="en">
 <head>
  <title>
</title>
<meta http-equiv="Content-Type" content="text/html;charset=utf-8" />
  <meta name='ocr-system' content='tesseract 3.04.00' />
  <meta name='ocr-capabilities' content='ocr_page ocr_carea ocr_par ocr_line ocrx_word'/>
</head>
<body>
  <div class='ocr_page' id='page_1' title='image "./sessioquartacon00vincgoog_0091.png"; bbox 0 0 3070 5180; ppageno 0'>
   <div class='ocr_carea' id='block_1_1' title="bbox 413 421 1475 3546">
    <p class='ocr_par' dir='ltr' id='par_1_1' title="bbox 876 421 1034 477">
     <span class='ocr_line' id='line_1_1' title="bbox 876 421 1034 477; baseline -0.006 -18"><span class='ocrx_word' id='word_1_1' title='bbox 876 443 915 459; x_wconf 69' lang='grc'><strong>-.</strong></span> <span class='ocrx_word' id='word_1_2' title='bbox 936 421 973 477; x_wconf 66' lang='lat' dir='ltr'><strong>pq</strong></span> <span class='ocrx_word' id='word_1_3' title='bbox 994 447 1034 458; x_wconf 88' lang='lat'><strong>..</strong></span> 
     </span>
    </p>

    <p class='ocr_par' dir='ltr' id='par_1_2' title="bbox 413 527 1475 1490">
     <span class='ocr_line' id='line_1_2' title="bbox 413 527 1471 621; baseline 0.003 -27"><span class='ocrx_word' id='word_1_4' title='bbox 413 531 547 594; x_wconf 87' lang='lat' dir='ltr'><strong>normulli</strong></span> <span class='ocrx_word' id='word_1_5' title='bbox 574 549 697 621; x_wconf 70' lang='lat' dir='ltr'><strong>mittat</strong></span> <span class='ocrx_word' id='word_1_6' title='bbox 714 529 882 598; x_wconf 63' lang='lat' dir='ltr'><strong>nrn‘ltuth</strong></span> <span class='ocrx_word' id='word_1_7' title='bbox 898 539 928 594; x_wconf 90' lang='lat' dir='ltr'><strong>et</strong></span> <span class='ocrx_word' id='word_1_8' title='bbox 946 532 1052 594; x_wconf 86' lang='lat' dir='ltr'><strong>Cinoth</strong></span> <span class='ocrx_word' id='word_1_9' title='bbox 1066 533 1142 592; x_wconf 87' lang='lat' dir='ltr'><strong>inter</strong></span> <span class='ocrx_word' id='word_1_10' title='bbox 1155 527 1361 610; x_wconf 73' lang='lat' dir='ltr'><strong>hagiographa</strong></span> <span class='ocrx_word' id='word_1_11' title='bbox 1375 537 1471 614; x_wconf 82' lang='lat' dir='ltr'><strong>scripu·</strong></span> 
     </span>
     <span class='ocr_line' id='line_1_3' title="bbox 416 628 1474 713; baseline 0.001 -22"><span class='ocrx_word' id='word_1_12' title='bbox 416 637 494 692; x_wconf 86' lang='lat' dir='ltr'><strong>tent.</strong></span> <span class='ocrx_word' id='word_1_13' title='bbox 504 675 512 690; x_wconf 93' lang='lat'><strong>.</strong></span> <span class='ocrx_word' id='word_1_14' title='bbox 522 675 547 691; x_wconf 92' lang='lat'><strong>..</strong></span> <span class='ocrx_word' id='word_1_15' title='bbox 567 629 624 691; x_wconf 81' lang='lat' dir='ltr'><strong>llic</strong></span> <span class='ocrx_word' id='word_1_16' title='bbox 640 631 778 708; x_wconf 82' lang='lat' dir='ltr'>prologus</span> <span class='ocrx_word' id='word_1_17' title='bbox 794 629 1010 706; x_wconf 67' lang='lat' dir='ltr'><strong>&amp;ripterarum</strong></span> <span class='ocrx_word' id='word_1_18' title='bbox 1035 646 1109 708; x_wconf 85' lang='lat' dir='ltr'><strong>quas</strong></span> <span class='ocrx_word' id='word_1_19' title='bbox 1126 628 1279 690; x_wconf 78' lang='lat' dir='ltr'><strong>(laleatum</strong></span> <span class='ocrx_word' id='word_1_20' title='bbox 1304 633 1474 713; x_wconf 89' lang='lat' dir='ltr'><strong>principium,</strong></span> 
     </span>
     <span class='ocr_line' id='line_1_4' title="bbox 417 729 1475 806; baseline 0.004 -17"><span class='ocrx_word' id='word_1_21' title='bbox 417 729 552 790; x_wconf 75' lang='lat' dir='ltr'><strong>omuibus</strong></span> <span class='ocrx_word' id='word_1_22' title='bbox 572 729 674 804; x_wconf 88' lang='lat' dir='ltr'><strong>libris,</strong></span> <span class='ocrx_word' id='word_1_23' title='bbox 694 745 768 806; x_wconf 89' lang='lat' dir='ltr'><strong>quos</strong></span> <span class='ocrx_word' id='word_1_24' title='bbox 780 729 818 788; x_wconf 80' lang='lat' dir='ltr'><strong>tle</strong></span> <span class='ocrx_word' id='word_1_25' title='bbox 833 729 958 788; x_wconf 83' lang='lat' dir='ltr'><strong>hebraeo</strong></span> <span class='ocrx_word' id='word_1_26' title='bbox 976 731 1116 790; x_wconf 65' lang='lat' dir='ltr'><strong>rotimus</strong></span> <span class='ocrx_word' id='word_1_27' title='bbox 1135 731 1322 806; x_wconf 70' lang='lat' dir='ltr'><strong>bittinum,</strong></span> <span class='ocrx_word' id='word_1_28' title='bbox 1341 737 1475 793; x_wconf 86' lang='lat' dir='ltr'><strong>convenire</strong></span> 
     </span>
     <span class='ocr_line' id='line_1_5' title="bbox 414 827 1474 908; baseline 0.001 -22"><span class='ocrx_word' id='word_1_29' title='bbox 414 833 510 903; x_wconf 86' lang='lat' dir='ltr'><strong>potest</strong></span> <span class='ocrx_word' id='word_1_30' title='bbox 527 833 562 886; x_wconf 92' lang='lat' dir='ltr'><strong>ut</strong></span> <span class='ocrx_word' id='word_1_31' title='bbox 578 829 652 886; x_wconf 88' lang='lat' dir='ltr'><strong>scire</strong></span> <span class='ocrx_word' id='word_1_32' title='bbox 669 827 838 902; x_wconf 61' lang='lat' dir='ltr'><strong>vacamus,</strong></span> <span class='ocrx_word' id='word_1_33' title='bbox 858 827 1001 904; x_wconf 82' lang='lat' dir='ltr'><strong>quidquid</strong></span> <span class='ocrx_word' id='word_1_34' title='bbox 1021 833 1105 886; x_wconf 82' lang='lat' dir='ltr'><strong>extra</strong></span> <span class='ocrx_word' id='word_1_35' title='bbox 1123 827 1177 887; x_wconf 91' lang='lat' dir='ltr'><strong>hos</strong></span> <span class='ocrx_word' id='word_1_36' title='bbox 1194 835 1257 904; x_wconf 82' lang='lat' dir='ltr'><strong>est,</strong></span> <span class='ocrx_word' id='word_1_37' title='bbox 1273 829 1348 886; x_wconf 91' lang='lat' dir='ltr'><strong>inter</strong></span> <span class='ocrx_word' id='word_1_38' title='bbox 1371 845 1474 908; x_wconf 86' lang='lat' dir='ltr'><strong>apocry-</strong></span> 
     </span>
     <span class='ocr_line' id='line_1_6' title="bbox 416 924 1475 1002; baseline 0.007 -19"><span class='ocrx_word' id='word_1_39' title='bbox 416 925 556 1001; x_wconf 83' lang='lat' dir='ltr'><strong>phaceae</strong></span> <span class='ocrx_word' id='word_1_40' title='bbox 573 925 750 1002; x_wconf 84' lang='lat' dir='ltr'><strong>ponendum.</strong></span> <span class='ocrx_word' id='word_1_41' title='bbox 774 927 868 1002; x_wconf 83' lang='lat' dir='ltr'><strong>Igitur</strong></span> <span class='ocrx_word' id='word_1_42' title='bbox 890 925 1052 1001; x_wconf 79' lang='lat' dir='ltr'><strong>Sapientia,</strong></span> <span class='ocrx_word' id='word_1_43' title='bbox 1075 941 1150 1002; x_wconf 87' lang='lat' dir='ltr'><strong>quae</strong></span> <span class='ocrx_word' id='word_1_44' title='bbox 1170 925 1261 1002; x_wconf 84' lang='lat' dir='ltr'><strong>vulgo</strong></span> <span class='ocrx_word' id='word_1_45' title='bbox 1281 924 1421 986; x_wconf 77' lang='lat' dir='ltr'><strong>Salomoni</strong></span> <span class='ocrx_word' id='word_1_46' title='bbox 1439 931 1475 990; x_wconf 88' lang='lat' dir='ltr'><strong>iu·</strong></span> 
     </span>
     <span class='ocr_line' id='line_1_7' title="bbox 415 1020 1474 1101; baseline 0.002 -21"><span class='ocrx_word' id='word_1_47' title='bbox 415 1020 564 1098; x_wconf 79' lang='lat' dir='ltr'><strong>scribitur-3</strong></span> <span class='ocrx_word' id='word_1_48' title='bbox 575 1023 684 1082; x_wconf 80' lang='lat' dir='ltr'><strong>etlesu</strong></span> <span class='ocrx_word' id='word_1_49' title='bbox 694 1022 749 1081; x_wconf 86' lang='lat' dir='ltr'><strong>filii</strong></span> <span class='ocrx_word' id='word_1_50' title='bbox 761 1021 863 1082; x_wconf 89' lang='lat' dir='ltr'><strong>Sirach</strong></span> <span class='ocrx_word' id='word_1_51' title='bbox 875 1021 969 1097; x_wconf 89' lang='lat' dir='ltr'><strong>liber,</strong></span> <span class='ocrx_word' id='word_1_52' title='bbox 981 1027 1011 1081; x_wconf 90' lang='lat' dir='ltr'><strong>et</strong></span> <span class='ocrx_word' id='word_1_53' title='bbox 1020 1021 1122 1080; x_wconf 84' lang='lat' dir='ltr'><strong>Judith</strong></span> <span class='ocrx_word' id='word_1_54' title='bbox 1135 1063 1144 1098; x_wconf 93' lang='lat'><strong>,</strong></span> <span class='ocrx_word' id='word_1_55' title='bbox 1155 1021 1322 1098; x_wconf 85' lang='lat' dir='ltr'><strong>ctTobias,</strong></span> <span class='ocrx_word' id='word_1_56' title='bbox 1335 1022 1474 1101; x_wconf 85' lang='lat' dir='ltr'><strong>etPastor‚</strong></span> 
     </span>
     <span class='ocr_line' id='line_1_8' title="bbox 415 1118 1474 1196; baseline 0.002 -18"><span class='ocrx_word' id='word_1_57' title='bbox 415 1135 477 1178; x_wconf 88' lang='lat' dir='ltr'><strong>nou</strong></span> <span class='ocrx_word' id='word_1_58' title='bbox 487 1127 564 1180; x_wconf 34' lang='lat' dir='ltr'><strong>&#39;sunt</strong></span> <span class='ocrx_word' id='word_1_59' title='bbox 576 1122 608 1179; x_wconf 92' lang='lat' dir='ltr'><strong>in</strong></span> <span class='ocrx_word' id='word_1_60' title='bbox 623 1121 750 1180; x_wconf 82' lang='lat' dir='ltr'><strong>Conone.</strong></span> <span class='ocrx_word' id='word_1_61' title='bbox 768 1119 1013 1180; x_wconf 87' lang='lat' dir='ltr'><strong>Maohabaeorum</strong></span> <span class='ocrx_word' id='word_1_62' title='bbox 1028 1121 1155 1196; x_wconf 90' lang='lat' dir='ltr'><strong>primum</strong></span> <span class='ocrx_word' id='word_1_63' title='bbox 1170 1118 1299 1195; x_wconf 86' lang='lat' dir='ltr'><strong>librum,</strong></span> <span class='ocrx_word' id='word_1_64' title='bbox 1328 1119 1474 1180; x_wconf 87' lang='lat' dir='ltr'><strong>hebraicum</strong></span> 
     </span>
     <span class='ocr_line' id='line_1_9' title="bbox 418 1217 1474 1295; baseline 0.001 -19"><span class='ocrx_word' id='word_1_65' title='bbox 418 1221 523 1294; x_wconf 87' lang='lat' dir='ltr'><strong>reperi.</strong></span> <span class='ocrx_word' id='word_1_66' title='bbox 547 1217 696 1278; x_wconf 78' lang='lat' dir='ltr'><strong>Secundus</strong></span> <span class='ocrx_word' id='word_1_67' title='bbox 715 1233 836 1295; x_wconf 85' lang='lat' dir='ltr'><strong>graecus</strong></span> <span class='ocrx_word' id='word_1_68' title='bbox 855 1223 918 1294; x_wconf 87' lang='lat' dir='ltr'><strong>est,</strong></span> <span class='ocrx_word' id='word_1_69' title='bbox 940 1217 1019 1294; x_wconf 87' lang='lat' dir='ltr'><strong>quod</strong></span> <span class='ocrx_word' id='word_1_70' title='bbox 1039 1234 1077 1278; x_wconf 81' lang='lat' dir='ltr'><strong>ex</strong></span> <span class='ocrx_word' id='word_1_71' title='bbox 1093 1219 1158 1294; x_wconf 86' lang='lat' dir='ltr'><strong>ipsa</strong></span> <span class='ocrx_word' id='word_1_72' title='bbox 1175 1233 1291 1294; x_wconf 89' lang='lat' dir='ltr'><strong>queque</strong></span> <span class='ocrx_word' id='word_1_73' title='bbox 1310 1217 1405 1294; x_wconf 82' lang='lat' dir='ltr'><strong>phrasi</strong></span> <span class='ocrx_word' id='word_1_74' title='bbox 1424 1235 1474 1294; x_wconf 87' lang='lat' dir='ltr'><strong>pro</strong></span> 
     </span>
     <span class='ocr_line' id='line_1_10' title="bbox 414 1303 1473 1392; baseline 0.001 -19"><span class='ocrx_word' id='word_1_75' title='bbox 414 1314 480 1374; x_wconf 90' lang='lat' dir='ltr'><strong>bari</strong></span> <span class='ocrx_word' id='word_1_76' title='bbox 497 1303 602 1391; x_wconf 84' lang='lat' dir='ltr'><strong>potest‘.</strong></span> <span class='ocrx_word' id='word_1_77' title='bbox 622 1317 702 1390; x_wconf 86' lang='lat' dir='ltr'><strong>Quae</strong></span> <span class='ocrx_word' id='word_1_78' title='bbox 715 1332 784 1375; x_wconf 92' lang='lat' dir='ltr'><strong>cum</strong></span> <span class='ocrx_word' id='word_1_79' title='bbox 800 1318 843 1374; x_wconf 87' lang='lat' dir='ltr'><strong>ita</strong></span> <span class='ocrx_word' id='word_1_80' title='bbox 862 1314 1046 1392; x_wconf 78' lang='lat' dir='ltr'><strong>rehabeant,</strong></span> <span class='ocrx_word' id='word_1_81' title='bbox 1059 1315 1180 1377; x_wconf 84' lang='lat' dir='ltr'><strong>obsecro</strong></span> <span class='ocrx_word' id='word_1_82' title='bbox 1196 1321 1236 1391; x_wconf 86' lang='lat' dir='ltr'><strong>te,</strong></span> <span class='ocrx_word' id='word_1_83' title='bbox 1252 1315 1353 1392; x_wconf 82' lang='lat' dir='ltr'><strong>lector,</strong></span> <span class='ocrx_word' id='word_1_84' title='bbox 1364 1332 1399 1374; x_wconf 88' lang='lat' dir='ltr'><strong>ne</strong></span> <span class='ocrx_word' id='word_1_85' title='bbox 1412 1316 1473 1374; x_wconf 85' lang='lat' dir='ltr'><strong>labo</strong></span> 
     </span>
     <span class='ocr_line' id='line_1_11' title="bbox 415 1415 1268 1490; baseline 0 -18"><span class='ocrx_word' id='word_1_86' title='bbox 415 1427 479 1472; x_wconf 88' lang='lat' dir='ltr'><strong>rem</strong></span> <span class='ocrx_word' id='word_1_87' title='bbox 495 1429 593 1474; x_wconf 90' lang='lat' dir='ltr'><strong>meum</strong></span> <span class='ocrx_word' id='word_1_88' title='bbox 610 1415 862 1490; x_wconf 82' lang='lat' dir='ltr'><strong>reprehensionem</strong></span> <span class='ocrx_word' id='word_1_89' title='bbox 878 1417 1025 1474; x_wconf 85' lang='lat' dir='ltr'><strong>existimes</strong></span> <span class='ocrx_word' id='word_1_90' title='bbox 1045 1416 1268 1490; x_wconf 77' lang='lat' dir='ltr'><strong>antiquorum.»</strong></span> 
     </span>
    </p>

    <p class='ocr_par' dir='ltr' id='par_1_3' title="bbox 414 1511 1474 2861">
     <span class='ocr_line' id='line_1_12' title="bbox 456 1511 1474 1589; baseline -0.001 -18"><span class='ocrx_word' id='word_1_91' title='bbox 456 1513 538 1572; x_wconf 76' lang='lat' dir='ltr'><strong>lolem</strong></span> <span class='ocrx_word' id='word_1_92' title='bbox 560 1529 664 1572; x_wconf 88' lang='lat' dir='ltr'><strong>census</strong></span> <span class='ocrx_word' id='word_1_93' title='bbox 683 1513 852 1573; x_wconf 85' lang='lat' dir='ltr'><strong>divinorum</strong></span> <span class='ocrx_word' id='word_1_94' title='bbox 868 1511 1028 1572; x_wconf 72' lang='lat' dir='ltr'><strong>bibliorum</strong></span> <span class='ocrx_word' id='word_1_95' title='bbox 1041 1515 1204 1589; x_wconf 81' lang='lat' dir='ltr'><strong>exsurgite</strong></span> <span class='ocrx_word' id='word_1_96' title='bbox 1225 1513 1346 1588; x_wconf 88' lang='lat' dir='ltr'><strong>litteris,</strong></span> <span class='ocrx_word' id='word_1_97' title='bbox 1363 1527 1428 1588; x_wconf 86' lang='lat' dir='ltr'><strong>quas</strong></span> <span class='ocrx_word' id='word_1_98' title='bbox 1446 1511 1474 1570; x_wconf 84' lang='lat' dir='ltr'><strong>al</strong></span> 
     </span>
     <span class='ocr_line' id='line_1_13' title="bbox 417 1609 1474 1688; baseline -0.003 -18"><span class='ocrx_word' id='word_1_99' title='bbox 417 1611 575 1670; x_wconf 90' lang='lat' dir='ltr'><strong>Paulinum</strong></span> <span class='ocrx_word' id='word_1_100' title='bbox 585 1611 701 1688; x_wconf 81' lang='lat' dir='ltr'><strong>scribit,</strong></span> <span class='ocrx_word' id='word_1_101' title='bbox 711 1611 750 1670; x_wconf 86' lang='lat' dir='ltr'><strong>ad</strong></span> <span class='ocrx_word' id='word_1_102' title='bbox 760 1625 861 1669; x_wconf 88' lang='lat' dir='ltr'><strong>sacrae</strong></span> <span class='ocrx_word' id='word_1_103' title='bbox 870 1609 1035 1686; x_wconf 77' lang='lat' dir='ltr'><strong>Scripturas</strong></span> <span class='ocrx_word' id='word_1_104' title='bbox 1045 1612 1240 1688; x_wconf 73' lang='lat' dir='ltr'><strong>cognitionem</strong></span> <span class='ocrx_word' id='word_1_105' title='bbox 1248 1609 1393 1686; x_wconf 82' lang='lat' dir='ltr'><strong>hortatus,</strong></span> <span class='ocrx_word' id='word_1_106' title='bbox 1406 1625 1474 1685; x_wconf 89' lang='lat' dir='ltr'><strong>quen</strong></span> 
     </span>
     <span class='ocr_line' id='line_1_14' title="bbox 414 1707 1473 1785; baseline -0.002 -17"><span class='ocrx_word' id='word_1_107' title='bbox 414 1709 489 1768; x_wconf 89' lang='lat' dir='ltr'><strong>mihi</strong></span> <span class='ocrx_word' id='word_1_108' title='bbox 499 1709 548 1768; x_wconf 91' lang='lat' dir='ltr'><strong>hic</strong></span> <span class='ocrx_word' id='word_1_109' title='bbox 560 1709 600 1768; x_wconf 88' lang='lat' dir='ltr'><strong>ob</strong></span> <span class='ocrx_word' id='word_1_110' title='bbox 614 1710 773 1785; x_wconf 85' lang='lat' dir='ltr'><strong>querndam</strong></span> <span class='ocrx_word' id='word_1_111' title='bbox 785 1711 890 1785; x_wconf 89' lang='lat' dir='ltr'><strong>prioris</strong></span> <span class='ocrx_word' id='word_1_112' title='bbox 901 1711 1071 1768; x_wconf 88' lang='lat' dir='ltr'><strong>varietatem</strong></span> <span class='ocrx_word' id='word_1_113' title='bbox 1085 1725 1221 1768; x_wconf 90' lang='lat' dir='ltr'><strong>enarrare</strong></span> <span class='ocrx_word' id='word_1_114' title='bbox 1231 1709 1337 1785; x_wconf 84' lang='lat' dir='ltr'><strong>placet:</strong></span> <span class='ocrx_word' id='word_1_115' title='bbox 1351 1707 1473 1766; x_wconf 74' lang='lat' dir='ltr'><strong>«Primum</strong></span> 
     </span>
     <span class='ocr_line' id='line_1_15' title="bbox 417 1804 1473 1885; baseline -0.002 -21"><span class='ocrx_word' id='word_1_116' title='bbox 417 1807 516 1866; x_wconf 92' lang='lat' dir='ltr'><strong>locum</strong></span> <span class='ocrx_word' id='word_1_117' title='bbox 530 1813 631 1866; x_wconf 76' lang='lat' dir='ltr'><strong>renem</strong></span> <span class='ocrx_word' id='word_1_118' title='bbox 651 1809 779 1883; x_wconf 79' lang='lat' dir='ltr'><strong>quinquie</strong></span> <span class='ocrx_word' id='word_1_119' title='bbox 799 1807 866 1866; x_wconf 83' lang='lat' dir='ltr'><strong>libri</strong></span> <span class='ocrx_word' id='word_1_120' title='bbox 886 1806 1000 1885; x_wconf 84' lang='lat' dir='ltr'><strong>Moysis</strong></span> <span class='ocrx_word' id='word_1_121' title='bbox 1014 1806 1062 1866; x_wconf 93' lang='lat' dir='ltr'><strong>vel</strong></span> <span class='ocrx_word' id='word_1_122' title='bbox 1077 1806 1303 1867; x_wconf 87' lang='lat' dir='ltr'><strong>Pentateuchus.</strong></span> <span class='ocrx_word' id='word_1_123' title='bbox 1325 1804 1425 1865; x_wconf 87' lang='lat' dir='ltr'><strong>Deinde</strong></span> <span class='ocrx_word' id='word_1_124' title='bbox 1440 1821 1473 1862; x_wconf 84' lang='lat' dir='ltr'><strong>se</strong></span> 
     </span>
     <span class='ocr_line' id='line_1_16' title="bbox 416 1903 1472 1982; baseline -0.004 -18"><span class='ocrx_word' id='word_1_125' title='bbox 416 1908 517 1982; x_wconf 92' lang='lat' dir='ltr'><strong>quitur</strong></span> <span class='ocrx_word' id='word_1_126' title='bbox 538 1903 594 1964; x_wconf 87' lang='lat' dir='ltr'><strong>Job</strong></span> <span class='ocrx_word' id='word_1_127' title='bbox 616 1905 771 1980; x_wconf 85' lang='lat' dir='ltr'><strong>patientiae</strong></span> <span class='ocrx_word' id='word_1_128' title='bbox 786 1905 953 1982; x_wconf 80' lang='lat' dir='ltr'><strong>exemplar,</strong></span> <span class='ocrx_word' id='word_1_129' title='bbox 974 1909 1005 1964; x_wconf 88' lang='lat' dir='ltr'><strong>et</strong></span> <span class='ocrx_word' id='word_1_130' title='bbox 1025 1906 1265 1964; x_wconf 75' lang='lat' dir='ltr'><strong>resurrectionem</strong></span> <span class='ocrx_word' id='word_1_131' title='bbox 1285 1905 1406 1981; x_wconf 86' lang='lat' dir='ltr'><strong>apertius</strong></span> <span class='ocrx_word' id='word_1_132' title='bbox 1423 1919 1472 1978; x_wconf 85' lang='lat' dir='ltr'><strong>pro</strong></span> 
     </span>
     <span class='ocr_line' id='line_1_17' title="bbox 416 2001 1473 2080; baseline -0.005 -19"><span class='ocrx_word' id='word_1_133' title='bbox 416 2004 551 2079; x_wconf 86' lang='lat' dir='ltr'><strong>phetans.</strong></span> <span class='ocrx_word' id='word_1_134' title='bbox 575 2002 711 2078; x_wconf 81' lang='lat' dir='ltr'><strong>Sequitur</strong></span> <span class='ocrx_word' id='word_1_135' title='bbox 730 2002 814 2062; x_wconf 77' lang='lat' dir='ltr'><strong>lesus</strong></span> <span class='ocrx_word' id='word_1_136' title='bbox 829 2003 915 2062; x_wconf 88' lang='lat' dir='ltr'><strong>Nave</strong></span> <span class='ocrx_word' id='word_1_137' title='bbox 927 2002 1036 2063; x_wconf 80' lang='lat' dir='ltr'><strong>Christi</strong></span> <span class='ocrx_word' id='word_1_138' title='bbox 1051 2002 1168 2061; x_wconf 88' lang='lat' dir='ltr'><strong>Domini</strong></span> <span class='ocrx_word' id='word_1_139' title='bbox 1182 2008 1289 2080; x_wconf 82' lang='lat' dir='ltr'><strong>typus,</strong></span> <span class='ocrx_word' id='word_1_140' title='bbox 1304 2001 1343 2060; x_wconf 87' lang='lat' dir='ltr'><strong>ad</strong></span> <span class='ocrx_word' id='word_1_141' title='bbox 1354 2016 1430 2077; x_wconf 88' lang='lat' dir='ltr'><strong>quem</strong></span> <span class='ocrx_word' id='word_1_142' title='bbox 1440 2015 1473 2058; x_wconf 85' lang='lat' dir='ltr'><strong>ac</strong></span> 
     </span>
     <span class='ocr_line' id='line_1_18' title="bbox 415 2097 1471 2178; baseline -0.005 -16"><span class='ocrx_word' id='word_1_143' title='bbox 415 2104 494 2162; x_wconf 90' lang='lat' dir='ltr'><strong>cedit</strong></span> <span class='ocrx_word' id='word_1_144' title='bbox 513 2101 650 2161; x_wconf 78' lang='lat' dir='ltr'><strong>ludierm</strong></span> <span class='ocrx_word' id='word_1_145' title='bbox 668 2098 757 2178; x_wconf 88' lang='lat' dir='ltr'><strong>liber,</strong></span> <span class='ocrx_word' id='word_1_146' title='bbox 772 2107 802 2160; x_wconf 89' lang='lat' dir='ltr'><strong>et</strong></span> <span class='ocrx_word' id='word_1_147' title='bbox 818 2100 910 2160; x_wconf 79' lang='lat' dir='ltr'><strong>Rutu.</strong></span> <span class='ocrx_word' id='word_1_148' title='bbox 929 2099 1328 2176; x_wconf 61' lang='lat' dir='ltr'><strong>recommemorata,</strong></span> <span class='ocrx_word' id='word_1_149' title='bbox 1343 2097 1471 2158; x_wconf 85' lang='lat' dir='ltr'><strong>Melauhin</strong></span> 
     </span>
     <span class='ocr_line' id='line_1_19' title="bbox 416 2197 1471 2276; baseline -0.009 -14"><span class='ocrx_word' id='word_1_150' title='bbox 416 2217 469 2262; x_wconf 88' lang='lat' dir='ltr'><strong>seu</strong></span> <span class='ocrx_word' id='word_1_151' title='bbox 486 2200 592 2276; x_wconf 70' lang='lat' dir='ltr'><strong>Reges</strong></span> <span class='ocrx_word' id='word_1_152' title='bbox 615 2201 671 2258; x_wconf 84' lang='lat' dir='ltr'><strong>llis</strong></span> <span class='ocrx_word' id='word_1_153' title='bbox 692 2199 839 2258; x_wconf 84' lang='lat' dir='ltr'><strong>adduntur</strong></span> <span class='ocrx_word' id='word_1_154' title='bbox 862 2199 1015 2258; x_wconf 70' lang='lat' dir='ltr'><strong>duodmim</strong></span> <span class='ocrx_word' id='word_1_155' title='bbox 1033 2198 1196 2274; x_wconf 87' lang='lat' dir='ltr'><strong>Prophetae</strong></span> <span class='ocrx_word' id='word_1_156' title='bbox 1214 2201 1247 2258; x_wconf 86' lang='lat' dir='ltr'><strong>iu</strong></span> <span class='ocrx_word' id='word_1_157' title='bbox 1274 2214 1333 2258; x_wconf 91' lang='lat' dir='ltr'><strong>uno</strong></span> <span class='ocrx_word' id='word_1_158' title='bbox 1352 2197 1471 2256; x_wconf 82' lang='lat' dir='ltr'><strong>volumine</strong></span> 
     </span>
     <span class='ocr_line' id='line_1_20' title="bbox 416 2293 1469 2373; baseline -0.009 -15"><span class='ocrx_word' id='word_1_159' title='bbox 416 2299 558 2358; x_wconf 89' lang='lat' dir='ltr'><strong>coarctati</strong></span> <span class='ocrx_word' id='word_1_160' title='bbox 571 2314 583 2372; x_wconf 70' lang='grc' dir='ltr'><strong><em>ς</em></strong></span> <span class='ocrx_word' id='word_1_161' title='bbox 594 2297 697 2372; x_wconf 79' lang='lat' dir='ltr'><strong>butes,</strong></span> <span class='ocrx_word' id='word_1_162' title='bbox 710 2297 882 2371; x_wconf 82' lang='lat' dir='ltr'><strong>Hieremias,</strong></span> <span class='ocrx_word' id='word_1_163' title='bbox 896 2295 1027 2355; x_wconf 78' lang='lat' dir='ltr'><strong>Ezechiel</strong></span> <span class='ocrx_word' id='word_1_164' title='bbox 1040 2303 1069 2355; x_wconf 89' lang='lat' dir='ltr'><strong>et</strong></span> <span class='ocrx_word' id='word_1_165' title='bbox 1076 2295 1178 2357; x_wconf 88' lang='lat' dir='ltr'><strong>Daniel</strong></span> <span class='ocrx_word' id='word_1_166' title='bbox 1188 2303 1256 2373; x_wconf 87' lang='lat' dir='ltr'><strong>post</strong></span> <span class='ocrx_word' id='word_1_167' title='bbox 1265 2299 1336 2356; x_wconf 89' lang='lat' dir='ltr'><strong>istos</strong></span> <span class='ocrx_word' id='word_1_168' title='bbox 1345 2293 1469 2372; x_wconf 85' lang='lat' dir='ltr'><strong>prodeunt.</strong></span> 
     </span>
     <span class='ocr_line' id='line_1_21' title="bbox 420 2394 1471 2471; baseline -0.009 -16"><span class='ocrx_word' id='word_1_169' title='bbox 420 2396 559 2455; x_wconf 89' lang='lat' dir='ltr'><strong>Salomon</strong></span> <span class='ocrx_word' id='word_1_170' title='bbox 571 2399 667 2452; x_wconf 88' lang='lat' dir='ltr'><strong>autem</strong></span> <span class='ocrx_word' id='word_1_171' title='bbox 685 2409 781 2452; x_wconf 77' lang='lat' dir='ltr'><strong>mores</strong></span> <span class='ocrx_word' id='word_1_172' title='bbox 794 2395 929 2470; x_wconf 85' lang='lat' dir='ltr'><strong>corrigit,</strong></span> <span class='ocrx_word' id='word_1_173' title='bbox 943 2394 1102 2452; x_wconf 86' lang='lat' dir='ltr'><strong>Ecclesiam</strong></span> <span class='ocrx_word' id='word_1_174' title='bbox 1107 2395 1207 2471; x_wconf 85' lang='lat' dir='ltr'><strong>jungit</strong></span> <span class='ocrx_word' id='word_1_175' title='bbox 1219 2399 1250 2452; x_wconf 90' lang='lat' dir='ltr'><strong>et</strong></span> <span class='ocrx_word' id='word_1_176' title='bbox 1259 2394 1410 2466; x_wconf 83' lang='lat' dir='ltr'><strong>Christum,</strong></span> <span class='ocrx_word' id='word_1_177' title='bbox 1422 2404 1471 2446; x_wconf 87' lang='lat' dir='ltr'><strong>sau·</strong></span> 
     </span>
     <span class='ocr_line' id='line_1_22' title="bbox 418 2485 1471 2568; baseline -0.008 -17"><span class='ocrx_word' id='word_1_178' title='bbox 418 2500 590 2568; x_wconf 86' lang='lat' dir='ltr'><strong>ctarumque</strong></span> <span class='ocrx_word' id='word_1_179' title='bbox 600 2493 769 2566; x_wconf 84' lang='lat' dir='ltr'><strong>nuptiarum</strong></span> <span class='ocrx_word' id='word_1_180' title='bbox 785 2491 870 2550; x_wconf 81' lang='lat' dir='ltr'><strong>dulce</strong></span> <span class='ocrx_word' id='word_1_181' title='bbox 882 2493 961 2550; x_wconf 85' lang='lat' dir='ltr'><strong>canit</strong></span> <span class='ocrx_word' id='word_1_182' title='bbox 977 2491 1207 2567; x_wconf 83' lang='lat' dir='ltr'><strong>epithalamium.</strong></span> <span class='ocrx_word' id='word_1_183' title='bbox 1223 2491 1296 2550; x_wconf 86' lang='lat' dir='ltr'><strong>Poet</strong></span> <span class='ocrx_word' id='word_1_184' title='bbox 1308 2489 1383 2550; x_wconf 88' lang='lat' dir='ltr'><strong>hune</strong></span> <span class='ocrx_word' id='word_1_185' title='bbox 1392 2485 1471 2546; x_wconf 80' lang='lat' dir='ltr'><strong>Esther</strong></span> 
     </span>
     <span class='ocr_line' id='line_1_23' title="bbox 417 2585 1471 2666; baseline -0.006 -17"><span class='ocrx_word' id='word_1_186' title='bbox 417 2593 450 2648; x_wconf 91' lang='lat' dir='ltr'><strong>in</strong></span> <span class='ocrx_word' id='word_1_187' title='bbox 464 2590 618 2649; x_wconf 85' lang='lat' dir='ltr'><strong>Ecclesiae</strong></span> <span class='ocrx_word' id='word_1_188' title='bbox 627 2595 699 2666; x_wconf 90' lang='lat' dir='ltr'><strong>typo</strong></span> <span class='ocrx_word' id='word_1_189' title='bbox 714 2589 854 2664; x_wconf 92' lang='lat' dir='ltr'><strong>populum</strong></span> <span class='ocrx_word' id='word_1_190' title='bbox 865 2587 969 2648; x_wconf 89' lang='lat' dir='ltr'><strong>liberat</strong></span> <span class='ocrx_word' id='word_1_191' title='bbox 986 2591 1158 2666; x_wconf 70' lang='lat' dir='ltr'><strong>epericuloq</strong></span> <span class='ocrx_word' id='word_1_192' title='bbox 1173 2591 1407 2666; x_wconf 86' lang='lat' dir='ltr'><strong>Paralipomenon</strong></span> <span class='ocrx_word' id='word_1_193' title='bbox 1418 2585 1471 2644; x_wconf 83' lang='lat' dir='ltr'><strong>liber</strong></span> 
     </span>
     <span class='ocr_line' id='line_1_24' title="bbox 417 2685 1471 2764; baseline -0.009 -15"><span class='ocrx_word' id='word_1_194' title='bbox 417 2688 620 2764; x_wconf 81' lang='lat' dir='ltr'><strong>subjungitur,</strong></span> <span class='ocrx_word' id='word_1_195' title='bbox 642 2688 718 2749; x_wconf 86' lang='lat' dir='ltr'><strong>idest</strong></span> <span class='ocrx_word' id='word_1_196' title='bbox 732 2689 838 2746; x_wconf 89' lang='lat' dir='ltr'><strong>veteris</strong></span> <span class='ocrx_word' id='word_1_197' title='bbox 855 2689 1040 2748; x_wconf 75' lang='lat' dir='ltr'><strong>insbnmenti</strong></span> <span class='ocrx_word' id='word_1_198' title='bbox 1057 2691 1190 2764; x_wconf 86' lang='lat' dir='ltr'><strong>epitome.</strong></span> <span class='ocrx_word' id='word_1_199' title='bbox 1212 2689 1328 2748; x_wconf 82' lang='lat' dir='ltr'><strong>Esdras</strong></span> <span class='ocrx_word' id='word_1_200' title='bbox 1341 2685 1471 2746; x_wconf 72' lang='lat' dir='ltr'><strong>mdemet</strong></span> 
     </span>
     <span class='ocr_line' id='line_1_25' title="bbox 419 2786 1015 2861; baseline 0 -17"><span class='ocrx_word' id='word_1_201' title='bbox 419 2786 555 2844; x_wconf 88' lang='lat' dir='ltr'><strong>Neemias</strong></span> <span class='ocrx_word' id='word_1_202' title='bbox 570 2787 707 2844; x_wconf 81' lang='lat' dir='ltr'><strong>ulunmm</strong></span> <span class='ocrx_word' id='word_1_203' title='bbox 726 2787 823 2844; x_wconf 90' lang='lat' dir='ltr'><strong>locum</strong></span> <span class='ocrx_word' id='word_1_204' title='bbox 843 2792 1015 2861; x_wconf 75' lang='lat' dir='ltr'><strong>occupant.»</strong></span> 
     </span>
    </p>

    <p class='ocr_par' dir='ltr' id='par_1_4' title="bbox 418 2881 1472 3546">
     <span class='ocr_line' id='line_1_26' title="bbox 458 2881 1470 2962; baseline -0.011 -18"><span class='ocrx_word' id='word_1_205' title='bbox 458 2885 495 2944; x_wconf 91' lang='lat' dir='ltr'><strong>lu</strong></span> <span class='ocrx_word' id='word_1_206' title='bbox 508 2883 689 2959; x_wconf 84' lang='lat' dir='ltr'><strong>praefatione</strong></span> <span class='ocrx_word' id='word_1_207' title='bbox 707 2881 870 2942; x_wconf 90' lang='lat' dir='ltr'><strong>Salomonis</strong></span> <span class='ocrx_word' id='word_1_208' title='bbox 886 2883 1045 2960; x_wconf 86' lang='lat' dir='ltr'><strong>librorum,</strong></span> <span class='ocrx_word' id='word_1_209' title='bbox 1116 2891 1217 2962; x_wconf 82' lang='lat' dir='ltr'><strong>tquarn</strong></span> <span class='ocrx_word' id='word_1_210' title='bbox 1234 2885 1273 2945; x_wconf 89' lang='lat' dir='ltr'><strong>de</strong></span> <span class='ocrx_word' id='word_1_211' title='bbox 1287 2885 1363 2944; x_wconf 87' lang='lat' dir='ltr'><strong>illius</strong></span> <span class='ocrx_word' id='word_1_212' title='bbox 1374 2881 1470 2940; x_wconf 85' lang='lat' dir='ltr'><strong>Prorer·</strong></span> 
     </span>
     <span class='ocr_line' id='line_1_27' title="bbox 419 2975 1470 3056; baseline 0.004 -16"><span class='ocrx_word' id='word_1_213' title='bbox 419 2983 536 3040; x_wconf 89' lang='lat' dir='ltr'><strong>biorum</strong></span> <span class='ocrx_word' id='word_1_214' title='bbox 548 2980 635 3056; x_wconf 90' lang='lat' dir='ltr'><strong>libro,</strong></span> <span class='ocrx_word' id='word_1_215' title='bbox 655 2981 692 3040; x_wconf 88' lang='lat' dir='ltr'><strong>de</strong></span> <span class='ocrx_word' id='word_1_216' title='bbox 708 2982 880 3041; x_wconf 82' lang='lat' dir='ltr'><strong>Ecclesiaste</strong></span> <span class='ocrx_word' id='word_1_217' title='bbox 902 2996 937 3040; x_wconf 89' lang='lat' dir='ltr'><strong>ae</strong></span> <span class='ocrx_word' id='word_1_218' title='bbox 956 2983 993 3041; x_wconf 89' lang='lat' dir='ltr'><strong>de</strong></span> <span class='ocrx_word' id='word_1_219' title='bbox 1010 2981 1128 3042; x_wconf 82' lang='lat' dir='ltr'><strong>Cautico</strong></span> <span class='ocrx_word' id='word_1_220' title='bbox 1149 2983 1335 3043; x_wconf 75' lang='lat' dir='ltr'><strong>canticorum</strong></span> <span class='ocrx_word' id='word_1_221' title='bbox 1353 2975 1470 3044; x_wconf 69' lang='lat' dir='ltr'><strong>dboerffib</strong></span> 
     </span>
     <span class='ocr_line' id='line_1_28' title="bbox 420 3073 1471 3140; baseline -0.009 -2"><span class='ocrx_word' id='word_1_222' title='bbox 420 3079 520 3138; x_wconf 82' lang='lat' dir='ltr'><strong>addit:</strong></span> <span class='ocrx_word' id='word_1_223' title='bbox 537 3079 664 3138; x_wconf 66' lang='lat' dir='ltr'><strong>«Fertur</strong></span> <span class='ocrx_word' id='word_1_224' title='bbox 685 3085 715 3139; x_wconf 89' lang='lat' dir='ltr'><strong>et</strong></span> <span class='ocrx_word' id='word_1_225' title='bbox 738 3079 914 3140; x_wconf 88' lang='lat' dir='ltr'><strong>Pauaeretos</strong></span> <span class='ocrx_word' id='word_1_226' title='bbox 926 3079 996 3140; x_wconf 75' lang='lat' dir='ltr'><strong>lesu</strong></span> <span class='ocrx_word' id='word_1_227' title='bbox 1009 3080 1063 3139; x_wconf 84' lang='lat' dir='ltr'><strong>tilii</strong></span> <span class='ocrx_word' id='word_1_228' title='bbox 1075 3080 1177 3140; x_wconf 85' lang='lat' dir='ltr'><strong>Siraoh</strong></span> <span class='ocrx_word' id='word_1_229' title='bbox 1190 3081 1264 3140; x_wconf 92' lang='lat' dir='ltr'><strong>liber</strong></span> <span class='ocrx_word' id='word_1_230' title='bbox 1285 3087 1315 3139; x_wconf 92' lang='lat' dir='ltr'><strong>et</strong></span> <span class='ocrx_word' id='word_1_231' title='bbox 1327 3073 1471 3138; x_wconf 86' lang='lat' dir='ltr'><strong>eliusPseu·</strong></span> 
     </span>
     <span class='ocr_line' id='line_1_29' title="bbox 418 3169 1469 3255; baseline -0.002 -19"><span class='ocrx_word' id='word_1_232' title='bbox 418 3176 631 3254; x_wconf 83' lang='lat' dir='ltr'><strong>depigruphus,</strong></span> <span class='ocrx_word' id='word_1_233' title='bbox 652 3180 704 3253; x_wconf 91' lang='lat' dir='ltr'><strong>qui</strong></span> <span class='ocrx_word' id='word_1_234' title='bbox 724 3176 871 3254; x_wconf 86' lang='lat' dir='ltr'><strong>Sapientia</strong></span> <span class='ocrx_word' id='word_1_235' title='bbox 887 3176 1050 3238; x_wconf 88' lang='lat' dir='ltr'><strong>Salomonis</strong></span> <span class='ocrx_word' id='word_1_236' title='bbox 1067 3178 1249 3254; x_wconf 72' lang='lat' dir='ltr'><strong>inscribitur,</strong></span> <span class='ocrx_word' id='word_1_237' title='bbox 1274 3190 1392 3255; x_wconf 87' lang='lat' dir='ltr'><strong>quorum</strong></span> <span class='ocrx_word' id='word_1_238' title='bbox 1413 3169 1469 3245; x_wconf 72' lang='lat' dir='ltr'><strong>tiit</strong></span> 
     </span>
     <span class='ocr_line' id='line_1_30' title="bbox 422 3261 1471 3354; baseline -0.003 -20"><span class='ocrx_word' id='word_1_239' title='bbox 422 3291 486 3334; x_wconf 89' lang='lat' dir='ltr'><strong>rem</strong></span> <span class='ocrx_word' id='word_1_240' title='bbox 505 3274 674 3335; x_wconf 90' lang='lat' dir='ltr'><strong>hebraicum</strong></span> <span class='ocrx_word' id='word_1_241' title='bbox 693 3279 792 3354; x_wconf 82' lang='lat' dir='ltr'><strong>reperi.</strong></span> <span class='ocrx_word' id='word_1_242' title='bbox 812 3293 872 3334; x_wconf 91' lang='lat' dir='ltr'><strong>non</strong></span> <span class='ocrx_word' id='word_1_243' title='bbox 895 3277 1145 3352; x_wconf 86' lang='lat' dir='ltr'><strong>Ecclesiastioum,</strong></span> <span class='ocrx_word' id='word_1_244' title='bbox 1164 3283 1200 3335; x_wconf 90' lang='lat' dir='ltr'><strong>ut</strong></span> <span class='ocrx_word' id='word_1_245' title='bbox 1215 3276 1297 3353; x_wconf 84' lang='lat' dir='ltr'><strong>apurl&#39;</strong></span> <span class='ocrx_word' id='word_1_246' title='bbox 1313 3275 1424 3342; x_wconf 86' lang='lat' dir='ltr'><strong>latinos,</strong></span> <span class='ocrx_word' id='word_1_247' title='bbox 1435 3261 1471 3322; x_wconf 68' lang='lat' dir='ltr'><strong>§td</strong></span> 
     </span>
     <span class='ocr_line' id='line_1_31' title="bbox 418 3367 1471 3450; baseline -0.004 -18"><span class='ocrx_word' id='word_1_248' title='bbox 418 3373 579 3432; x_wconf 86' lang='lat' dir='ltr'><strong>Parabolos</strong></span> <span class='ocrx_word' id='word_1_249' title='bbox 593 3379 814 3450; x_wconf 87' lang='lat' dir='ltr'><strong>praenotatum,</strong></span> <span class='ocrx_word' id='word_1_250' title='bbox 833 3376 883 3432; x_wconf 90' lang='lat' dir='ltr'><strong>eui</strong></span> <span class='ocrx_word' id='word_1_251' title='bbox 896 3375 990 3450; x_wconf 87' lang='lat' dir='ltr'><strong>juncti</strong></span> <span class='ocrx_word' id='word_1_252' title='bbox 1008 3379 1092 3432; x_wconf 79' lang='lat' dir='ltr'><strong>eram</strong></span> <span class='ocrx_word' id='word_1_253' title='bbox 1108 3373 1296 3433; x_wconf 57' lang='lat' dir='ltr'><strong>Ecclesiaste</strong></span> <span class='ocrx_word' id='word_1_254' title='bbox 1308 3377 1337 3431; x_wconf 90' lang='lat' dir='ltr'><strong>et</strong></span> <span class='ocrx_word' id='word_1_255' title='bbox 1349 3367 1471 3428; x_wconf 72' lang='lat' dir='ltr'><strong>Capacum</strong></span> 
     </span>
     <span class='ocr_line' id='line_1_32' title="bbox 421 3470 1472 3546; baseline -0.007 -16"><span class='ocrx_word' id='word_1_256' title='bbox 421 3471 623 3546; x_wconf 82' lang='lat' dir='ltr'><strong>Cautieorum3</strong></span> <span class='ocrx_word' id='word_1_257' title='bbox 648 3476 682 3529; x_wconf 90' lang='lat' dir='ltr'><strong>ut</strong></span> <span class='ocrx_word' id='word_1_258' title='bbox 695 3471 918 3532; x_wconf 86' lang='lat' dir='ltr'><strong>similitudinem</strong></span> <span class='ocrx_word' id='word_1_259' title='bbox 932 3471 1094 3530; x_wconf 85' lang='lat' dir='ltr'><strong>Salomonis</strong></span> <span class='ocrx_word' id='word_1_260' title='bbox 1112 3488 1173 3530; x_wconf 91' lang='lat' dir='ltr'><strong>non</strong></span> <span class='ocrx_word' id='word_1_261' title='bbox 1184 3473 1283 3531; x_wconf 89' lang='lat' dir='ltr'><strong>solum</strong></span> <span class='ocrx_word' id='word_1_262' title='bbox 1294 3470 1472 3530; x_wconf 77' lang='lat' dir='ltr'><strong>libramenti·</strong></span> 
     </span>
    </p>
   </div>
   <div class='ocr_carea' id='block_1_2' title="bbox 320 3551 1472 3646">
    <p class='ocr_par' dir='ltr' id='par_1_5' title="bbox 320 3551 1472 3646">
     <span class='ocr_line' id='line_1_33' title="bbox 320 3551 1472 3646; baseline 0.001 -16"><span class='ocrx_word' id='word_1_263' title='bbox 320 3621 323 3630; x_wconf 89' lang='lat'>.</span> <span class='ocrx_word' id='word_1_264' title='bbox 420 3585 518 3644; x_wconf 90' lang='lat' dir='ltr'><strong>mero,</strong></span> <span class='ocrx_word' id='word_1_265' title='bbox 539 3569 592 3628; x_wconf 89' lang='lat' dir='ltr'><strong>sed</strong></span> <span class='ocrx_word' id='word_1_266' title='bbox 611 3571 699 3627; x_wconf 89' lang='lat' dir='ltr'><strong>etiam</strong></span> <span class='ocrx_word' id='word_1_267' title='bbox 720 3571 910 3628; x_wconf 85' lang='lat' dir='ltr'><strong>materiarum</strong></span> <span class='ocrx_word' id='word_1_268' title='bbox 923 3584 1027 3646; x_wconf 85' lang='lat' dir='ltr'><strong>genere</strong></span> <span class='ocrx_word' id='word_1_269' title='bbox 1044 3575 1226 3646; x_wconf 84' lang='lat' dir='ltr'><strong>coaequaret.</strong></span> <span class='ocrx_word' id='word_1_270' title='bbox 1242 3566 1401 3630; x_wconf 87' lang='lat' dir='ltr'><strong>Secundum</strong></span> <span class='ocrx_word' id='word_1_271' title='bbox 1415 3551 1472 3631; x_wconf 69' lang='lat' dir='ltr'><strong>apul</strong></span> 
     </span>
    </p>
   </div>
   <div class='ocr_carea' id='block_1_3' title="bbox 418 3655 1472 3840">
    <p class='ocr_par' dir='ltr' id='par_1_6' title="bbox 418 3655 1472 3840">
     <span class='ocr_line' id='line_1_34' title="bbox 418 3655 1472 3744; baseline -0.006 -20"><span class='ocrx_word' id='word_1_272' title='bbox 418 3666 565 3726; x_wconf 81' lang='lat' dir='ltr'><strong>hebraeos</strong></span> <span class='ocrx_word' id='word_1_273' title='bbox 582 3683 734 3744; x_wconf 90' lang='lat' dir='ltr'><strong>nunquam</strong></span> <span class='ocrx_word' id='word_1_274' title='bbox 752 3674 814 3742; x_wconf 87' lang='lat' dir='ltr'><strong>est,</strong></span> <span class='ocrx_word' id='word_1_275' title='bbox 833 3669 905 3742; x_wconf 80' lang='lat' dir='ltr'><strong>quin</strong></span> <span class='ocrx_word' id='word_1_276' title='bbox 924 3673 954 3725; x_wconf 90' lang='lat' dir='ltr'><strong>et</strong></span> <span class='ocrx_word' id='word_1_277' title='bbox 967 3667 1135 3744; x_wconf 86' lang='lat' dir='ltr'><strong>lpsestylus</strong></span> <span class='ocrx_word' id='word_1_278' title='bbox 1153 3683 1288 3744; x_wconf 87' lang='lat' dir='ltr'><strong>graecam</strong></span> <span class='ocrx_word' id='word_1_279' title='bbox 1309 3655 1472 3738; x_wconf 75' lang='lat' dir='ltr'><strong>coquentem</strong></span> 
     </span>
     <span class='ocr_line' id='line_1_35' title="bbox 421 3748 1470 3840; baseline -0.01 -15"><span class='ocrx_word' id='word_1_280' title='bbox 421 3763 547 3840; x_wconf 67' lang='lat' dir='ltr'><strong>rfflolet3</strong></span> <span class='ocrx_word' id='word_1_281' title='bbox 557 3771 586 3824; x_wconf 91' lang='lat' dir='ltr'><strong>et</strong></span> <span class='ocrx_word' id='word_1_282' title='bbox 599 3765 732 3824; x_wconf 83' lang='lat' dir='ltr'><strong>nonnufli</strong></span> <span class='ocrx_word' id='word_1_283' title='bbox 749 3767 923 3840; x_wconf 87' lang='lat' dir='ltr'><strong>scriptorum</strong></span> <span class='ocrx_word' id='word_1_284' title='bbox 936 3770 1070 3824; x_wconf 89' lang='lat' dir='ltr'><strong>veterum</strong></span> <span class='ocrx_word' id='word_1_285' title='bbox 1083 3764 1161 3825; x_wconf 90' lang='lat' dir='ltr'><strong>hune</strong></span> <span class='ocrx_word' id='word_1_286' title='bbox 1173 3782 1239 3824; x_wconf 79' lang='lat' dir='ltr'><strong>esse</strong></span> <span class='ocrx_word' id='word_1_287' title='bbox 1251 3763 1353 3824; x_wconf 67' lang='lat' dir='ltr'><strong>iudae</strong></span> <span class='ocrx_word' id='word_1_288' title='bbox 1365 3748 1470 3816; x_wconf 76' lang='lat' dir='ltr'><strong>philonis</strong></span> 
     </span>
    </p>
   </div>
   <div class='ocr_carea' id='block_1_4' title="bbox 332 3848 1472 4429">
    <p class='ocr_par' dir='ltr' id='par_1_7' title="bbox 332 3848 1472 4429">
     <span class='ocr_line' id='line_1_36' title="bbox 424 3848 1472 3940; baseline 0 -20"><span class='ocrx_word' id='word_1_289' title='bbox 424 3861 585 3920; x_wconf 79' lang='lat' dir='ltr'><strong>affirmem.</strong></span> <span class='ocrx_word' id='word_1_290' title='bbox 601 3862 682 3922; x_wconf 90' lang='lat' dir='ltr'><strong>Siout</strong></span> <span class='ocrx_word' id='word_1_291' title='bbox 694 3879 763 3940; x_wconf 83' lang='lat' dir='ltr'><strong>ergo</strong></span> <span class='ocrx_word' id='word_1_292' title='bbox 775 3862 879 3922; x_wconf 75' lang='lat' dir='ltr'><strong>iudith</strong></span> <span class='ocrx_word' id='word_1_293' title='bbox 892 3906 901 3940; x_wconf 95' lang='lat'><strong>,</strong></span> <span class='ocrx_word' id='word_1_294' title='bbox 916 3867 946 3922; x_wconf 89' lang='lat' dir='ltr'><strong>et</strong></span> <span class='ocrx_word' id='word_1_295' title='bbox 959 3863 1089 3940; x_wconf 87' lang='lat' dir='ltr'><strong>Tobiae,</strong></span> <span class='ocrx_word' id='word_1_296' title='bbox 1115 3869 1145 3922; x_wconf 88' lang='lat' dir='ltr'><strong>ct</strong></span> <span class='ocrx_word' id='word_1_297' title='bbox 1157 3862 1395 3923; x_wconf 81' lang='lat' dir='ltr'><strong>Mechabaeorum</strong></span> <span class='ocrx_word' id='word_1_298' title='bbox 1404 3848 1472 3908; x_wconf 83' lang='lat' dir='ltr'><strong>libros</strong></span> 
     </span>
     <span class='ocr_line' id='line_1_37' title="bbox 424 3942 1471 4037; baseline 0.002 -19"><span class='ocrx_word' id='word_1_299' title='bbox 424 3962 497 4037; x_wconf 87' lang='lat' dir='ltr'><strong>legit</strong></span> <span class='ocrx_word' id='word_1_300' title='bbox 509 3961 627 4036; x_wconf 87' lang='lat' dir='ltr'><strong>quidem</strong></span> <span class='ocrx_word' id='word_1_301' title='bbox 637 3961 767 4020; x_wconf 88' lang='lat' dir='ltr'><strong>Ecclesia</strong></span> <span class='ocrx_word' id='word_1_302' title='bbox 779 4003 788 4036; x_wconf 90' lang='lat'><strong>‚</strong></span> <span class='ocrx_word' id='word_1_303' title='bbox 800 3961 852 4020; x_wconf 87' lang='lat' dir='ltr'><strong>sed</strong></span> <span class='ocrx_word' id='word_1_304' title='bbox 865 3977 914 4020; x_wconf 88' lang='lat' dir='ltr'><strong>eos</strong></span> <span class='ocrx_word' id='word_1_305' title='bbox 923 3964 998 4022; x_wconf 91' lang='lat' dir='ltr'><strong>iuter</strong></span> <span class='ocrx_word' id='word_1_306' title='bbox 1012 3961 1172 4021; x_wconf 79' lang='lat' dir='ltr'><strong>canonicas</strong></span> <span class='ocrx_word' id='word_1_307' title='bbox 1185 3961 1346 4036; x_wconf 78' lang='lat' dir='ltr'><strong>Scripturas</strong></span> <span class='ocrx_word' id='word_1_308' title='bbox 1357 3965 1410 4012; x_wconf 73' lang='lat' dir='ltr'><strong>11⁰ss</strong></span> <span class='ocrx_word' id='word_1_309' title='bbox 1417 3942 1471 4002; x_wconf 83' lang='lat' dir='ltr'><strong>reti·</strong></span> 
     </span>
     <span class='ocr_line' id='line_1_38' title="bbox 422 4033 1472 4146; baseline -0.018 -30"><span class='ocrx_word' id='word_1_310' title='bbox 422 4061 478 4135; x_wconf 79' lang='lat' dir='ltr'><strong>pit3</strong></span> <span class='ocrx_word' id='word_1_311' title='bbox 493 4060 536 4117; x_wconf 92' lang='lat' dir='ltr'><strong>sic</strong></span> <span class='ocrx_word' id='word_1_312' title='bbox 548 4064 577 4116; x_wconf 90' lang='lat' dir='ltr'><strong>et</strong></span> <span class='ocrx_word' id='word_1_313' title='bbox 586 4058 659 4118; x_wconf 88' lang='lat' dir='ltr'><strong>haee</strong></span> <span class='ocrx_word' id='word_1_314' title='bbox 667 4059 726 4118; x_wconf 80' lang='lat' dir='ltr'><strong>duo</strong></span> <span class='ocrx_word' id='word_1_315' title='bbox 736 4059 887 4120; x_wconf 78' lang='lat' dir='ltr'><strong>volumina</strong></span> <span class='ocrx_word' id='word_1_316' title='bbox 895 4058 974 4136; x_wconf 87' lang='lat' dir='ltr'><strong>legat</strong></span> <span class='ocrx_word' id='word_1_317' title='bbox 987 4059 1025 4118; x_wconf 84' lang='lat' dir='ltr'><strong>ad</strong></span> <span class='ocrx_word' id='word_1_318' title='bbox 1034 4059 1262 4118; x_wconf 84' lang='lat' dir='ltr'><strong>aedificationem</strong></span> <span class='ocrx_word' id='word_1_319' title='bbox 1274 4055 1373 4134; x_wconf 67' lang='lat' dir='ltr'><strong>plebia</strong></span> <span class='ocrx_word' id='word_1_320' title='bbox 1389 4033 1472 4146; x_wconf 67' lang='lat' dir='ltr'><strong>nonai</strong></span> 
     </span>
     <span class='ocr_line' id='line_1_39' title="bbox 332 4134 1472 4240; baseline -0.002 -24"><span class='ocrx_word' id='word_1_321' title='bbox 332 4233 334 4240; x_wconf 16' lang='grc' dir='ltr'><strong><em>γ</em></strong></span> <span class='ocrx_word' id='word_1_322' title='bbox 422 4159 625 4216; x_wconf 71' lang='lat' dir='ltr'><strong>anaoritatem</strong></span> <span class='ocrx_word' id='word_1_323' title='bbox 641 4157 900 4216; x_wconf 85' lang='lat' dir='ltr'><strong>ecclesiastieorum</strong></span> <span class='ocrx_word' id='word_1_324' title='bbox 918 4158 1087 4233; x_wconf 84' lang='lat' dir='ltr'><strong>dogmatum</strong></span> <span class='ocrx_word' id='word_1_325' title='bbox 1104 4155 1342 4216; x_wconf 82' lang='lat' dir='ltr'><strong>confirmandam·</strong></span> <span class='ocrx_word' id='word_1_326' title='bbox 1368 4172 1380 4196; x_wconf 61' lang='grc' dir='ltr'><strong><em>ν</em></strong></span> <span class='ocrx_word' id='word_1_327' title='bbox 1405 4142 1433 4198; x_wconf 72' lang='lat'><strong>1¹¹</strong></span> <span class='ocrx_word' id='word_1_328' title='bbox 1448 4134 1472 4189; x_wconf 69' lang='lat'><strong>&#39;¹&#39;</strong></span> 
     </span>
     <span class='ocr_line' id='line_1_40' title="bbox 423 4240 1472 4329; baseline -0.008 -16"><span class='ocrx_word' id='word_1_329' title='bbox 423 4253 469 4313; x_wconf 92' lang='lat' dir='ltr'><strong>bri</strong></span> <span class='ocrx_word' id='word_1_330' title='bbox 489 4253 593 4313; x_wconf 84' lang='lat' dir='ltr'><strong>Esther</strong></span> <span class='ocrx_word' id='word_1_331' title='bbox 611 4253 809 4329; x_wconf 82' lang='lat' dir='ltr'><strong>praelatione,</strong></span> <span class='ocrx_word' id='word_1_332' title='bbox 831 4257 919 4314; x_wconf 90' lang='lat' dir='ltr'><strong>istum</strong></span> <span class='ocrx_word' id='word_1_333' title='bbox 938 4255 1009 4314; x_wconf 89' lang='lat' dir='ltr'><strong>dicit</strong></span> <span class='ocrx_word' id='word_1_334' title='bbox 1023 4256 1114 4314; x_wconf 83' lang='lat' dir='ltr'><strong>variis</strong></span> <span class='ocrx_word' id='word_1_335' title='bbox 1129 4253 1349 4314; x_wconf 78' lang='lat' dir='ltr'><strong>nrmlamritus</strong></span> <span class='ocrx_word' id='word_1_336' title='bbox 1363 4240 1472 4302; x_wconf 64' lang='lat' dir='ltr'><strong>vitiam</strong></span> 
     </span>
     <span class='ocr_line' id='line_1_41' title="bbox 423 4332 1471 4429; baseline -0.005 -18"><span class='ocrx_word' id='word_1_337' title='bbox 423 4368 496 4411; x_wconf 88' lang='lat' dir='ltr'><strong>esse:</strong></span> <span class='ocrx_word' id='word_1_338' title='bbox 513 4351 630 4424; x_wconf 77' lang='lat' dir='ltr'><strong>«Quem</strong></span> <span class='ocrx_word' id='word_1_339' title='bbox 639 4368 704 4429; x_wconf 84' lang='lat' dir='ltr'><strong>ego,</strong></span> <span class='ocrx_word' id='word_1_340' title='bbox 717 4355 769 4429; x_wconf 85' lang='lat' dir='ltr'><strong>ait,</strong></span> <span class='ocrx_word' id='word_1_341' title='bbox 780 4353 821 4412; x_wconf 88' lang='lat' dir='ltr'><strong>dc</strong></span> <span class='ocrx_word' id='word_1_342' title='bbox 828 4352 965 4414; x_wconf 89' lang='lat' dir='ltr'><strong>archiviis</strong></span> <span class='ocrx_word' id='word_1_343' title='bbox 976 4352 1165 4414; x_wconf 87' lang='lat' dir='ltr'><strong>hebraeorum</strong></span> <span class='ocrx_word' id='word_1_344' title='bbox 1179 4353 1321 4425; x_wconf 78' lang='lat' dir='ltr'><strong>revelans,</strong></span> <span class='ocrx_word' id='word_1_345' title='bbox 1331 4343 1366 4406; x_wconf 88' lang='lat' dir='ltr'><strong>ad</strong></span> <span class='ocrx_word' id='word_1_346' title='bbox 1376 4332 1471 4398; x_wconf 63' lang='lat' dir='ltr'><strong>vatum</strong></span> 
     </span>
    </p>
   </div>
   <div class='ocr_carea' id='block_1_5' title="bbox 0 0 1547 5180">
    <p class='ocr_par' dir='ltr' id='par_1_8' title="bbox 0 0 1547 5180">
     <span class='ocr_line' id='line_1_42' title="bbox 0 0 1547 5180; baseline 0 0"><span class='ocrx_word' id='word_1_347' title='bbox 0 0 1547 5180; x_wconf 95' lang='lat' dir='ltr'><strong> </strong></span> 
     </span>
    </p>
   </div>
  </div>
 </body>
</html>
