<?xml version="1.0" encoding="UTF-8"?>
<!DOCTYPE html PUBLIC "-//W3C//DTD XHTML 1.0 Transitional//EN"
    "http://www.w3.org/TR/xhtml1/DTD/xhtml1-transitional.dtd">
<html xmlns="http://www.w3.org/1999/xhtml" xml:lang="en" lang="en">
 <head>
  <title>
</title>
<meta http-equiv="Content-Type" content="text/html;charset=utf-8" />
  <meta name='ocr-system' content='tesseract 3.04.00' />
  <meta name='ocr-capabilities' content='ocr_page ocr_carea ocr_par ocr_line ocrx_word'/>
</head>
<body>
  <div class='ocr_page' id='page_1' title='image "./sessioquartacon00vincgoog_0585.png"; bbox 0 0 3094 5176; ppageno 0'>
   <div class='ocr_carea' id='block_1_1' title="bbox 430 369 1273 558">
    <p class='ocr_par' dir='ltr' id='par_1_1' title="bbox 430 369 1273 558">
     <span class='ocr_line' id='line_1_1' title="bbox 818 369 999 420; baseline 0.006 -1"><span class='ocrx_word' id='word_1_1' title='bbox 818 392 858 404; x_wconf 85' lang='lat'>-</span> <span class='ocrx_word' id='word_1_2' title='bbox 881 369 937 420; x_wconf 72' lang='lat' dir='ltr'><strong>teu</strong></span> <span class='ocrx_word' id='word_1_3' title='bbox 958 391 999 404; x_wconf 89' lang='lat'>-</span> 
     </span>
     <span class='ocr_line' id='line_1_2' title="bbox 430 421 1273 558; baseline -0.001 -17"><span class='ocrx_word' id='word_1_4' title='bbox 430 421 496 558; x_wconf 78' lang='lat' dir='ltr'><strong>Ipse</strong></span> <span class='ocrx_word' id='word_1_5' title='bbox 515 493 571 556; x_wconf 91' lang='lat' dir='ltr'><strong>ego</strong></span> <span class='ocrx_word' id='word_1_6' title='bbox 590 477 765 538; x_wconf 81' lang='lat' dir='ltr'><strong>Flaminiam</strong></span> <span class='ocrx_word' id='word_1_7' title='bbox 786 483 952 553; x_wconf 83' lang='lat' dir='ltr'><strong>pmoentem</strong></span> <span class='ocrx_word' id='word_1_8' title='bbox 961 477 1087 552; x_wconf 85' lang='lat' dir='ltr'><strong>,Februa</strong></span> <span class='ocrx_word' id='word_1_9' title='bbox 1106 479 1187 554; x_wconf 87' lang='lat' dir='ltr'><strong>vidi;</strong></span> <span class='ocrx_word' id='word_1_10' title='bbox 1266 451 1273 465; x_wconf 60' lang='grc'><em>’</em></span> 
     </span>
    </p>
   </div>
   <div class='ocr_carea' id='block_1_2' title="bbox 358 576 1445 3508">
    <p class='ocr_par' dir='ltr' id='par_1_2' title="bbox 358 576 1445 3508">
     <span class='ocr_line' id='line_1_3' title="bbox 471 576 1110 654; baseline -0.002 -17"><span class='ocrx_word' id='word_1_11' title='bbox 471 578 586 638; x_wconf 86' lang='lat' dir='ltr'><strong>Februa</strong></span> <span class='ocrx_word' id='word_1_12' title='bbox 605 577 737 653; x_wconf 88' lang='lat' dir='ltr'><strong>poscenti</strong></span> <span class='ocrx_word' id='word_1_13' title='bbox 756 578 842 652; x_wconf 89' lang='lat' dir='ltr'><strong>pinea</strong></span> <span class='ocrx_word' id='word_1_14' title='bbox 860 579 948 654; x_wconf 83' lang='lat' dir='ltr'><strong>uirga</strong></span> <span class='ocrx_word' id='word_1_15' title='bbox 967 576 1037 636; x_wconf 88' lang='lat' dir='ltr'><strong>data</strong></span> <span class='ocrx_word' id='word_1_16' title='bbox 1056 582 1110 636; x_wconf 86' lang='lat' dir='ltr'><strong>est.</strong></span> 
     </span>
     <span class='ocr_line' id='line_1_4' title="bbox 430 675 1370 754; baseline -0.002 -18"><span class='ocrx_word' id='word_1_17' title='bbox 430 677 562 754; x_wconf 77' lang='lat' dir='ltr'><strong>Denlqm</strong></span> <span class='ocrx_word' id='word_1_18' title='bbox 581 675 784 752; x_wconf 86' lang='lat' dir='ltr'><strong>quodcumque</strong></span> <span class='ocrx_word' id='word_1_19' title='bbox 804 682 866 751; x_wconf 82' lang='lat' dir='ltr'><strong>ast,</strong></span> <span class='ocrx_word' id='word_1_20' title='bbox 886 691 945 752; x_wconf 88' lang='lat' dir='ltr'><strong>quo</strong></span> <span class='ocrx_word' id='word_1_21' title='bbox 965 691 1088 750; x_wconf 89' lang='lat' dir='ltr'><strong>corpora</strong></span> <span class='ocrx_word' id='word_1_22' title='bbox 1108 682 1209 736; x_wconf 86' lang='lat' dir='ltr'><strong>nostra</strong></span> <span class='ocrx_word' id='word_1_23' title='bbox 1230 677 1370 752; x_wconf 81' lang='lat' dir='ltr'><strong>piantur,</strong></span> 
     </span>
     <span class='ocr_line' id='line_1_5' title="bbox 471 773 1166 851; baseline -0.003 -17"><span class='ocrx_word' id='word_1_24' title='bbox 471 775 535 835; x_wconf 89' lang='lat' dir='ltr'><strong>Hoc</strong></span> <span class='ocrx_word' id='word_1_25' title='bbox 555 774 633 851; x_wconf 89' lang='lat' dir='ltr'><strong>apud</strong></span> <span class='ocrx_word' id='word_1_26' title='bbox 653 776 786 834; x_wconf 81' lang='lat' dir='ltr'><strong>inmnsos</strong></span> <span class='ocrx_word' id='word_1_27' title='bbox 806 789 914 834; x_wconf 86' lang='lat' dir='ltr'><strong>nomen</strong></span> <span class='ocrx_word' id='word_1_28' title='bbox 934 773 1063 834; x_wconf 88' lang='lat' dir='ltr'><strong>babebat</strong></span> <span class='ocrx_word' id='word_1_29' title='bbox 1083 789 1166 832; x_wconf 90' lang='lat' dir='ltr'><strong>avos.</strong></span> 
     </span>
     <span class='ocr_line' id='line_1_6' title="bbox 429 871 1302 950; baseline 0 -18"><span class='ocrx_word' id='word_1_30' title='bbox 429 873 539 933; x_wconf 83' lang='lat' dir='ltr'><strong>Mensis</strong></span> <span class='ocrx_word' id='word_1_31' title='bbox 560 873 598 932; x_wconf 90' lang='lat' dir='ltr'><strong>ab</strong></span> <span class='ocrx_word' id='word_1_32' title='bbox 618 871 664 930; x_wconf 89' lang='lat' dir='ltr'><strong>bis</strong></span> <span class='ocrx_word' id='word_1_33' title='bbox 685 871 804 948; x_wconf 82' lang='lat' dir='ltr'><strong>dictus3</strong></span> <span class='ocrx_word' id='word_1_34' title='bbox 826 878 907 932; x_wconf 86' lang='lat' dir='ltr'><strong>secta</strong></span> <span class='ocrx_word' id='word_1_35' title='bbox 926 887 1043 950; x_wconf 85' lang='lat' dir='ltr'><strong>quoque</strong></span> <span class='ocrx_word' id='word_1_36' title='bbox 1062 872 1137 948; x_wconf 89' lang='lat' dir='ltr'><strong>pelle</strong></span> <span class='ocrx_word' id='word_1_37' title='bbox 1156 873 1302 948; x_wconf 81' lang='lat' dir='ltr'><strong>Luperci,</strong></span> 
     </span>
     <span class='ocr_line' id='line_1_7' title="bbox 470 969 1226 1048; baseline -0.003 -17"><span class='ocrx_word' id='word_1_38' title='bbox 470 972 565 1031; x_wconf 86' lang='lat' dir='ltr'><strong>Omne</strong></span> <span class='ocrx_word' id='word_1_39' title='bbox 584 971 679 1032; x_wconf 90' lang='lat' dir='ltr'><strong>solum</strong></span> <span class='ocrx_word' id='word_1_40' title='bbox 700 973 849 1048; x_wconf 88' lang='lat' dir='ltr'><strong>lustrant,</strong></span> <span class='ocrx_word' id='word_1_41' title='bbox 870 969 959 1047; x_wconf 84' lang='lat' dir='ltr'><strong>idque</strong></span> <span class='ocrx_word' id='word_1_42' title='bbox 978 973 1095 1047; x_wconf 81' lang='lat' dir='ltr'><strong>piamen</strong></span> <span class='ocrx_word' id='word_1_43' title='bbox 1117 970 1226 1046; x_wconf 82' lang='lat' dir='ltr'><strong>bebet3</strong></span> 
     </span>
     <span class='ocr_line' id='line_1_8' title="bbox 428 1070 1301 1149; baseline -0.003 -16"><span class='ocrx_word' id='word_1_44' title='bbox 428 1071 489 1133; x_wconf 76' lang='lat' dir='ltr'><strong>Aut</strong></span> <span class='ocrx_word' id='word_1_45' title='bbox 508 1074 578 1149; x_wconf 88' lang='lat' dir='ltr'><strong>quia</strong></span> <span class='ocrx_word' id='word_1_46' title='bbox 598 1073 740 1148; x_wconf 86' lang='lat' dir='ltr'><strong>placatis,</strong></span> <span class='ocrx_word' id='word_1_47' title='bbox 761 1078 831 1132; x_wconf 90' lang='lat' dir='ltr'><strong>sunt</strong></span> <span class='ocrx_word' id='word_1_48' title='bbox 849 1077 982 1147; x_wconf 90' lang='lat' dir='ltr'><strong>tempora</strong></span> <span class='ocrx_word' id='word_1_49' title='bbox 1001 1087 1095 1148; x_wconf 89' lang='lat' dir='ltr'><strong>pura,</strong></span> <span class='ocrx_word' id='word_1_50' title='bbox 1116 1070 1301 1148; x_wconf 81' lang='lat' dir='ltr'><strong>sepulchris,</strong></span> 
     </span>
     <span class='ocr_line' id='line_1_9' title="bbox 467 1169 1055 1246; baseline -0.005 -15"><span class='ocrx_word' id='word_1_51' title='bbox 467 1172 552 1232; x_wconf 84' lang='lat' dir='ltr'><strong>Tunc</strong></span> <span class='ocrx_word' id='word_1_52' title='bbox 572 1187 640 1230; x_wconf 92' lang='lat' dir='ltr'><strong>cum</strong></span> <span class='ocrx_word' id='word_1_53' title='bbox 660 1169 765 1230; x_wconf 77' lang='lat' dir='ltr'><strong>ferales</strong></span> <span class='ocrx_word' id='word_1_54' title='bbox 784 1172 961 1246; x_wconf 80' lang='lat' dir='ltr'><strong>praeteriere</strong></span> <span class='ocrx_word' id='word_1_55' title='bbox 980 1169 1055 1230; x_wconf 90' lang='lat' dir='ltr'><strong>dies.</strong></span> 
     </span>
     <span class='ocr_line' id='line_1_10' title="bbox 431 1268 1264 1345; baseline -0.004 -16"><span class='ocrx_word' id='word_1_56' title='bbox 431 1268 525 1329; x_wconf 88' lang='lat' dir='ltr'><strong>Omne</strong></span> <span class='ocrx_word' id='word_1_57' title='bbox 544 1268 651 1344; x_wconf 79' lang='lat' dir='ltr'><strong>nefas,</strong></span> <span class='ocrx_word' id='word_1_58' title='bbox 672 1285 846 1344; x_wconf 86' lang='lat' dir='ltr'><strong>omnemque</strong></span> <span class='ocrx_word' id='word_1_59' title='bbox 866 1269 937 1327; x_wconf 87' lang='lat' dir='ltr'><strong>maii</strong></span> <span class='ocrx_word' id='word_1_60' title='bbox 956 1271 1130 1345; x_wconf 86' lang='lat' dir='ltr'><strong>purgamine</strong></span> <span class='ocrx_word' id='word_1_61' title='bbox 1143 1283 1264 1328; x_wconf 87' lang='lat' dir='ltr'><strong>causam</strong></span> 
     </span>
     <span class='ocr_line' id='line_1_11' title="bbox 469 1367 1086 1442; baseline 0 -16"><span class='ocrx_word' id='word_1_62' title='bbox 469 1367 633 1427; x_wconf 86' lang='lat' dir='ltr'><strong>Credebant</strong></span> <span class='ocrx_word' id='word_1_63' title='bbox 652 1369 744 1428; x_wconf 89' lang='lat' dir='ltr'><strong>nostri</strong></span> <span class='ocrx_word' id='word_1_64' title='bbox 763 1367 866 1427; x_wconf 84' lang='lat' dir='ltr'><strong>tallere</strong></span> <span class='ocrx_word' id='word_1_65' title='bbox 886 1382 971 1442; x_wconf 88' lang='lat' dir='ltr'><strong>posse</strong></span> <span class='ocrx_word' id='word_1_66' title='bbox 991 1381 1086 1426; x_wconf 88' lang='lat' dir='ltr'><strong>senes.</strong></span> 
     </span>
     <span class='ocr_line' id='line_1_12' title="bbox 427 1464 1209 1542; baseline -0.005 -14"><span class='ocrx_word' id='word_1_67' title='bbox 427 1465 551 1528; x_wconf 79' lang='lat' dir='ltr'><strong>Graecia</strong></span> <span class='ocrx_word' id='word_1_68' title='bbox 570 1465 750 1542; x_wconf 87' lang='lat' dir='ltr'><strong>principium</strong></span> <span class='ocrx_word' id='word_1_69' title='bbox 766 1465 858 1524; x_wconf 89' lang='lat' dir='ltr'><strong>moris</strong></span> <span class='ocrx_word' id='word_1_70' title='bbox 878 1464 977 1526; x_wconf 88' lang='lat' dir='ltr'><strong>dedit:</strong></span> <span class='ocrx_word' id='word_1_71' title='bbox 1001 1465 1052 1524; x_wconf 89' lang='lat' dir='ltr'><strong>illa</strong></span> <span class='ocrx_word' id='word_1_72' title='bbox 1073 1470 1209 1524; x_wconf 87' lang='lat' dir='ltr'><strong>nocentes</strong></span> 
     </span>
     <span class='ocr_line' id='line_1_13' title="bbox 465 1563 1061 1641; baseline -0.002 -16"><span class='ocrx_word' id='word_1_73' title='bbox 465 1567 560 1641; x_wconf 90' lang='lat' dir='ltr'><strong>Impia</strong></span> <span class='ocrx_word' id='word_1_74' title='bbox 579 1565 721 1624; x_wconf 87' lang='lat' dir='ltr'><strong>lustratos</strong></span> <span class='ocrx_word' id='word_1_75' title='bbox 739 1579 846 1639; x_wconf 86' lang='lat' dir='ltr'><strong>ponere</strong></span> <span class='ocrx_word' id='word_1_76' title='bbox 867 1563 946 1624; x_wconf 83' lang='lat' dir='ltr'><strong>facta</strong></span> <span class='ocrx_word' id='word_1_77' title='bbox 965 1571 1061 1641; x_wconf 89' lang='lat' dir='ltr'><strong>putat.</strong></span> 
     </span>
     <span class='ocr_line' id='line_1_14' title="bbox 426 1660 1215 1738; baseline -0.004 -16"><span class='ocrx_word' id='word_1_78' title='bbox 426 1663 595 1724; x_wconf 79' lang='lat' dir='ltr'><strong>Actomdem</strong></span> <span class='ocrx_word' id='word_1_79' title='bbox 614 1661 739 1738; x_wconf 83' lang='lat' dir='ltr'><strong>Peleus,</strong></span> <span class='ocrx_word' id='word_1_80' title='bbox 760 1663 858 1738; x_wconf 88' lang='lat' dir='ltr'><strong>ipsum</strong></span> <span class='ocrx_word' id='word_1_81' title='bbox 878 1677 993 1738; x_wconf 86' lang='lat' dir='ltr'><strong>quoque</strong></span> <span class='ocrx_word' id='word_1_82' title='bbox 1013 1661 1101 1722; x_wconf 89' lang='lat' dir='ltr'><strong>Pelea</strong></span> <span class='ocrx_word' id='word_1_83' title='bbox 1121 1660 1215 1720; x_wconf 91' lang='lat' dir='ltr'><strong>Phoci</strong></span> 
     </span>
     <span class='ocr_line' id='line_1_15' title="bbox 466 1759 1182 1837; baseline -0.003 -15"><span class='ocrx_word' id='word_1_84' title='bbox 466 1761 560 1822; x_wconf 88' lang='lat' dir='ltr'><strong>Goede</strong></span> <span class='ocrx_word' id='word_1_85' title='bbox 579 1775 631 1837; x_wconf 87' lang='lat' dir='ltr'><strong>per</strong></span> <span class='ocrx_word' id='word_1_86' title='bbox 650 1761 789 1820; x_wconf 67' lang='lat' dir='ltr'><strong>buculas</strong></span> <span class='ocrx_word' id='word_1_87' title='bbox 808 1759 1026 1820; x_wconf 30' lang='lat' dir='ltr'><strong>lavitheestus</strong></span> <span class='ocrx_word' id='word_1_88' title='bbox 1047 1775 1149 1836; x_wconf 66' lang='lat' dir='ltr'><strong>amas.</strong></span> <span class='ocrx_word' id='word_1_89' title='bbox 1168 1783 1182 1810; x_wconf 67' lang='lat' dir='ltr'><strong>r</strong></span> 
     </span>
     <span class='ocr_line' id='line_1_16' title="bbox 406 1856 1442 1938; baseline -0.005 -18"><span class='ocrx_word' id='word_1_90' title='bbox 406 1861 452 1920; x_wconf 90' lang='lat' dir='ltr'><strong>En</strong></span> <span class='ocrx_word' id='word_1_91' title='bbox 461 1875 622 1938; x_wconf 89' lang='lat' dir='ltr'><strong>congruam</strong></span> <span class='ocrx_word' id='word_1_92' title='bbox 630 1859 899 1935; x_wconf 86' lang='lat' dir='ltr'><strong>interpretationem</strong></span> <span class='ocrx_word' id='word_1_93' title='bbox 907 1857 1064 1918; x_wconf 85' lang='lat' dir='ltr'><strong>verborum</strong></span> <span class='ocrx_word' id='word_1_94' title='bbox 1074 1857 1248 1918; x_wconf 77' lang='lat' dir='ltr'><strong>Tertulliani</strong></span> <span class='ocrx_word' id='word_1_95' title='bbox 1256 1857 1295 1916; x_wconf 92' lang='lat' dir='ltr'><strong>de</strong></span> <span class='ocrx_word' id='word_1_96' title='bbox 1303 1856 1442 1916; x_wconf 88' lang='lat' dir='ltr'><strong>Kalendis</strong></span> 
     </span>
     <span class='ocr_line' id='line_1_17' title="bbox 365 1954 1443 2034; baseline -0.005 -15"><span class='ocrx_word' id='word_1_97' title='bbox 365 1957 552 2033; x_wconf 79' lang='lat' dir='ltr'><strong>Februariis,</strong></span> <span class='ocrx_word' id='word_1_98' title='bbox 573 1962 604 2016; x_wconf 84' lang='lat' dir='ltr'><strong>et</strong></span> <span class='ocrx_word' id='word_1_99' title='bbox 624 1956 770 2034; x_wconf 87' lang='lat' dir='ltr'><strong>quomodo</strong></span> <span class='ocrx_word' id='word_1_100' title='bbox 789 1972 826 2016; x_wconf 90' lang='lat' dir='ltr'><strong>ea</strong></span> <span class='ocrx_word' id='word_1_101' title='bbox 838 1962 954 2032; x_wconf 86' lang='lat' dir='ltr'><strong>aptetur</strong></span> <span class='ocrx_word' id='word_1_102' title='bbox 973 1956 1061 2016; x_wconf 90' lang='lat' dir='ltr'><strong>dictis</strong></span> <span class='ocrx_word' id='word_1_103' title='bbox 1078 1954 1222 2032; x_wconf 76' lang='lat' dir='ltr'><strong>Apostoli.</strong></span> <span class='ocrx_word' id='word_1_104' title='bbox 1244 1954 1348 2016; x_wconf 82' lang='lat' dir='ltr'><strong>Cicero</strong></span> <span class='ocrx_word' id='word_1_105' title='bbox 1370 1955 1443 2014; x_wconf 89' lang='lat' dir='ltr'><strong>iibm</strong></span> 
     </span>
     <span class='ocr_line' id='line_1_18' title="bbox 367 2054 1442 2131; baseline -0.005 -15"><span class='ocrx_word' id='word_1_106' title='bbox 367 2074 405 2116; x_wconf 90' lang='grc' dir='ltr'><strong>ιι.</strong></span> <span class='ocrx_word' id='word_1_107' title='bbox 421 2055 458 2116; x_wconf 90' lang='lat' dir='ltr'><strong>de</strong></span> <span class='ocrx_word' id='word_1_108' title='bbox 472 2055 598 2131; x_wconf 80' lang='lat' dir='ltr'><strong>Legibus</strong></span> <span class='ocrx_word' id='word_1_109' title='bbox 610 2055 701 2115; x_wconf 84' lang='lat' dir='ltr'><strong>dicit:</strong></span> <span class='ocrx_word' id='word_1_110' title='bbox 728 2054 912 2114; x_wconf 73' lang='lat' dir='ltr'><strong>«Februario</strong></span> <span class='ocrx_word' id='word_1_111' title='bbox 927 2069 1047 2130; x_wconf 88' lang='lat' dir='ltr'><strong>meuse,</strong></span> <span class='ocrx_word' id='word_1_112' title='bbox 1062 2056 1114 2130; x_wconf 89' lang='lat' dir='ltr'><strong>qui</strong></span> <span class='ocrx_word' id='word_1_113' title='bbox 1126 2059 1197 2112; x_wconf 91' lang='lat' dir='ltr'><strong>tunc</strong></span> <span class='ocrx_word' id='word_1_114' title='bbox 1210 2060 1361 2114; x_wconf 83' lang='lat' dir='ltr'><strong>exiremus</strong></span> <span class='ocrx_word' id='word_1_115' title='bbox 1375 2057 1442 2112; x_wconf 89' lang='lat' dir='ltr'><strong>anni</strong></span> 
     </span>
     <span class='ocr_line' id='line_1_19' title="bbox 364 2152 1439 2232; baseline -0.004 -18"><span class='ocrx_word' id='word_1_116' title='bbox 364 2157 474 2216; x_wconf 89' lang='lat' dir='ltr'><strong>mensis</strong></span> <span class='ocrx_word' id='word_1_117' title='bbox 487 2161 569 2232; x_wconf 90' lang='lat' dir='ltr'><strong>erat,</strong></span> <span class='ocrx_word' id='word_1_118' title='bbox 585 2155 709 2214; x_wconf 81' lang='lat' dir='ltr'><strong>mortuiis</strong></span> <span class='ocrx_word' id='word_1_119' title='bbox 719 2154 868 2229; x_wconf 86' lang='lat' dir='ltr'><strong>parentari</strong></span> <span class='ocrx_word' id='word_1_120' title='bbox 880 2152 1048 2212; x_wconf 88' lang='lat' dir='ltr'><strong>vuluemnt.</strong></span> <span class='ocrx_word' id='word_1_121' title='bbox 1063 2177 1076 2203; x_wconf 71' lang='grc' dir='ltr'><strong><em>ν</em></strong></span> <span class='ocrx_word' id='word_1_122' title='bbox 1092 2152 1277 2229; x_wconf 75' lang='lat' dir='ltr'><strong>Augustinus</strong></span> <span class='ocrx_word' id='word_1_123' title='bbox 1289 2152 1367 2212; x_wconf 89' lang='lat' dir='ltr'><strong>iibm</strong></span> <span class='ocrx_word' id='word_1_124' title='bbox 1383 2168 1439 2210; x_wconf 88' lang='lat' dir='ltr'><strong>vu.</strong></span> 
     </span>
     <span class='ocr_line' id='line_1_20' title="bbox 364 2249 1443 2315; baseline -0.006 -1"><span class='ocrx_word' id='word_1_125' title='bbox 364 2253 401 2314; x_wconf 90' lang='lat' dir='ltr'><strong>de</strong></span> <span class='ocrx_word' id='word_1_126' title='bbox 420 2252 508 2315; x_wconf 84' lang='lat' dir='ltr'><strong>Civit.</strong></span> <span class='ocrx_word' id='word_1_127' title='bbox 529 2253 593 2314; x_wconf 89' lang='lat' dir='ltr'><strong>Dei.</strong></span> <span class='ocrx_word' id='word_1_128' title='bbox 616 2269 643 2312; x_wconf 92' lang='lat' dir='ltr'><strong>c.</strong></span> <span class='ocrx_word' id='word_1_129' title='bbox 667 2259 696 2310; x_wconf 84' lang='lat' dir='ltr'><strong>t.</strong></span> <span class='ocrx_word' id='word_1_130' title='bbox 724 2275 737 2301; x_wconf 74' lang='lat' dir='ltr'><strong>r</strong></span> <span class='ocrx_word' id='word_1_131' title='bbox 749 2250 819 2310; x_wconf 90' lang='lat' dir='ltr'><strong>Ideo</strong></span> <span class='ocrx_word' id='word_1_132' title='bbox 838 2249 1018 2310; x_wconf 83' lang='lat' dir='ltr'><strong>Terminalia</strong></span> <span class='ocrx_word' id='word_1_133' title='bbox 1039 2249 1141 2312; x_wconf 85' lang='lat' dir='ltr'><strong>eodem</strong></span> <span class='ocrx_word' id='word_1_134' title='bbox 1168 2265 1269 2310; x_wconf 90' lang='lat' dir='ltr'><strong>mense</strong></span> <span class='ocrx_word' id='word_1_135' title='bbox 1294 2249 1443 2310; x_wconf 78' lang='lat' dir='ltr'><strong>iebrurnio</strong></span> 
     </span>
     <span class='ocr_line' id='line_1_21' title="bbox 363 2347 1442 2426; baseline -0.005 -14"><span class='ocrx_word' id='word_1_136' title='bbox 363 2351 504 2412; x_wconf 86' lang='lat' dir='ltr'><strong>celebrari</strong></span> <span class='ocrx_word' id='word_1_137' title='bbox 523 2351 646 2426; x_wconf 87' lang='lat' dir='ltr'><strong>dicunt,</strong></span> <span class='ocrx_word' id='word_1_138' title='bbox 667 2365 735 2410; x_wconf 88' lang='lat' dir='ltr'><strong>cum</strong></span> <span class='ocrx_word' id='word_1_139' title='bbox 755 2349 790 2408; x_wconf 90' lang='lat' dir='ltr'><strong>lit</strong></span> <span class='ocrx_word' id='word_1_140' title='bbox 802 2365 920 2410; x_wconf 88' lang='lat' dir='ltr'><strong>sacrum</strong></span> <span class='ocrx_word' id='word_1_141' title='bbox 935 2351 1160 2426; x_wconf 84' lang='lat' dir='ltr'><strong>purgatorium,</strong></span> <span class='ocrx_word' id='word_1_142' title='bbox 1178 2347 1259 2425; x_wconf 88' lang='lat' dir='ltr'><strong>quod</strong></span> <span class='ocrx_word' id='word_1_143' title='bbox 1279 2355 1392 2408; x_wconf 89' lang='lat' dir='ltr'><strong>vocant</strong></span> <span class='ocrx_word' id='word_1_144' title='bbox 1403 2347 1442 2408; x_wconf 86' lang='lat' dir='ltr'><strong>ie·</strong></span> 
     </span>
     <span class='ocr_line' id='line_1_22' title="bbox 363 2447 1441 2527; baseline -0.002 -16"><span class='ocrx_word' id='word_1_145' title='bbox 363 2451 492 2527; x_wconf 89' lang='lat' dir='ltr'><strong>bmmn,</strong></span> <span class='ocrx_word' id='word_1_146' title='bbox 512 2449 591 2510; x_wconf 90' lang='lat' dir='ltr'><strong>unde</strong></span> <span class='ocrx_word' id='word_1_147' title='bbox 610 2450 720 2509; x_wconf 89' lang='lat' dir='ltr'><strong>mensis</strong></span> <span class='ocrx_word' id='word_1_148' title='bbox 740 2463 849 2508; x_wconf 90' lang='lat' dir='ltr'><strong>nomen</strong></span> <span class='ocrx_word' id='word_1_149' title='bbox 874 2449 998 2524; x_wconf 89' lang='lat' dir='ltr'><strong>accepit.</strong></span> <span class='ocrx_word' id='word_1_150' title='bbox 1015 2473 1029 2500; x_wconf 70' lang='lat' dir='ltr'><strong>r</strong></span> <span class='ocrx_word' id='word_1_151' title='bbox 1051 2449 1125 2508; x_wconf 87' lang='lat' dir='ltr'><strong>item</strong></span> <span class='ocrx_word' id='word_1_152' title='bbox 1151 2447 1292 2524; x_wconf 73' lang='lat' dir='ltr'><strong>Curuus,</strong></span> <span class='ocrx_word' id='word_1_153' title='bbox 1325 2450 1441 2526; x_wconf 86' lang='lat' dir='ltr'><strong>Varro,</strong></span> 
     </span>
     <span class='ocr_line' id='line_1_23' title="bbox 362 2541 1445 2626; baseline -0.003 -18"><span class='ocrx_word' id='word_1_154' title='bbox 362 2547 604 2610; x_wconf 82' lang='lat' dir='ltr'><strong>Macmblusloco</strong></span> <span class='ocrx_word' id='word_1_155' title='bbox 621 2548 763 2626; x_wconf 74' lang='lat' dir='ltr'><strong>capiare,</strong></span> <span class='ocrx_word' id='word_1_156' title='bbox 781 2543 910 2605; x_wconf 73' lang='lat' dir='ltr'><strong>tuebere</strong></span> <span class='ocrx_word' id='word_1_157' title='bbox 922 2548 1053 2606; x_wconf 82' lang='lat' dir='ltr'><strong>mortuos</strong></span> <span class='ocrx_word' id='word_1_158' title='bbox 1065 2543 1203 2606; x_wconf 75' lang='lat' dir='ltr'><strong>dixeram</strong></span> <span class='ocrx_word' id='word_1_159' title='bbox 1209 2541 1373 2620; x_wconf 69' lang='lat' dir='ltr'><strong>februare,</strong></span> <span class='ocrx_word' id='word_1_160' title='bbox 1397 2561 1445 2605; x_wconf 90' lang='lat' dir='ltr'><strong>scu</strong></span> 
     </span>
     <span class='ocr_line' id='line_1_24' title="bbox 362 2641 1443 2724; baseline -0.003 -17"><span class='ocrx_word' id='word_1_161' title='bbox 362 2646 480 2708; x_wconf 74' lang='lat' dir='ltr'><strong>Februa</strong></span> <span class='ocrx_word' id='word_1_162' title='bbox 498 2661 628 2724; x_wconf 81' lang='lat' dir='ltr'><strong>poscere.</strong></span> <span class='ocrx_word' id='word_1_163' title='bbox 651 2645 715 2704; x_wconf 84' lang='lat' dir='ltr'><strong>Hoc</strong></span> <span class='ocrx_word' id='word_1_164' title='bbox 744 2642 920 2704; x_wconf 85' lang='lat' dir='ltr'><strong>vocabulum</strong></span> <span class='ocrx_word' id='word_1_165' title='bbox 941 2659 959 2704; x_wconf 92' lang='lat' dir='ltr'><strong>a</strong></span> <span class='ocrx_word' id='word_1_166' title='bbox 978 2641 1137 2706; x_wconf 79' lang='lat' dir='ltr'><strong>Plutarcho</strong></span> <span class='ocrx_word' id='word_1_167' title='bbox 1160 2645 1192 2702; x_wconf 91' lang='lat' dir='ltr'><strong>in</strong></span> <span class='ocrx_word' id='word_1_168' title='bbox 1217 2643 1443 2718; x_wconf 84' lang='lat' dir='ltr'><strong>Quaestiuuibus</strong></span> 
     </span>
     <span class='ocr_line' id='line_1_25' title="bbox 362 2739 1443 2821; baseline -0.008 -16"><span class='ocrx_word' id='word_1_169' title='bbox 362 2741 504 2805; x_wconf 72' lang='lat' dir='ltr'><strong>Romanis</strong></span> <span class='ocrx_word' id='word_1_170' title='bbox 517 2746 560 2802; x_wconf 84' lang='lat' dir='ltr'><strong>lta</strong></span> <span class='ocrx_word' id='word_1_171' title='bbox 578 2741 765 2821; x_wconf 67' lang='lat' dir='ltr'><strong>transfertur,</strong></span> <span class='ocrx_word' id='word_1_172' title='bbox 781 2743 856 2796; x_wconf 71' lang='lat' dir='ltr'><strong>n&#39;l&#39;e&#39;e</strong></span> <span class='ocrx_word' id='word_1_173' title='bbox 876 2740 901 2794; x_wconf 76' lang='grc' dir='ltr'><strong>δι’</strong></span> <span class='ocrx_word' id='word_1_174' title='bbox 916 2739 1085 2814; x_wconf 67' lang='grc' dir='ltr'><strong>φιβροιιιίριοι</strong></span> <span class='ocrx_word' id='word_1_175' title='bbox 1105 2741 1254 2806; x_wconf 75' lang='grc' dir='ltr'><strong>δωδέκατον,</strong></span> <span class='ocrx_word' id='word_1_176' title='bbox 1272 2743 1299 2794; x_wconf 80' lang='grc' dir='ltr'><strong>ἐγ</strong></span> <span class='ocrx_word' id='word_1_177' title='bbox 1315 2740 1337 2812; x_wconf 73' lang='grc' dir='ltr'><em>ᾦ</em></span> <span class='ocrx_word' id='word_1_178' title='bbox 1345 2741 1443 2815; x_wconf 67' lang='grc' dir='ltr'>κιθαρ-</span> 
     </span>
     <span class='ocr_line' id='line_1_26' title="bbox 358 2839 1444 2914; baseline 0.001 -18"><span class='ocrx_word' id='word_1_179' title='bbox 358 2845 420 2914; x_wconf 85' lang='grc' dir='ltr'><strong>μοῖς</strong></span> <span class='ocrx_word' id='word_1_180' title='bbox 434 2863 461 2895; x_wconf 78' lang='grc' dir='ltr'><strong>τι</strong></span> <span class='ocrx_word' id='word_1_181' title='bbox 476 2843 608 2914; x_wconf 73' lang='grc' dir='ltr'><strong>χρῶνται,</strong></span> <span class='ocrx_word' id='word_1_182' title='bbox 626 2841 671 2894; x_wconf 74' lang='grc' dir='ltr'><strong><em>καί</em></strong></span> <span class='ocrx_word' id='word_1_183' title='bbox 682 2844 738 2904; x_wconf 84' lang='grc' dir='ltr'>τοῖς</span> <span class='ocrx_word' id='word_1_184' title='bbox 751 2839 887 2914; x_wconf 68' lang='grc' dir='ltr'><strong>φθιμένοις</strong></span> <span class='ocrx_word' id='word_1_185' title='bbox 902 2841 1053 2914; x_wconf 78' lang='grc' dir='ltr'><strong>ἐναγίζουσι</strong></span> <span class='ocrx_word' id='word_1_186' title='bbox 1067 2843 1113 2897; x_wconf 75' lang='lat' dir='ltr'><strong>edu</strong></span> <span class='ocrx_word' id='word_1_187' title='bbox 1126 2842 1244 2898; x_wconf 72' lang='grc' dir='ltr'><strong>εἰιειιιτόυ</strong></span> <span class='ocrx_word' id='word_1_188' title='bbox 1259 2848 1444 2910; x_wconf 69' lang='grc' dir='ltr'><strong>τελευτῶντος,</strong></span> 
     </span>
     <span class='ocr_line' id='line_1_27' title="bbox 361 2931 1443 3011; baseline 0.003 -18"><span class='ocrx_word' id='word_1_189' title='bbox 361 2935 384 2993; x_wconf 89' lang='lat' dir='ltr'><strong>l.</strong></span> <span class='ocrx_word' id='word_1_190' title='bbox 394 2950 421 2994; x_wconf 86' lang='lat' dir='ltr'><strong>e.</strong></span> <span class='ocrx_word' id='word_1_191' title='bbox 434 2932 626 2994; x_wconf 81' lang='lat' dir='ltr'><strong>Februarium</strong></span> <span class='ocrx_word' id='word_1_192' title='bbox 640 2931 845 2994; x_wconf 90' lang='lat' dir='ltr'><strong>duodecimum</strong></span> <span class='ocrx_word' id='word_1_193' title='bbox 862 2933 1029 3010; x_wconf 77' lang='lat' dir='ltr'><strong>(mensem)</strong></span> <span class='ocrx_word' id='word_1_194' title='bbox 1045 2951 1105 3011; x_wconf 89' lang='lat' dir='ltr'><strong>quo</strong></span> <span class='ocrx_word' id='word_1_195' title='bbox 1117 2935 1345 2996; x_wconf 70' lang='lat' dir='ltr'><strong>lustrationibus</strong></span> <span class='ocrx_word' id='word_1_196' title='bbox 1358 2943 1443 2996; x_wconf 90' lang='lat' dir='ltr'><strong>niun·</strong></span> 
     </span>
     <span class='ocr_line' id='line_1_28' title="bbox 363 3031 1443 3112; baseline 0.001 -20"><span class='ocrx_word' id='word_1_197' title='bbox 363 3039 431 3109; x_wconf 91' lang='lat' dir='ltr'><strong>tur,</strong></span> <span class='ocrx_word' id='word_1_198' title='bbox 451 3037 482 3092; x_wconf 89' lang='lat' dir='ltr'><strong>et</strong></span> <span class='ocrx_word' id='word_1_199' title='bbox 499 3033 626 3092; x_wconf 86' lang='lat' dir='ltr'><strong>mortuis</strong></span> <span class='ocrx_word' id='word_1_200' title='bbox 651 3037 824 3107; x_wconf 85' lang='lat' dir='ltr'><strong>parentent,</strong></span> <span class='ocrx_word' id='word_1_201' title='bbox 845 3047 924 3092; x_wconf 90' lang='lat' dir='ltr'><strong>anno</strong></span> <span class='ocrx_word' id='word_1_202' title='bbox 943 3031 1126 3094; x_wconf 71' lang='lat' dir='ltr'><strong>desinente.»</strong></span> <span class='ocrx_word' id='word_1_203' title='bbox 1149 3033 1354 3096; x_wconf 84' lang='lat' dir='ltr'><strong>Tertullianus</strong></span> <span class='ocrx_word' id='word_1_204' title='bbox 1373 3051 1443 3112; x_wconf 91' lang='lat' dir='ltr'><strong>ergo</strong></span> 
     </span>
     <span class='ocr_line' id='line_1_29' title="bbox 363 3127 1443 3211; baseline 0.004 -22"><span class='ocrx_word' id='word_1_205' title='bbox 363 3145 469 3210; x_wconf 86' lang='lat' dir='ltr'><strong>graeca</strong></span> <span class='ocrx_word' id='word_1_206' title='bbox 481 3129 686 3191; x_wconf 86' lang='lat' dir='ltr'><strong>animadversa</strong></span> <span class='ocrx_word' id='word_1_207' title='bbox 698 3128 911 3206; x_wconf 84' lang='lat' dir='ltr'><strong>significatione</strong></span> <span class='ocrx_word' id='word_1_208' title='bbox 925 3127 1119 3209; x_wconf 74' lang='lat' dir='ltr'><strong>baptizentur</strong></span> <span class='ocrx_word' id='word_1_209' title='bbox 1133 3149 1192 3211; x_wconf 84' lang='lat' dir='ltr'><strong>pro</strong></span> <span class='ocrx_word' id='word_1_210' title='bbox 1211 3137 1358 3209; x_wconf 70' lang='lat' dir='ltr'><strong>mutuis,</strong></span> <span class='ocrx_word' id='word_1_211' title='bbox 1377 3139 1443 3210; x_wconf 87' lang='lat' dir='ltr'><strong>jure</strong></span> 
     </span>
     <span class='ocr_line' id='line_1_30' title="bbox 362 3225 1443 3311; baseline 0.003 -21"><span class='ocrx_word' id='word_1_212' title='bbox 362 3233 389 3290; x_wconf 92' lang='lat' dir='ltr'><strong>ei</strong></span> <span class='ocrx_word' id='word_1_213' title='bbox 409 3231 534 3290; x_wconf 91' lang='lat' dir='ltr'><strong>contulit</strong></span> <span class='ocrx_word' id='word_1_214' title='bbox 546 3231 669 3290; x_wconf 87' lang='lat' dir='ltr'><strong>latinam</strong></span> <span class='ocrx_word' id='word_1_215' title='bbox 681 3228 840 3290; x_wconf 64' lang='lat' dir='ltr'><strong>medonem</strong></span> <span class='ocrx_word' id='word_1_216' title='bbox 848 3225 1006 3307; x_wconf 74' lang='lat' dir='ltr'><strong>februare,</strong></span> <span class='ocrx_word' id='word_1_217' title='bbox 1023 3233 1211 3311; x_wconf 83' lang='lat' dir='ltr'><strong>sivapmcere</strong></span> <span class='ocrx_word' id='word_1_218' title='bbox 1219 3228 1353 3310; x_wconf 73' lang='lat' dir='ltr'><strong>februa,</strong></span> <span class='ocrx_word' id='word_1_219' title='bbox 1368 3249 1443 3310; x_wconf 83' lang='lat' dir='ltr'><strong>qnae</strong></span> 
     </span>
     <span class='ocr_line' id='line_1_31' title="bbox 362 3328 1438 3410; baseline 0.006 -23"><span class='ocrx_word' id='word_1_220' title='bbox 362 3328 440 3389; x_wconf 88' lang='lat' dir='ltr'><strong>idem</strong></span> <span class='ocrx_word' id='word_1_221' title='bbox 448 3329 655 3390; x_wconf 74' lang='lat' dir='ltr'><strong>ummaelilud</strong></span> <span class='ocrx_word' id='word_1_222' title='bbox 665 3328 841 3388; x_wconf 87' lang='lat' dir='ltr'><strong>vocabulum</strong></span> <span class='ocrx_word' id='word_1_223' title='bbox 852 3332 1280 3408; x_wconf 83' lang='lat' dir='ltr'><strong>commaneanthuisetuobis</strong></span> <span class='ocrx_word' id='word_1_224' title='bbox 1291 3335 1438 3410; x_wconf 69' lang='lat' dir='ltr'><strong>expiatio,</strong></span> 
     </span>
     <span class='ocr_line' id='line_1_32' title="bbox 362 3426 1442 3508; baseline 0.006 -21"><span class='ocrx_word' id='word_1_225' title='bbox 362 3441 437 3504; x_wconf 85' lang='lat' dir='ltr'><strong>quae</strong></span> <span class='ocrx_word' id='word_1_226' title='bbox 451 3445 469 3487; x_wconf 90' lang='lat' dir='ltr'><strong>a</strong></span> <span class='ocrx_word' id='word_1_227' title='bbox 482 3430 559 3489; x_wconf 84' lang='lat' dir='ltr'><strong>ulvis</strong></span> <span class='ocrx_word' id='word_1_228' title='bbox 572 3443 625 3504; x_wconf 91' lang='lat' dir='ltr'><strong>pro</strong></span> <span class='ocrx_word' id='word_1_229' title='bbox 637 3426 783 3488; x_wconf 75' lang='lat' dir='ltr'><strong>destinetis</strong></span> <span class='ocrx_word' id='word_1_230' title='bbox 796 3427 988 3506; x_wconf 79' lang='lat' dir='ltr'><strong>persolvitur3</strong></span> <span class='ocrx_word' id='word_1_231' title='bbox 1009 3446 1078 3506; x_wconf 90' lang='lat' dir='ltr'><strong>seu,</strong></span> <span class='ocrx_word' id='word_1_232' title='bbox 1101 3436 1136 3490; x_wconf 90' lang='lat' dir='ltr'><strong>ui</strong></span> <span class='ocrx_word' id='word_1_233' title='bbox 1147 3430 1238 3508; x_wconf 89' lang='lat' dir='ltr'><strong>vulgo</strong></span> <span class='ocrx_word' id='word_1_234' title='bbox 1250 3431 1381 3508; x_wconf 89' lang='lat' dir='ltr'><strong>dicitur,</strong></span> <span class='ocrx_word' id='word_1_235' title='bbox 1388 3447 1442 3508; x_wconf 84' lang='lat' dir='ltr'><strong>pu·</strong></span> 
     </span>
    </p>
   </div>
   <div class='ocr_carea' id='block_1_3' title="bbox 359 3536 1533 3616">
    <p class='ocr_par' dir='ltr' id='par_1_3' title="bbox 359 3536 1533 3616">
     <span class='ocr_line' id='line_1_33' title="bbox 359 3536 1533 3616; baseline 0.003 -23"><span class='ocrx_word' id='word_1_236' title='bbox 359 3540 488 3594; x_wconf 79' lang='lat' dir='ltr'><strong>recture.</strong></span> <span class='ocrx_word' id='word_1_237' title='bbox 510 3536 633 3612; x_wconf 88' lang='lat' dir='ltr'><strong>Insuper</strong></span> <span class='ocrx_word' id='word_1_238' title='bbox 646 3538 741 3613; x_wconf 88' lang='lat' dir='ltr'><strong>graeci</strong></span> <span class='ocrx_word' id='word_1_239' title='bbox 755 3539 910 3612; x_wconf 89' lang='lat' dir='ltr'><strong>scriptores</strong></span> <span class='ocrx_word' id='word_1_240' title='bbox 923 3537 988 3596; x_wconf 91' lang='lat' dir='ltr'><strong>loeo</strong></span> <span class='ocrx_word' id='word_1_241' title='bbox 995 3541 1176 3614; x_wconf 82' lang='lat' dir='ltr'><strong>pereutere,</strong></span> <span class='ocrx_word' id='word_1_242' title='bbox 1199 3540 1352 3616; x_wconf 83' lang='lat' dir='ltr'><strong>seujustu</strong></span> <span class='ocrx_word' id='word_1_243' title='bbox 1367 3555 1441 3598; x_wconf 87' lang='lat' dir='ltr'><strong>mor-</strong></span> <span class='ocrx_word' id='word_1_244' title='bbox 1532 3585 1533 3596; x_wconf 70' lang='grc'>,</span> 
     </span>
    </p>
   </div>
   <div class='ocr_carea' id='block_1_4' title="bbox 356 3631 1442 4304">
    <p class='ocr_par' dir='ltr' id='par_1_4' title="bbox 356 3631 1442 4304">
     <span class='ocr_line' id='line_1_34' title="bbox 361 3631 1442 3712; baseline 0.006 -22"><span class='ocrx_word' id='word_1_245' title='bbox 361 3633 419 3690; x_wconf 82' lang='lat' dir='ltr'><strong>iuis</strong></span> <span class='ocrx_word' id='word_1_246' title='bbox 438 3631 549 3692; x_wconf 68' lang='lat' dir='ltr'><strong>sulm</strong></span> <span class='ocrx_word' id='word_1_247' title='bbox 567 3633 706 3694; x_wconf 81' lang='lat' dir='ltr'><strong>dixemnt</strong></span> <span class='ocrx_word' id='word_1_248' title='bbox 724 3635 851 3711; x_wconf 67' lang='grc' dir='ltr'><strong>ἐναγίζειν</strong></span> <span class='ocrx_word' id='word_1_249' title='bbox 872 3633 1056 3712; x_wconf 74' lang='lat' dir='ltr'><strong>ampliatae,</strong></span> <span class='ocrx_word' id='word_1_250' title='bbox 1083 3642 1117 3696; x_wconf 90' lang='lat' dir='ltr'><strong>ut</strong></span> <span class='ocrx_word' id='word_1_251' title='bbox 1136 3653 1172 3696; x_wconf 83' lang='lat' dir='ltr'><strong>ex</strong></span> <span class='ocrx_word' id='word_1_252' title='bbox 1194 3635 1240 3695; x_wconf 88' lang='lat' dir='ltr'><strong>bis</strong></span> <span class='ocrx_word' id='word_1_253' title='bbox 1261 3636 1442 3696; x_wconf 75' lang='lat' dir='ltr'><strong>Plutarchus</strong></span> 
     </span>
     <span class='ocr_line' id='line_1_35' title="bbox 359 3730 1442 3812; baseline 0.006 -22"><span class='ocrx_word' id='word_1_254' title='bbox 359 3730 514 3806; x_wconf 83' lang='lat' dir='ltr'><strong>ceterique.</strong></span> <span class='ocrx_word' id='word_1_255' title='bbox 535 3731 581 3791; x_wconf 86' lang='grc' dir='ltr'><strong>Ειι</strong></span> <span class='ocrx_word' id='word_1_256' title='bbox 601 3732 658 3792; x_wconf 89' lang='lat' dir='ltr'><strong>hoc</strong></span> <span class='ocrx_word' id='word_1_257' title='bbox 677 3748 765 3809; x_wconf 90' lang='lat' dir='ltr'><strong>porro</strong></span> <span class='ocrx_word' id='word_1_258' title='bbox 784 3731 836 3810; x_wconf 89' lang='lat' dir='ltr'><strong>lit,</strong></span> <span class='ocrx_word' id='word_1_259' title='bbox 857 3739 912 3809; x_wconf 93' lang='lat' dir='ltr'><strong>ut,</strong></span> <span class='ocrx_word' id='word_1_260' title='bbox 933 3735 960 3793; x_wconf 91' lang='lat' dir='ltr'><strong>si</strong></span> <span class='ocrx_word' id='word_1_261' title='bbox 979 3733 1116 3794; x_wconf 74' lang='lat' dir='ltr'><strong>advenas</strong></span> <span class='ocrx_word' id='word_1_262' title='bbox 1136 3734 1301 3810; x_wconf 83' lang='lat' dir='ltr'><strong>simplicem</strong></span> <span class='ocrx_word' id='word_1_263' title='bbox 1323 3751 1442 3812; x_wconf 79' lang='lat' dir='ltr'><strong>graeco</strong></span> 
     </span>
     <span class='ocr_line' id='line_1_36' title="bbox 359 3828 1441 3911; baseline 0.006 -24"><span class='ocrx_word' id='word_1_264' title='bbox 359 3844 425 3888; x_wconf 87' lang='lat' dir='ltr'><strong>rum</strong></span> <span class='ocrx_word' id='word_1_265' title='bbox 445 3828 600 3888; x_wconf 82' lang='lat' dir='ltr'><strong>verborum</strong></span> <span class='ocrx_word' id='word_1_266' title='bbox 613 3846 718 3890; x_wconf 88' lang='lat' dir='ltr'><strong>sonum</strong></span> <span class='ocrx_word' id='word_1_267' title='bbox 733 3829 871 3909; x_wconf 76' lang='lat' dir='ltr'><strong>depilato</strong></span> <span class='ocrx_word' id='word_1_268' title='bbox 883 3838 912 3891; x_wconf 87' lang='lat' dir='ltr'><strong>et</strong></span> <span class='ocrx_word' id='word_1_269' title='bbox 925 3831 1100 3910; x_wconf 69' lang='lat' dir='ltr'><strong>conubiale,</strong></span> <span class='ocrx_word' id='word_1_270' title='bbox 1116 3839 1146 3892; x_wconf 86' lang='lat' dir='ltr'><strong>el</strong></span> <span class='ocrx_word' id='word_1_271' title='bbox 1159 3833 1322 3893; x_wconf 89' lang='lat' dir='ltr'><strong>latinorum</strong></span> <span class='ocrx_word' id='word_1_272' title='bbox 1334 3837 1441 3911; x_wconf 71' lang='lat' dir='ltr'><strong>eapie-</strong></span> 
     </span>
     <span class='ocr_line' id='line_1_37' title="bbox 357 3925 1441 4010; baseline 0.007 -26"><span class='ocrx_word' id='word_1_273' title='bbox 357 3943 404 4002; x_wconf 83' lang='lat' dir='ltr'><strong>re,</strong></span> <span class='ocrx_word' id='word_1_274' title='bbox 422 3925 569 4004; x_wconf 74' lang='lat' dir='ltr'><strong>demirare,</strong></span> <span class='ocrx_word' id='word_1_275' title='bbox 585 3925 756 4006; x_wconf 81' lang='lat' dir='ltr'><strong>baptizare,</strong></span> <span class='ocrx_word' id='word_1_276' title='bbox 773 3926 934 4007; x_wconf 79' lang='lat' dir='ltr'><strong>februare,</strong></span> <span class='ocrx_word' id='word_1_277' title='bbox 950 3930 1028 3990; x_wconf 91' lang='lat' dir='ltr'><strong>idem</strong></span> <span class='ocrx_word' id='word_1_278' title='bbox 1045 3937 1166 4009; x_wconf 82' lang='lat' dir='ltr'><strong>sonent3</strong></span> <span class='ocrx_word' id='word_1_279' title='bbox 1180 3933 1207 3991; x_wconf 90' lang='lat' dir='ltr'><strong>si</strong></span> <span class='ocrx_word' id='word_1_280' title='bbox 1219 3947 1293 3992; x_wconf 85' lang='lat' dir='ltr'><strong>vero</strong></span> <span class='ocrx_word' id='word_1_281' title='bbox 1301 3935 1441 4010; x_wconf 85' lang='lat' dir='ltr'><strong>junxeris</strong></span> 
     </span>
     <span class='ocr_line' id='line_1_38' title="bbox 357 4025 1439 4108; baseline 0.002 -22"><span class='ocrx_word' id='word_1_282' title='bbox 357 4025 415 4086; x_wconf 89' lang='lat' dir='ltr'><strong>illis</strong></span> <span class='ocrx_word' id='word_1_283' title='bbox 435 4025 585 4087; x_wconf 81' lang='lat' dir='ltr'><strong>rmabnlis</strong></span> <span class='ocrx_word' id='word_1_284' title='bbox 598 4043 700 4087; x_wconf 85' lang='lat' dir='ltr'><strong>vocem</strong></span> <span class='ocrx_word' id='word_1_285' title='bbox 714 4034 865 4107; x_wconf 80' lang='lat' dir='ltr'><strong>utorium,</strong></span> <span class='ocrx_word' id='word_1_286' title='bbox 885 4030 1020 4090; x_wconf 90' lang='lat' dir='ltr'><strong>latiorem</strong></span> <span class='ocrx_word' id='word_1_287' title='bbox 1036 4029 1196 4107; x_wconf 85' lang='lat' dir='ltr'><strong>praebeant</strong></span> <span class='ocrx_word' id='word_1_288' title='bbox 1214 4030 1439 4108; x_wconf 74' lang='lat' dir='ltr'><strong>significatum,</strong></span> 
     </span>
     <span class='ocr_line' id='line_1_39' title="bbox 357 4123 1441 4206; baseline 0.004 -25"><span class='ocrx_word' id='word_1_289' title='bbox 357 4129 387 4182; x_wconf 91' lang='lat' dir='ltr'><strong>et</strong></span> <span class='ocrx_word' id='word_1_290' title='bbox 407 4139 498 4200; x_wconf 90' lang='lat' dir='ltr'><strong>aeque</strong></span> <span class='ocrx_word' id='word_1_291' title='bbox 511 4123 589 4201; x_wconf 90' lang='lat' dir='ltr'><strong>apud</strong></span> <span class='ocrx_word' id='word_1_292' title='bbox 604 4129 756 4204; x_wconf 87' lang='lat' dir='ltr'><strong>utrosque,</strong></span> <span class='ocrx_word' id='word_1_293' title='bbox 776 4142 878 4187; x_wconf 88' lang='lat' dir='ltr'><strong>omnes</strong></span> <span class='ocrx_word' id='word_1_294' title='bbox 892 4129 1048 4205; x_wconf 90' lang='lat' dir='ltr'><strong>variosque</strong></span> <span class='ocrx_word' id='word_1_295' title='bbox 1062 4131 1136 4189; x_wconf 88' lang='lat' dir='ltr'><strong>ritus</strong></span> <span class='ocrx_word' id='word_1_296' title='bbox 1148 4129 1282 4206; x_wconf 88' lang='lat' dir='ltr'><strong>capiant,</strong></span> <span class='ocrx_word' id='word_1_297' title='bbox 1291 4145 1367 4206; x_wconf 87' lang='lat' dir='ltr'><strong>quos</strong></span> <span class='ocrx_word' id='word_1_298' title='bbox 1378 4129 1441 4188; x_wconf 83' lang='lat' dir='ltr'><strong>viui</strong></span> 
     </span>
     <span class='ocr_line' id='line_1_40' title="bbox 356 4222 1438 4304; baseline 0.003 -24"><span class='ocrx_word' id='word_1_299' title='bbox 356 4222 474 4298; x_wconf 88' lang='lat' dir='ltr'><strong>explent</strong></span> <span class='ocrx_word' id='word_1_300' title='bbox 494 4240 546 4299; x_wconf 90' lang='lat' dir='ltr'><strong>pro</strong></span> <span class='ocrx_word' id='word_1_301' title='bbox 571 4223 728 4284; x_wconf 75' lang='lat' dir='ltr'><strong>defunctis.</strong></span> <span class='ocrx_word' id='word_1_302' title='bbox 752 4226 789 4285; x_wconf 86' lang='lat' dir='ltr'><strong>Et</strong></span> <span class='ocrx_word' id='word_1_303' title='bbox 808 4241 877 4285; x_wconf 91' lang='lat' dir='ltr'><strong>cum</strong></span> <span class='ocrx_word' id='word_1_304' title='bbox 896 4229 937 4286; x_wconf 87' lang='lat' dir='ltr'><strong>ita</strong></span> <span class='ocrx_word' id='word_1_305' title='bbox 957 4241 989 4286; x_wconf 88' lang='lat' dir='ltr'><strong>se</strong></span> <span class='ocrx_word' id='word_1_306' title='bbox 1009 4225 1117 4287; x_wconf 85' lang='lat' dir='ltr'><strong>babeat</strong></span> <span class='ocrx_word' id='word_1_307' title='bbox 1137 4225 1277 4304; x_wconf 83' lang='lat' dir='ltr'><strong>deptizr&#39;n</strong></span> <span class='ocrx_word' id='word_1_308' title='bbox 1295 4227 1329 4284; x_wconf 91' lang='lat' dir='ltr'><strong>in</strong></span> <span class='ocrx_word' id='word_1_309' title='bbox 1348 4241 1438 4285; x_wconf 91' lang='lat' dir='ltr'><strong>sensu</strong></span> 
     </span>
    </p>
   </div>
   <div class='ocr_carea' id='block_1_5' title="bbox 355 4320 1436 4403">
    <p class='ocr_par' dir='ltr' id='par_1_5' title="bbox 355 4320 1436 4403">
     <span class='ocr_line' id='line_1_41' title="bbox 355 4320 1436 4403; baseline 0 -23"><span class='ocrx_word' id='word_1_310' title='bbox 355 4320 510 4397; x_wconf 87' lang='lat' dir='ltr'><strong>expiandi,</strong></span> <span class='ocrx_word' id='word_1_311' title='bbox 531 4324 615 4382; x_wconf 86' lang='lat' dir='ltr'><strong>sicuti</strong></span> <span class='ocrx_word' id='word_1_312' title='bbox 630 4323 753 4384; x_wconf 81' lang='lat' dir='ltr'><strong>alterum</strong></span> <span class='ocrx_word' id='word_1_313' title='bbox 774 4340 944 4400; x_wconf 88' lang='lat' dir='ltr'><strong>graecorum</strong></span> <span class='ocrx_word' id='word_1_314' title='bbox 958 4324 1136 4403; x_wconf 68' lang='lat' dir='ltr'><strong>meirisin,</strong></span> <span class='ocrx_word' id='word_1_315' title='bbox 1159 4324 1322 4386; x_wconf 85' lang='lat' dir='ltr'><strong>nullimode</strong></span> <span class='ocrx_word' id='word_1_316' title='bbox 1342 4322 1436 4384; x_wconf 89' lang='lat' dir='ltr'><strong>ambi·</strong></span> 
     </span>
    </p>
   </div>
   <div class='ocr_carea' id='block_1_6' title="bbox 0 0 1552 5176">
    <p class='ocr_par' dir='ltr' id='par_1_6' title="bbox 0 0 1552 5176">
     <span class='ocr_line' id='line_1_42' title="bbox 0 0 1552 5176; baseline 0 1"><span class='ocrx_word' id='word_1_317' title='bbox 0 0 1552 5176; x_wconf 95' lang='lat' dir='ltr'><strong> </strong></span> 
     </span>
    </p>
   </div>
  </div>
 </body>
</html>
