3094 5184
834 353 973 402 ...g-

368 473 464 528 noster
484 463 638 542 Seriphuris
661 460 951 522 Dauom-Canentem
973 464 1175 521 auctoritatem
1197 461 1336 540 derogare
1354 481 1434 542 prae·
1520 463 1522 474 '

369 567 484 640 sunit,
521 561 637 639 quanm
667 567 734 620 actu
766 561 870 636 prohat
902 561 1039 620 historiae
1072 563 1252 638 veritatem,
1285 579 1362 639 qnae
1391 565 1437 625 his

311 655 314 664 ’
366 665 530 724 continetur
546 661 648 735 libris,
676 659 833 736 dequibus
850 661 970 737 agitur?
991 659 1094 719 Nonne
1113 662 1182 719 totis
1203 661 1316 720 viribus
1336 669 1436 723 eontra

367 763 509 840 Apionem
533 759 652 818 Flavius
677 775 746 817 suae
768 759 861 834 gentis
888 761 1034 834 gestorum
1062 758 1215 816 veritatem
1240 757 1437 821 demonstrare

367 863 506 932 conatur,
531 856 637 915 docens
664 855 825 942 hebraeos,
855 861 889 914 nt
908 852 986 913 iufra
1005 854 1139 930 dicetur,
1160 871 1229 930 prae
1254 859 1366 934 graeco
1389 875 1434 917 so·

366 957 471 1031 lertes,
488 969 523 1014 ac
541 953 640 1014 ssdeles
650 953 760 1029 fluisse,
778 955 810 1011 in
822 955 884 1012 suis
901 955 973 1011 actis
986 951 1198 1029 describendis,
1221 970 1256 1013 ae
1269 957 1436 1015 servandis?

363 1052 512 1130 Quomodo
531 1053 636 1128 poterit
645 1051 764 1110 Flavius
778 1050 973 1110 additionibus
989 1049 1092 1108 Esther
1113 1050 1199 1110 fldem
1212 1067 1339 1128 negare,
1362 1071 1434 1130 qnae
1531 1067 1532 1072 ’

300 1147 304 1156 ’
368 1145 451 1214 extra
465 1151 611 1211 Cononem
631 1148 799 1209 hebraicum
815 1148 971 1224 leguntur,
994 1147 1064 1208 dnm
1079 1147 1216 1208 historiae
1236 1165 1305 1208 suae
1321 1151 1435 1212 easdam
1531 1167 1532 1190 ³

370 1249 507 1324 inseruit,
527 1250 613 1309 sicuti
626 1250 657 1306 in
670 1249 777 1307 uostris
790 1247 978 1323 Septuaginta
986 1246 1153 1307 habentur?
1174 1249 1433 1328 Sorthitcnlm(1):

370 1372 386 1399 a«
403 1346 560 1424 Aliquanto
584 1350 681 1405 summ
698 1351 782 1420 post,
808 1360 874 1404 eum
899 1345 1086 1422 Bagathous,
1114 1352 1144 1405 et
1164 1347 1359 1424 Thmdestcs,
1387 1350 1432 1408 val

371 1445 499 1506 Tharros
526 1447 557 1503 in
582 1459 618 1502 eo
645 1449 761 1518 essent,
784 1449 819 1502 ut
840 1441 960 1501 insidias
979 1444 1042 1518 regi
1067 1448 1226 1518 struerent,
1251 1444 1434 1505 Bamabasns
1531 1497 1532 1538 ,

328 1589 331 1594 .
371 1543 489 1602 alterins
508 1539 636 1600 eunuchi
652 1555 770 1615 servus,
787 1555 891 1615 genero
904 1538 1053 1615 judaeus,
1078 1540 1114 1598 iis
1129 1541 1300 1618 intellectis,
1320 1557 1381 1600 rem
1399 1542 1435 1602 ad
1531 1543 1532 1548 ’

369 1645 506 1716 patruum
535 1639 635 1697 uxoris
667 1638 743 1714 regis
773 1636 876 1696 defert.
911 1634 951 1695 At
977 1635 1186 1696 Mardochaeus
1212 1654 1262 1714 par
1287 1638 1435 1698 Estherem
1531 1629 1532 1694 3

370 1739 432 1813 regi
460 1735 641 1794 insidiatores
660 1734 795 1810 prodidit.
821 1735 886 1794 Rex
902 1751 973 1793 vero
991 1737 1109 1794 territus
1130 1739 1281 1796 vemmtem
1301 1740 1429 1813 invenlt,

374 1839 404 1892 et
429 1833 596 1892 ennuchum
612 1832 730 1910 quidem
747 1835 826 1892 cruci
846 1831 933 1908 lixit3
954 1831 1148 1892 Mardochaeo
1164 1849 1253 1909 vero,
1274 1840 1309 1893 nt
1327 1837 1379 1910 qai
1391 1850 1432 1894 sa·

369 1929 438 1989 lulis
462 1931 519 2006 ipsi
539 1936 640 1991 auctor
663 1929 775 2008 luerat,
804 1935 875 1989 tunc
900 1929 1017 2006 quidem
1038 1929 1111 1988 nihil
1141 1933 1308 2007 praestitit3
1338 1937 1433 1991 tamon

368 2043 475 2088 nomen
484 2031 545 2105 ejus
563 2044 582 2087 a
598 2027 871 2087 commentatoribus
881 2028 1040 2088 lnannalas
1050 2027 1152 2086 referri
1159 2030 1266 2104 jussit,
1284 2031 1434 2104 ipsumque
1531 2035 1532 2086 l

369 2127 401 2184 in
420 2127 500 2202 regia
519 2141 655 2202 manere,
673 2126 749 2184 inter
771 2127 848 2202 regis
871 2125 1003 2184 habitum
1026 2128 1134 2186 arnicos
1153 2128 1281 2184 maxima
1304 2143 1433 2186 necessa·

369 2224 458 2282 rios.»
482 2221 669 2300 Septuaginta
687 2239 777 2300 vero,
796 2228 825 2281 et
837 2222 964 2299 Vulgata
980 2228 1081 2282 nostra
1101 2223 1173 2284 haee
1194 2222 1319 2282 habent:
1345 2248 1359 2275 «
1373 2223 1433 2282 hlo-

366 2321 485 2381 rabatur
517 2327 614 2382 summ
642 2321 851 2382 Mardochaeus
880 2338 915 2381 so
942 2327 1070 2398 tempore
1097 2323 1130 2380 in
1161 2323 1229 2382 arula
1256 2323 1334 2398 regis
1363 2339 1428 2381 curn

367 2418 520 2496 Burgatha,
542 2427 570 2480 et
591 2421 688 2480 Thura
708 2419 848 2479 eunuchis
868 2421 964 2497 regis,
985 2422 1035 2497 qul
1050 2423 1191 2496 janitores
1209 2425 1292 2480 erant
1316 2421 1429 2496 palatii3

370 2534 438 2578 cum
452 2519 639 2578 intellexisset
655 2520 842 2596 cogitationes
863 2535 982 2596 eorum,
1006 2525 1035 2578 et
1050 2535 1135 2580 curas
1153 2520 1321 2596 diligentius
1341 2521 1433 2596 pervi-

364 2613 476 2691 disset,
497 2613 621 2691 didicit,
641 2615 720 2692 quod
735 2622 909 2676 donarentur
932 2619 964 2675 in
991 2633 1088 2694 regem
1110 2616 1303 2676 Artaxerxem
1327 2633 1429 2677 manos

370 2712 503 2787 mittere,
535 2717 564 2771 ct
590 2715 736 2772 nuntiavit
763 2729 849 2789 snper
875 2729 909 2772 eo
934 2717 1020 2790 regi,
1048 2713 1158 2790 quide
1185 2720 1309 2790 uhoque
1334 2714 1432 2773 habita

243 2871 249 2874 ,
368 2810 555 2883 quaestione,
583 2809 728 2870 confessos
746 2803 835 2886 jussit
859 2810 926 2869 duci
943 2811 981 2869 ad
1003 2818 1135 2870 mortam.
1157 2811 1222 2871 Rex
1241 2817 1341 2870 autem
1359 2811 1433 2888 qnod

367 2911 483 2982 gestum
498 2911 580 2983 erat,
606 2910 721 2983 scripsit
737 2911 768 2966 in
784 2911 1020 2985 commentariis;
1043 2907 1093 2968 sed
1114 2915 1144 2968 et
1164 2908 1377 2988 Mardochaaus
1394 2909 1433 2966 rai

367 3005 539 3062 memoriam
566 3004 670 3064 litteris
698 3006 842 3083 tradidit,
874 3013 903 3066 at
923 3009 1067 3082 praecepit
1095 3008 1121 3064 el
1146 3005 1230 3081 Rex,
1255 3011 1290 3064 ut
1314 3005 1433 3064 inania

365 3099 467 3176 palatii
486 3108 668 3178 moraretur,
692 3103 768 3162 datis
792 3106 818 3164 el
836 3120 890 3180 pro
909 3104 1052 3163 delatione
1074 3102 1271 3162 muneribus.»
1294 3103 1430 3178 Quisquis

367 3195 473 3256 harum
485 3201 684 3258 narrationum
697 3202 837 3261 unitatem
846 3203 975 3278 percipit.
1000 3201 1152 3284 Praeterea
1162 3199 1269 3258 ibidem
1277 3199 1430 3258 historiens

363 3301 464 3353 ¹censet
482 3298 630 3379 exemplar
648 3299 783 3373 epistolae
795 3301 909 3374 regiae,
928 3314 1017 3374 quam
1034 3300 1113 3357 misit
1122 3297 1217 3356 Amen
1234 3298 1273 3356 ad
1284 3298 1426 3372 principes

366 3394 583 3466 provinciarum
596 3409 681 3469 super
692 3394 808 3454 caedem
824 3395 1017 3471 judaeorum,
1036 3411 1071 3455 ac
1091 3397 1179 3454 etiam
1196 3394 1327 3470 ejusdem
1347 3393 1429 3452 edicti

327 3469 344 3494 ⁸
367 3491 600 3566 revocationem,
628 3491 786 3566 ambaeque
804 3493 939 3567 epistolae
955 3493 1039 3568 quasi
1060 3491 1097 3550 ad
1113 3491 1239 3550 duanam
1260 3490 1432 3566 respondent

367 3589 460 3644 textui
482 3588 688 3665 alexandrino,
720 3591 766 3649 vel
791 3590 917 3667 Vulgata
936 3589 1237 3663 DeuteroCanonioo,
1259 3594 1347 3663 prout
1365 3586 1431 3663 lagi·

365 3697 442 3742 mus.
466 3681 587 3761 Insuper
600 3685 842 3748 Machabaeorom
857 3689 1007 3748 historiam
1020 3691 1052 3746 in
1068 3687 1127 3746 line
1146 3703 1208 3762 nur,
1229 3692 1258 3746 et
1270 3701 1349 3744 ¹111.
1369 3685 1432 3743 lihri

367 3780 582 3857 Antiquitatum
600 3787 740 3844 narravit.
763 3785 932 3859 Quodnam
946 3787 1067 3844 maxirni
1083 3783 1268 3858 faciendum,
1299 3782 1375 3842 liber
1387 3782 1434 3840 ille

368 3883 431 3953 est,
461 3877 498 3937 dc
519 3881 639 3958 imperio
659 3883 782 3942 rahonis
806 3889 1009 3959 nuncupatus,
1030 3881 1080 3940 ubi
1098 3885 1186 3957 juxta
1201 3881 1431 3952 institutionem,

371 3977 509 4052 appositis
525 3976 645 4057 Jaoobi,
673 3980 811 4056 losephi,
837 3980 978 4057 mvldh,
1000 3979 1128 4040 Danielis
1152 3981 1183 4038 in
1207 3978 1275 4038 lacn
1295 3977 1429 4050 leonum,

366 4075 456 4133 trium
481 4091 636 4152 puemrum
661 4080 694 4138 in
720 4077 837 4139 fornace
865 4078 1024 4156 exemplis,
1044 4077 1287 4138 Machabacornm
1310 4075 1429 4152 denique

402 4275 436 4338 (i)
458 4281 526 4328 Tom.
540 4283 560 4329 l.
572 4293 626 4343 pag.
641 4287 694 4332 568,
707 4279 772 4334 Edit.
786 4281 918 4333 hmatelod.
