3022 5178
570 359 750 410 *229—

110 485 183 548 para
196 471 327 530 animam
339 475 421 528 tuam
433 466 470 526 ad
483 469 682 526 tentationem.
694 493 707 518 u
724 468 759 526 In
773 465 900 526 secunda
912 468 1025 545 synodo
1037 471 1188 545 aquisgra-

111 571 197 628 nensi
215 584 294 628 anno
308 574 366 626 836
379 564 480 625 habita
494 567 588 640 capite
600 568 686 625 tertio
706 566 742 625 de
765 568 924 626 ministerio
942 569 1020 644 regis
1031 566 1195 644 disseritur,

111 672 141 724 st
158 671 315 742 postquam
334 663 390 723 lob
408 668 437 722 et
457 663 681 722 Proverbiorum
701 661 773 722 liber
790 665 938 738 expositus
951 671 995 724 ast
1010 665 1046 723 de
1064 665 1120 725 bae
1143 681 1174 724 re
1182 649 1194 742 ⁵,

109 763 277 840 Sapientiae
286 761 354 820 libri
370 761 490 820 effertur
499 763 650 820 sententia:
662 760 698 836 (1)
717 785 728 810 a
741 760 778 820 Et
791 763 822 818 in
833 761 996 836 Sapientiae
1013 762 1087 820 libro
1098 781 1105 821 :
1115 795 1128 808 ·
1141 763 1192 838 Di7

1 849 3 872 ⁷
110 864 195 938 ligite
208 862 353 936 justitiam
376 862 426 936 qui
440 859 578 936 judicatis
597 866 725 933 terram,
745 861 850 918 sentite
865 859 901 918 de
919 860 1042 918 Domino
1060 863 1091 918 in
1111 861 1194 924 boni·

109 966 183 1019 tate.
198 983 211 1010 »
227 958 327 1034 Capite
347 973 424 1014 xrrr.
449 957 486 1015 de
508 957 677 1016 educatione
700 956 858 1016 liberorum
879 956 1001 1016 dicitur:
1022 955 1195 1018 «Attendite

1 1064 3 1069 '
111 1060 203 1117 etiam
216 1055 351 1130 Tobiam,
366 1055 402 1113 de
420 1070 479 1131 quo
498 1055 604 1130 legitur
620 1055 762 1113 allocutus
776 1069 840 1112 esse
853 1053 946 1112 illium
962 1069 1063 1112 suumr
1076 1054 1197 1113 -0mni-

1 1230 3 1240 y
111 1155 188 1230 bus,
206 1155 319 1228 inquit,
336 1151 441 1211 diebus
461 1153 540 1210 vitae
559 1157 627 1210 tuae
644 1151 750 1210 habeto
775 1151 868 1211 Deum
889 1153 920 1208 in
947 1158 1058 1227 mente,
1080 1158 1109 1210 et
1125 1167 1198 1211 cave

111 1269 151 1310 ne
171 1250 330 1327 aliquando
349 1251 513 1308 consentias
541 1255 675 1324 peccato,
697 1255 726 1306 et
742 1250 955 1324 praetermittas
975 1254 1128 1324 praecepta
1145 1249 1197 1308 liei

1 1329 7 1362 '¹
110 1351 217 1408 nostri.
234 1374 246 1399 »
263 1348 363 1422 Capite
376 1363 472 1406 xvrrr.
489 1346 617 1422 ejusdem
631 1346 765 1422 concilii,
782 1347 856 1405 libro
872 1346 999 1406 secundo
1013 1345 1051 1404 ad
1062 1345 1199 1421 Piplnum

110 1463 214 1522 regem
231 1443 417 1521 Aquitaniae,
428 1443 674 1502 Machabaeorum
687 1443 810 1502 historia
829 1445 998 1518 exponitur:
1019 1443 1122 1502 «Idem
1141 1445 1196 1520 igi·

111 1549 163 1603 tur
181 1543 243 1602 Deo
261 1547 409 1600 sacratum
426 1540 568 1615 templum
586 1541 624 1598 ab
637 1543 764 1600 externis
783 1541 918 1618 gentibus
936 1545 1050 1599 constat
1066 1557 1129 1600 esse
1148 1557 1199 1600 ve·

1 1674 3 1682 ·
112 1648 263 1716 neretum,
279 1645 308 1698 et
324 1639 533 1713 multiplicibus
550 1638 636 1697 donis
649 1638 836 1729 honoratum,
852 1641 929 1697 sicut
943 1637 1033 1697 babes
1046 1637 1083 1698 de
1096 1639 1199 1698 Hiram

113 1755 185 1815 rege
202 1739 275 1814 Tyri
289 1742 318 1795 et
331 1737 367 1796 de
382 1735 500 1796 Seleuco
519 1751 586 1812 rege
601 1735 706 1812 Asiae,
722 1737 758 1795 de
772 1751 830 1812 quo
844 1736 918 1794 libro
932 1735 1059 1794 secundo
1076 1735 1197 1796 Macha-

3 1860 8 1866 ·
113 1837 256 1897 baeorum
273 1835 311 1911 (a)
327 1835 449 1911 legitur:
465 1836 584 1911 -Igitur
602 1851 669 1894 cum
689 1841 791 1894 sancta
804 1837 908 1894 civitas
926 1833 1106 1894 habitaretur
1120 1837 1201 1894 omni

116 1951 205 2012 pace,
220 1935 298 2010 leges
314 1935 401 1992 etiam
414 1931 510 1992 adbuc
535 1933 643 2008 optime
660 1933 873 1992 custodirentur
887 1939 1004 2008 propter
1018 1931 1109 1992 Ouiae
1127 1949 1198 2008 pon·

9 2037 12 2062 ²
116 2034 206 2094 tiliois
222 2035 368 2108 pietatem.
384 2056 396 2082 »
413 2031 544 2090 Plurima
564 2030 620 2089 hoc
639 2033 671 2088 in
691 2031 755 2089 loco
773 2047 809 2090 ex
830 2031 930 2089 eodem
952 2030 1102 2105 Scriptura
1119 2047 1198 2089 sum·

4 2127 12 2166 ²
113 2139 166 2208 pta
187 2137 275 2206 sunt,
293 2133 338 2188 uti
357 2147 394 2189 ex
417 2128 604 2204 sequentibus
623 2129 765 2203 capitibus
782 2134 872 2203 patet.
888 2128 988 2203 Capite
1001 2146 1075 2187 xxx.
1095 2129 1132 2188 de
1144 2129 1198 2190 Ju-

8 2256 12 2263 -
112 2229 179 2288 olith
197 2229 358 2288 disseritur:
378 2226 484 2299 «Quod
497 2241 566 2284 vero
579 2225 639 2284 Deo
652 2224 761 2301 oblata,
776 2239 851 2301 quac
864 2227 964 2301 utique
977 2231 1079 2284 sancta
1091 2239 1200 2284 vocan-

0 2319 11 2358 ³
113 2334 164 2386 tur
183 2325 221 2385 ab
239 2325 301 2401 bis,
326 2324 432 2400 quibus
453 2322 583 2383 officium
603 2339 663 2381 non
683 2328 742 2397 est,
765 2322 874 2382 auferri
892 2323 982 2380 immo
1002 2324 1132 2398 contingi
1153 2322 1199 2382 las

9 2445 11 2457 r
113 2440 175 2483 non
194 2426 249 2498 sit,
267 2421 358 2480 verba
379 2421 483 2482 iudith
499 2421 536 2497 (a)
553 2422 696 2497 loquentis
716 2420 753 2479 ad
769 2420 984 2495 Holophernem
1002 2425 1132 2494 patenter
1156 2423 1200 2479 ln·

1 2523 12 2567 2³
113 2528 232 2595 nuunt,
251 2535 325 2596 quae
347 2521 388 2578 ita
408 2521 519 2594 inquit:
538 2519 694 2594 -benique
715 2518 771 2577 boo
797 2518 949 2593 ordinant,
974 2524 1006 2577 ut
1024 2516 1201 2578 interficiant

1 2603 12 2646 ‘¹
114 2635 222 2698 pecora
241 2635 313 2694 sua,
332 2626 360 2678 et
376 2621 547 2695 sanguinem
566 2634 667 2678 eorum
686 2618 806 2692 bibant,
828 2624 857 2676 et
875 2624 977 2677 sancta
998 2616 1114 2676 Domini
1133 2621 1197 2696 sui,

3 2728 13 2763 r
114 2735 193 2794 qnae
210 2719 354 2793 praecepit
370 2719 601 2792 non‘contingi,
619 2718 651 2775 in
667 2715 829 2791 frumento,
845 2717 915 2773 vino
933 2721 962 2774 et
978 2716 1041 2774 oleo
1060 2715 1133 2776 haec
1149 2732 1197 2776 eo-

1 2820 11 2832 ’·
111 2818 281 2893 gitaverunt
293 2815 457 2890 impendere
474 2820 503 2872 et
516 2815 620 2874 volunt
633 2829 818 2888 consumere,
835 2829 910 2889 quae
927 2829 981 2872 nec
999 2812 1134 2872 manibus
1150 2814 1199 2872 de·

1 2935 4 2958 1
112 2913 205 2974 beant
222 2915 409 2990 contingere3
428 2927 497 2988 ergo
523 2915 662 2989 quoniam
682 2913 755 2971 haec
776 2913 907 2987 iaciunt,
933 2918 1044 2972 certum
1062 2912 1200 2988 estquod

1 3029 6 3062 ’-
112 3014 145 3070 in
166 3011 358 3087 perditionem
380 3010 543 3069 dabuntur:
560 3040 573 3054 ·
593 3012 630 3070 llt
643 3012 668 3068 si
686 3010 761 3070 forte
778 3017 899 3086 quaerat
917 3013 1072 3086 quisquam
1089 3027 1126 3070 ex
1140 3027 1200 3085 qua

7 3148 11 3157 ·
113 3109 287 3168 anctoritate
304 3107 407 3166 iudith
420 3107 492 3166 baec
512 3107 602 3167 verba
621 3107 792 3182 protulerit,
819 3107 897 3182 legat
915 3106 1068 3182 diiigenter
1088 3107 1198 3166 Levib-

112 3211 227 3266 cumei
246 3211 356 3266 ceteros
376 3208 482 3264 veteris
505 3207 670 3264 testamenti
692 3205 782 3264 libros
811 3211 866 3263 etc.
883 3229 895 3254 »
914 3203 1078 3262 Sententiae
1102 3206 1197 3281 istae,

1 3307 11 3339 ²
111 3303 221 3380 quibus
242 3319 259 3362 a
277 3303 399 3364 concilio
421 3303 631 3362 confirmentur
651 3319 703 3378 ea,
730 3317 805 3379 quae
833 3303 895 3378 regi
919 3301 1023 3377 Pipino
1043 3301 1080 3361 ab
1096 3301 1198 3360 eodem

0 3429 1 3456 r
112 3406 332 3476 suggeruntur,
355 3407 423 3460 sunt
449 3417 486 3460 ex
509 3401 566 3460 illis
587 3399 742 3478 Scripturis
761 3401 889 3476 divinis,
914 3415 1038 3476 quarum
1055 3401 1150 3475 primo
1170 3407 1199 3460 et
1240 3415 1246 3432 ·

1 3531 9 3558 r
111 3498 243 3558 secundo
259 3502 353 3574 capite
377 3500 543 3575 epatribus
562 3499 769 3574 praescribitur
786 3499 882 3558 lectio.
905 3498 1044 3558 Nicolaus
1070 3496 1151 3574 Papa
1170 3498 1196 3557 1.

0 3627 4 3648 ι
111 3598 176 3656 suis
195 3598 227 3653 in
245 3596 401 3673 encyclicis
420 3596 458 3655 ad
479 3599 627 3673 episcopos
645 3604 675 3657 et
694 3596 733 3656 ad
759 3597 857 3656 fideles
882 3599 913 3656 in
933 3611 1023 3656 causa
1044 3595 1142 3656 Photii
1157 3596 1196 3672 (4)

111 3709 199 3768 saepe
215 3695 329 3768 saepius
346 3693 561 3768 Scripturarum
578 3696 770 3754 Deuterarum
788 3697 880 3754 utitur
895 3696 1085 3768 testimoniis,
1105 3699 1134 3752 et
1147 3709 1196 3752 ens

1 3848 2 3856 ,
110 3807 144 3850 sc
158 3789 312 3865 prolitetur
330 3790 437 3850 habere
457 3798 490 3850 ut
514 3794 633 3852 oracula
652 3793 753 3851 divina
770 3809 830 3852 una
852 3807 920 3852 cum
939 3791 1197 3852 Proto-canonicis

111 3887 225 3946 Bibliis.
240 3887 433 3948 InBreviario
450 3890 557 3965 synodi
568 3897 689 3948 octavae
709 3889 746 3949 de
763 3890 844 3950 cultu
867 3905 1017 3950 sacrarum
1033 3892 1196 3966 imaginum

1 4043 3 4054 ,
110 3991 215 4044 contra
231 3985 368 4045 Photium
389 4003 490 4046 omnes
511 3993 608 4063 patres
628 3989 742 4047 concidi
764 3988 853 4048 verba
872 3987 1075 4064 chrysostomi
1095 3993 1195 4062 protu-

139 4195 174 4258 (i)
195 4197 251 4260 Sap.
263 4211 284 4246 c.
296 4199 315 4246 l.
333 4205 352 4247 i.
365 4223 395 4234 -
413 4197 448 4262 (a)
460 4206 482 4247 2.
493 4199 554 4248 Mae.
566 4211 589 4247 c.
601 4200 646 4246 lll.
657 4223 687 4234 --
697 4197 731 4260 (3)
750 4197 834 4247 ruditu
856 4211 876 4247 c.
889 4201 930 4248 xl.
944 4223 974 4234 -
986 4197 1020 4261 (i)
1039 4197 1129 4254 babbei
1147 4209 1189 4246 nn-

112 4287 144 4324 no
156 4281 211 4326 860.
