3022 5178
827 367 1005 418 *198-

675 567 1010 634 PROPOSITIO
1047 576 1149 636 I'III.

374 763 596 824 Sententiarum
614 768 738 844 epitome
748 811 757 842 ,
778 785 850 846 qnos
868 768 904 828 dc
923 770 1084 849 Scrrptnris
1098 775 1381 842 omino-tamnus
1394 803 1430 844 oe-

417 865 486 920 teris
506 859 638 938 foederis
656 865 806 924 Ecclesiae
828 866 963 927 doctores
984 873 1094 948 scripto
1120 873 1315 950 rncndnncnt,
1338 880 1371 938 nt
1386 886 1430 942 ini-

416 964 457 1020 tio
474 963 585 1022 saecatli
597 968 677 1023 senti
695 983 786 1043 nuque
808 967 849 1025 ad
863 969 981 1026 concilii
1001 970 1155 1032 tridentini
1174 979 1306 1035 aetutem.

414 1155 440 1228 S.
465 1155 489 1214 1.
510 1157 668 1234 Hucusque
693 1160 823 1219 studium
848 1169 1002 1238 nostrum,
1025 1172 1054 1223 et
1081 1166 1245 1228 sollicitudo
1263 1172 1294 1228 iu
1313 1172 1432 1233 Ecclesiae

373 1259 489 1327 patrum
510 1259 661 1316 sententiis
685 1258 722 1316 de
749 1258 851 1318 Bibliis
880 1260 1174 1326 licuisse-Canonium
1203 1269 1372 1343 exponendis
1400 1279 1432 1330 est

374 1358 510 1428 versata,
525 1360 555 1413 et
573 1355 716 1431 quidquid
733 1358 789 1432 ipsi
805 1358 956 1434 sigillatim
977 1360 1013 1419 de
1031 1362 1087 1421 hac
1109 1368 1278 1440 quaestione
1294 1377 1431 1444 senserant,

375 1465 429 1524 pro
444 1451 557 1510 viribus
570 1457 678 1514 nostris
696 1457 841 1530 explicare
857 1461 1035 1519 curavimus.
1052 1461 1138 1521 Nunc
1155 1480 1225 1523 vero
1241 1471 1357 1525 aetatem
1369 1484 1432 1541 prae·

375 1552 531 1625 tergressl,
551 1567 609 1627 qua
627 1553 788 1612 adsrersarii
806 1563 908 1614 contra
928 1556 1092 1632 Scripturas
1112 1561 1253 1622 Deuteras
1270 1566 1368 1622 veteris
1388 1564 1433 1624 loe

376 1647 454 1707 deris
469 1663 571 1706 vocem
587 1649 735 1725 extulere,
748 1657 776 1710 et
790 1652 863 1711 illud
877 1660 992 1729 tempus
1007 1660 1148 1732 assecuti,
1166 1676 1225 1734 qno
1243 1662 1296 1735 ipsi
1308 1664 1383 1736 qnasi
1395 1678 1433 1721 uo
1487 1695 1488 1753 q

376 1744 489 1814 hiscum
506 1747 614 1823 pariter
628 1747 664 1806 de
677 1763 777 1806 earum
794 1766 850 1809 usu
868 1757 896 1809 et
914 1753 1087 1832 divinitate,
1105 1757 1211 1833 quibus
1230 1758 1269 1816 ab
1290 1760 1434 1820 ecclesiasti-
1487 1773 1488 1814 3

376 1847 418 1904 cis
438 1845 606 1908 doctoribus
626 1852 794 1908 aestimatae
807 1851 946 1930 fuerunt,
966 1855 1194 1928 conveniebant,
1218 1855 1358 1931 prioribus
1375 1861 1434 1916 curis

376 1950 511 2020 omissis,
527 1950 590 2006 vias
606 1946 752 2021 planiores
764 1959 977 2030 percurrentes,
995 1954 1077 2013 brevi
1090 1959 1294 2032 syntagmate,
1310 1960 1342 2012 ut
1357 1957 1392 2014 ita
1402 1955 1434 2013 n·-

376 2063 462 2120 cam,
482 2045 629 2106 Ecclesiae
649 2049 824 2122 scriptorum
838 2054 996 2112 sententias
1016 2069 1212 2129 exponemus,
1228 2053 1333 2130 quibis
1349 2056 1396 2130 ipsi
1408 2055 1434 2112 ab

377 2149 460 2206 initio
478 2146 587 2205 saeculi
606 2148 682 2205 sexti
709 2147 746 2204 ad
778 2151 893 2210 concilii
911 2152 1061 2210 tridentini
1077 2157 1200 2210 aetaoem
1220 2168 1331 2228 usque,
1353 2152 1434 2211 Biblio

377 2259 443 2303 rum
457 2245 812 2307 Dentato-canonicorum
830 2249 1014 2308 divimtatem
1033 2251 1132 2308 testrui
1151 2255 1230 2308 snut.

415 2345 443 2420 S.
460 2344 500 2403 11.
523 2344 639 2404 Primus
659 2345 743 2404 nobis
765 2347 863 2407 adstat
879 2351 910 2405 in
930 2348 1059 2408 Ecclesia
1080 2347 1172 2406 latina
1185 2347 1434 2422 Cassiodorus,qui

377 2442 432 2502 sub
447 2441 601 2504 dimidium
622 2447 731 2506 saeculi
750 2448 824 2506 sexti
841 2447 1001 2507 christiana
1018 2448 1125 2521 pietate
1145 2453 1174 2505 et
1191 2447 1354 2505 divinorum
1366 2446 1433 2504 libro

377 2558 444 2604 rum
457 2545 561 2605 studiis
582 2547 696 2605 claruit.
715 2546 750 2604 ln
765 2546 957 2606 adolescents
972 2546 1068 2622 enim,
1097 2548 1175 2606 curis
1189 2545 1380 2606 saecularibus
1391 2550 1434 2604 su·

377 2644 461 2717 duit,
482 2645 586 2708 deinde
609 2649 770 2708 monachus
789 2648 911 2706 effectus
923 2654 1018 2706 totum
1031 2661 1093 2705 sese
1106 2646 1215 2706 divinis
1230 2646 1316 2705 rebus
1335 2643 1433 2716 addixii,

379 2745 487 2821 aliique
503 2750 592 2806 etiam
605 2749 740 2822 curavit,
755 2755 789 2807 ut
802 2747 858 2806 hoc
875 2749 906 2804 in
919 2747 1035 2823 negotio
1049 2745 1226 2804 laborarent.
1248 2743 1321 2805 Cum
1340 2742 1433 2817 lgapy·

378 2848 410 2900 ia
428 2843 565 2919 pontifice
582 2847 664 2902 nisus
685 2852 730 2903 est
746 2846 858 2904 Romae
875 2844 989 2904 scholas
1012 2843 1144 2919 publicas
1168 2845 1319 2902 instituere
1336 2853 1383 2916 pro
1400 2852 1433 2895 sa·

380 2943 437 2998 cris
458 2941 613 3016 seripturis
634 2942 835 3018 addiscendis,
852 2945 937 3002 sicuti
956 2941 1152 3000 Alexandriae
1170 2940 1227 2998 hoc
1242 2934 1435 2998 institutumalr
1488 2978 1489 3036 ι

377 3039 505 3113 antiquis
523 3039 701 3115 temporibus
720 3047 868 3099 servatum
883 3045 955 3098 erat.
973 3039 1033 3098 Nos
1051 3038 1139 3098 modo
1158 3055 1175 3096 e
1197 3040 1259 3098 suis
1279 3037 1385 3112 scriptis
1398 3047 1434 3090 ex-

376 3138 544 3213 quirentes,
566 3153 641 3214 quae
662 3138 698 3197 de
716 3138 872 3214 Scripturis
898 3137 1030 3196 Deuteris
1052 3137 1169 3211 docuit,
1188 3138 1218 3193 in
1246 3150 1331 3195 suum
1349 3131 1434 3191 librum
1488 3197 1489 3200 Ἴ

377 3235 549 3310 incidimus,
568 3239 618 3313 qni
638 3237 757 3296 tilulum
774 3235 875 3296 effert:
892 3236 958 3294 -De
973 3236 1154 3294 institutione
1168 3235 1336 3292 divinarum
1350 3230 1435 3289 littera·

377 3349 455 3393 rum.
468 3334 524 3392 ·In
538 3333 594 3392 hoc
606 3332 796 3394 Casstodorus
810 3341 869 3393 tres
883 3329 990 3392 classes
1003 3335 1149 3409 proponit,
1164 3333 1196 3390 in
1206 3331 1313 3407 quibus
1327 3326 1436 3388 didius

376 3439 425 3491 tur
441 3430 559 3490 divinae
577 3430 752 3508 Scripturas.
775 3433 810 3491 In
831 3434 926 3507 prima
945 3431 1037 3490 classe
1060 3430 1179 3506 deponit
1204 3444 1345 3488 canonem
1366 3423 1434 3484 libro·

377 3543 442 3590 rum
455 3536 543 3608 Juxta
562 3531 665 3589 divum
682 3531 907 3608 Hieronymum,
924 3545 1011 3607 quem
1031 3533 1093 3604 ipse
1113 3527 1221 3587 latetur
1239 3543 1271 3586 se
1285 3526 1434 3603 judaeorum

377 3632 470 3688 menti
488 3629 743 3703 accommodasse,
763 3634 792 3686 et
811 3645 827 3686 e
847 3627 930 3687 libris
949 3643 1050 3686 eorum
1072 3642 1136 3686 esse
1159 3628 1392 3701 interpretatum,
1412 3621 1436 3676 ul

376 3727 507 3801 ipsorum
528 3728 719 3802 pertinaciam
738 3727 935 3804 redargueret.
953 3725 1103 3784 Secundae
1120 3723 1207 3782 classi
1226 3717 1435 3781 inseruissem

376 3841 443 3883 nem
458 3825 625 3885 divinorum
640 3827 782 3886 librorum
796 3829 883 3902 juxta
901 3825 1002 3884 dlvum
1017 3823 1227 3900 augustinum,
1244 3835 1331 3896 qnam
1342 3829 1390 3875 nos
1401 3826 1436 3871 sn·

377 3941 431 3998 pra
444 3928 642 4001 exposuimus.
665 3925 779 3984 Tertiae
794 3925 880 3984 classi
894 3924 1029 4000 adposuit
1043 3921 1190 3980 canonem
1203 3923 1291 3997 juxta
1308 3917 1435 3990 antiqutli

375 4022 597 4082 translatIonem
617 4029 646 4082 et
666 4022 827 4082 secundum
847 4021 1047 4097 Septuaginta.

414 4121 533 4198 Integra
546 4127 644 4181 summ
662 4120 813 4196 Scriptura
826 4119 946 4194 divina,
961 4134 1053 4195 quae,
1068 4123 1102 4174 ut
1118 4119 1180 4191 ipse
1196 4112 1379 4174 Cassiodorus
1390 4109 1434 4174 n't,

373 4234 498 4294 superna
517 4220 581 4280 luce
599 4218 779 4294 resplendet,
794 4223 823 4276 et
841 4219 872 4275 ln
890 4233 924 4274 en
943 4219 1037 4274 virtus
1056 4213 1180 4291 Spiritus
1196 4214 1294 4272 Sancti
1307 4207 1434 4269 evidenter

373 4313 505 4393 irradiat,
527 4318 557 4374 ln
575 4332 681 4376 novem
702 4314 827 4391 codices,
847 4315 902 4372 sub
918 4314 1071 4372 collatione
1085 4309 1395 4388 priscorumcodicnm,
1408 4298 1434 4357 ab
