3070 5180
533 435 676 487 ...5-

69 545 139 624 regni
159 541 311 604 coelorum
338 540 473 619 tradidit,
492 548 537 602 est
557 539 669 622 locuta,
694 542 815 620 ideoque
842 560 896 622 pro
923 545 1036 607 vhihns
1053 546 1147 626 Syno-

68 643 128 703 dum
146 658 208 703 uon
229 657 344 702 errasse
365 641 563 701 demonstrare
577 640 720 719 conabor,
740 658 834 720 neque
854 642 964 704 frustra
977 661 1031 721 pro
1043 644 1152 706 Bihlio-

70 759 124 802 rum
135 739 332 802 Deuterorum
349 739 500 799 divinitus
515 742 688 800 sententiam
705 739 839 800 edixisse.
858 740 954 818 Atque
966 741 1088 802 Petrum
1102 759 1151 804 au·

68 841 260 916 aunuuhns,
287 855 322 899 ac
342 845 502 898 ceterorum
518 838 670 898 doctorum
688 841 818 914 scriptis,
837 845 867 898 et
884 841 1047 899 intrinsecis
1061 857 1146 918 argu·

69 940 177 1015 mentis,
193 953 275 1014 quae
292 938 362 1012 ipsis
373 935 528 1012 Scripturis
545 934 684 994 Secundis
703 942 877 1014 exsurgent,
898 941 927 996 et
940 936 1085 998 historicis
1103 953 1150 998 sa·

68 1038 114 1094 cris
128 1041 156 1095 et
174 1034 357 1112 prophanis,
374 1039 460 1110 atque
480 1033 545 1092 aliis
565 1034 777 1110 monumentis,
798 1049 873 1110 quae
892 1049 946 1109 pro
959 1049 1060 1094 earum
1074 1037 1149 1094 veri-

69 1139 128 1209 tate,
146 1149 181 1192 ae
199 1132 358 1192 divinitate
371 1135 521 1208 pugnant,
542 1128 598 1188 hcc
614 1130 869 1189 demonstrationis
888 1147 979 1208 geum
990 1132 1149 1208 exornab03

69 1245 98 1289 aa
114 1229 220 1306 qrihus
233 1227 372 1288 omnihus
385 1227 505 1287 tandem
520 1243 581 1286 non
595 1243 694 1286 coram
708 1227 882 1287 adversariis
894 1230 1000 1288 nostris
1023 1235 1150 1305 tantum,

70 1343 158 1386 rerum
169 1327 264 1385 etiam
277 1325 444 1402 catholicis,
456 1327 507 1402 qui
521 1322 577 1383 hoe
594 1326 742 1401 negotium
755 1327 879 1384 assecuti
891 1331 971 1401 sunt,
983 1327 1090 1402 quique
1099 1325 1151 1403 (i),

72 1423 122 1498 (eos
140 1429 304 1484 veneratus
322 1422 452 1500 inquam)
475 1439 537 1482 ram
555 1438 610 1482 acu
627 1437 686 1481 nou
707 1424 884 1500 attigerunt,
897 1429 985 1499 prout
1002 1425 1074 1482 meis
1096 1423 1154 1482 dis·

71 1521 267 1596 mdtionibus
287 1519 445 1596 constabit,
467 1519 591 1578 inlibris
603 1517 892 1579 neuterodmonrcis
908 1522 1013 1580 veteris
1027 1519 1151 1580 foederis

71 1617 156 1678 huna
180 1619 359 1695 inspiratio,
381 1633 415 1676 aa
436 1616 504 1675 inde
524 1615 646 1676 Concilii
665 1617 827 1676 Tridentini
847 1619 1046 1677 tesdmonium
1067 1616 1150 1678 iucu-

73 1715 162 1775 ieriius
182 1715 310 1792 patebit.

102 1813 229 1888 iipitorne
244 1812 396 1890 quoddam
411 1812 561 1872 doctrinae
574 1811 623 1872 hic
633 1813 707 1872 mihi
720 1814 865 1889 adponere
877 1815 975 1874 visum
990 1819 1035 1872 est
1047 1812 1151 1874 adver·

73 1912 218 1989 sariorum,
241 1913 298 1988 qui
316 1909 478 1986 Scripturas
488 1909 785 1970 Deuterodanonicas
798 1910 974 1971 labefactare
991 1917 1150 1988 conantur,

74 2015 98 2067 ut
114 2009 210 2086 lector,
223 2012 395 2086 quicunque
411 2009 460 2068 iiie
474 2001 579 2084 fuerit,
604 2009 692 2068 studii
708 2011 801 2080 nostri
816 2009 915 2068 videat
933 2011 1086 2068 radonem.

99 2195 127 2258 (i)
146 2197 309 2248 Glarinimus
328 2197 400 2246 Pater
424 2196 588 2249 Tonmemine
607 2199 662 2248 Soc.
674 2198 732 2247 iesu
743 2232 751 2258 ,
763 2197 788 2246 et
802 2196 941 2248 canonieus
954 2195 1072 2259 regariaris
1092 2207 1148 2248 oon-

79 2275 204 2338 sregah'onis
224 2275 374 2340 gallicanae,
395 2276 509 2340 quamue
528 2275 597 2328 brevi
615 2287 745 2340 mone,
762 2277 828 2326 recia
848 2277 930 2328 tamea
950 2289 995 2339 pro
1016 2275 1104 2326 horum
1123 2273 1151 2324 ii·

79 2351 163 2406 imrurn
179 2356 332 2408 auctoritaie
351 2355 507 2421 seripserunt.
