3094 5184
819 358 980 410 ...88-

360 475 445 552 ejus‚
468 485 545 549 quae
568 485 587 530 a
613 467 674 528 lico
695 465 749 528 ilbi
772 473 842 545 est,
869 468 1062 546 sempiternae
1088 465 1199 546 gloriae
1222 473 1279 528 ete.
1297 491 1311 519 υ
1344 483 1440 547 reapse

359 569 453 633 isaim
471 583 542 644 prae
564 564 746 627 sublimitate
769 565 1010 642 comperandum.

404 666 432 742 s.
455 665 523 726 vn.
545 665 580 725 ln
601 664 713 743 hymno
736 665 826 725 trium
845 681 1002 742 puerorum
1023 664 1096 726 baec
1115 665 1273 742 legantur:
1300 689 1314 718 α
1330 664 1380 726 Sic
1397 667 1445 727 liat

361 763 539 824 sacrificium
564 769 697 823 nostram
721 779 821 822 eoram
843 768 873 823 te
900 764 1008 841 bodie,
1036 763 1082 818 και·
1107 762 1243 819 ἐκτελέσαι
1268 761 1380 818 ὄπισθέν
1400 785 1443 820 σου

361 865 384 923 i.
406 879 433 922 e.
460 862 498 922 Et
527 861 664 939 perlicere
686 867 752 938 post
778 868 818 922 te.
835 887 847 914 ι»
862 861 945 922 llaec
963 867 1110 938 postrema
1134 863 1243 939 verba,
1270 866 1394 924 omnino
1411 882 1444 925 ex

360 961 536 1045 proprietate
561 960 678 1038 linguae
700 960 853 1022 hebraicae
875 960 1036 1038 diffluunt,
1059 977 1094 1022 ae
1111 963 1307 1038 explicantur.
1323 963 1443 1023 Hebraei

364 1059 682 1136 solimannum
701 1075 787 1136 saepe
806 1059 917 1120 naama
938 1067 1053 1127 «mm
1085 1067 1164 1127 nna
1188 1040 1265 1127 aba
1293 1064 1315 1120 l.
1338 1077 1366 1121 e.
1392 1063 1444 1121 nn-

362 1156 453 1234 plere,
467 1155 604 1233 perlicere
623 1157 879 1234 posibominum»
896 1159 988 1219 veluti
1001 1157 1155 1220 diceretur:
1168 1159 1263 1236 pierre
1282 1158 1445 1220 obedientie

364 1253 429 1314 Dee
448 1252 587 1332 obsequa-
606 1252 750 1315 meaduiu
769 1257 833 1332 ejus
849 1256 1002 1334 perficere
1026 1257 1088 1318 «Et
1105 1259 1276 1335 ego‚inqnit
1289 1259 1392 1337 lasne,
1407 1259 1441 1336 (1)

366 1353 486 1429 implevi
507 1359 573 1429 post
594 1353 751 1413 Marinum
778 1354 870 1414 Deum
892 1371 1032 1416 melun.»

401 1449 445 1510 ln·
457 1449 579 1510 historia
592 1447 790 1528 Sasannaeil)
806 1451 877 1512 baec
896 1451 933 1512 de
952 1451 1070 1514 senibus
1088 1453 1223 1531 leguntur
1243 1453 1356 1516 verba:
1384 1455 1444 1516 «Et

363 1549 475 1610 laetum
493 1553 554 1626 est,
575 1562 644 1610 cum
665 1547 853 1610 observarent
874 1548 989 1628 (Senes)
1011 1550 1089 1612 diem
1108 1558 1226 1631 apium,
1248 1550 1364 1614 liviade
1385 1574 1442 1609 nu

362 1657 448 1722 καθώς
469 1656 561 1732 χθὲς,
587 1659 632 1714 sui
655 1657 745 1730 τρίτης
771 1657 871 1733 ἡμέρας
895 1661 964 1732 perci
990 1660 1033 1716 δύο
1058 1659 1204 1733 capaciora,
1227 1665 1273 1718 xci
1298 1660 1445 1736 inbrium

363 1759 516 1817 λούσασθαι
535 1760 561 1815 ἓν
577 1763 611 1832 τῷ
625 1761 770 1834 παραδείσῳ
784 1753 805 1810 i.
826 1769 853 1813 θ.
876 1754 1012 1831 Ingressa
1031 1757 1076 1812 est
1095 1752 1253 1830 aliquando
1272 1756 1353 1814 sieut
1373 1752 1445 1832 lieri,

364 1858 397 1922 et,
412 1853 499 1914 teriia
520 1851 568 1912 dle
587 1869 656 1914 eum
681 1853 795 1914 duabus
814 1851 918 1928 puellis
940 1851 1031 1928 solis,
1052 1857 1082 1912 et
1100 1851 1278 1913 desideravit
1299 1854 1404 1914 lavare
1420 1856 1447 1914 in

363 1951 509 2027 paradiso.
527 1976 540 2004 »ι
556 1949 612 2012 liia
627 1951 718 2012 verba
735 1975 748 2003 α
766 1945 842 2012 sicut
855 1951 1089 2027 heri‚.etnudius
1100 1954 1203 2012 ternus
1213 1977 1242 2030 a,
1254 1952 1446 2013 hebraeorum

363 2047 454 2108 meno
474 2049 607 2126 vulgata,
624 2049 822 2110 metuuntur
850 2049 889 2109 an
912 2050 955 2109 ea
981 2031 1115 2117 anubin
1132 2032 1252 2117 bians
1281 2053 1366 2110 eam
1390 2049 1447 2110 aaa

363 2145 473 2207 nudius
495 2149 610 2225 tertius,
631 2164 683 2208 seu
702 2149 781 2208 ucat
798 2151 896 2207 euleu.
919 2146 1058 2208 Similiter
1078 2147 1193 2225 altera,
1214 2151 1245 2208 ei
1267 2147 1446 2209 desiderem

365 2244 591 2322 laceramine
610 2261 713 2322 nempe
736 2247 924 2323 excogitavit,
945 2246 1040 2307 voluit
1060 2261 1123 2308 sese
1135 2247 1236 2306 lavare
1248 2249 1281 2306 in
1301 2247 1445 2323 paradise.

404 2341 568 2422 &megalis
589 2344 772 2404 abinvicem
791 2342 905 2404 duobus
930 2344 1073 2422 senibus,
1094 2344 1197 2406 Daniel
1219 2343 1259 2421 (i)
1283 2345 1328 2405 iia
1349 2346 1382 2404 in
1395 2348 1448 2422 pri·

363 2456 446 2502 mum
477 2444 599 2518 erupit:
632 2469 645 2496 a
670 2442 868 2515 Πιπαλαιυμένε
886 2443 984 2514 ἡμερῶν
1014 2444 1108 2510 κακῶν,
1125 2445 1167 2498 νῦν
1191 2441 1289 2503 dacem
1319 2443 1353 2497 αι’
1369 2443 1449 2516 ἆμαρ·

364 2539 415 2594 τίαι
440 2559 514 2606 σου,
538 2538 569 2604 ἅς
591 2541 687 2606 ἐποίεις
705 2544 734 2598 τό
756 2542 876 2616 πρότερον
890 2545 912 2604 Ι,
930 2561 957 2604 e,
974 2545 1137 2604 Inveterate
1159 2543 1272 2604 dierum
1294 2543 1450 2619 malorum,

363 2655 443 2700 nunc
462 2649 606 2702 venerunt
629 2648 748 2719 peccam
772 2649 842 2721 ina,
871 2658 946 2720 quae
968 2641 1096 2711 faciebas
1120 2649 1247 2702 antea.»
1276 2641 1382 2702 verbu
1403 2639 1452 2700 illa

362 2755 442 2798 auec
460 2743 605 2800 venerunt
618 2745 746 2818 peccate
764 2746 816 2801 luc
833 2740 978 2817 prodeant
997 2755 1034 2800 ex
1054 2737 1180 2800 hebraee
1204 2747 1275 2805 lai:
1302 2738 1388 2799 baie
1410 2755 1452 2798 ee·

363 2841 474 2896 uerunt
491 2853 529 2896 ex
548 2841 665 2915 propria
684 2838 917 2916 significatione3
937 2838 1168 2897 translatorem
1182 2839 1266 2896 vocis
1287 2853 1398 2913 sensu,
1414 2853 1451 2897 se·

364 2948 433 2994 eum
445 2935 559 2996 confert
571 2938 632 2996 vim
645 2936 775 3016 impleri,
784 2938 879 3014 finem
893 2935 1009 3011 baiae,
1028 2938 1073 2996 aii
1086 2935 1160 2997 libro
1174 2938 1269 3012 primo
1284 2937 1406 3013 Regum
1416 2935 1451 3012 (ai

366 3033 424 3094 hoc
439 3034 495 3094 sub
512 3035 679 3113 significata
696 3036 813 3114 legitur.
834 3037 983 3113 Orlglnem
1000 3051 1089 3112 porro
1105 3049 1191 3095 suam
1206 3051 1244 3094 ex
1259 3033 1453 3094 hebraearum

367 3130 469 3210 lingna
487 3139 628 3209 appetunt
650 3133 811 3195 locutiones
829 3133 1021 3211 hujusmodi:
1047 3131 1181 3192 «Omnia
1196 3131 1313 3210 judicia
1334 3138 1392 3194 tua
1409 3148 1453 3192 se·

367 3231 440 3292 ritas
450 3249 460 3308 ;
472 3231 694 3292 declinaverunt
706 3233 806 3295 oeulos
820 3249 888 3294 suos
901 3249 939 3292 ne
946 3233 1127 3308 respicerent
1138 3250 1149 3307 ;
1160 3230 1291 3290 incidere
1304 3233 1339 3290 in
1352 3247 1454 3292 manns

320 3377 322 3383 ,
368 3336 502 3406 vestras;
524 3347 577 3390 rea
607 3330 743 3408 astiages
772 3331 920 3408 appositus
947 3337 991 3390 esi
1018 3330 1057 3390 ad
1083 3335 1181 3406 patres
1207 3345 1301 3404 su0s3
1330 3345 1396 3390 non
1416 3335 1455 3388 esi

368 3427 448 3503 apud
457 3434 486 3488 te
499 3428 584 3490 dolus
597 3445 691 3508 neque
707 3446 802 3506 unus3
817 3429 980 3490 Ambacum
994 3429 1260 3504 enumerarem,
1277 3433 1361 3488 ele.»
1385 3443 1455 3505 quac

365 3527 465 3608 emnia
486 3528 622 3604 leguntur
644 3531 676 3588 ln
705 3528 861 3605 seripturis
883 3529 1169 3588 Dentato-canonicis
1189 3525 1342 3604 Danielis3
1365 3528 1455 3604 equi·

365 3623 421 3684 bus
446 3628 604 3703 percipitur
630 3627 735 3688 barum
759 3627 940 3688 additionum
972 3633 1120 3688 auctorem
1150 3623 1287 3686 hebraice
1312 3641 1366 3686 cas
1388 3626 1456 3684 serl-

365 3724 566 3798 permanenti
585 3741 631 3802 ea,
646 3743 721 3802 quae
738 3727 826 3786 modo
843 3725 898 3788 sub
910 3724 1039 3786 Danielis
1055 3726 1174 3786 nomine
1187 3724 1294 3784 litteris
1309 3723 1456 3784 hebraicis

366 3827 487 3880 exarata
506 3829 672 3884 servantur.

402 3917 433 3993 §-
454 3917 536 3981 vin.
557 3919 739 3997 Lingunrum
762 3922 914 3983 daetamm
936 3927 1104 3997 amaleres,
1130 3921 1182 3998 qui
1204 3918 1455 3980 blachabaeomm

365 4013 474 4078 libmm
488 4021 622 4093 primum
646 4018 795 4097 legerint,
826 4019 1018 4080 hebraeorum
1041 4018 1108 4078 stilo
1134 4016 1263 4078 redolere
1289 4015 1382 4078 facilc
1411 4015 1454 4074 di·

366 4114 499 4176 diecrint.
523 4117 559 4176 ln
577 4120 720 4195 principie
739 4118 806 4179 libri
828 4118 865 4178 de
890 4117 1059 4197 Mmandro
1079 4117 1209 4176 diuitum
1235 4139 1249 4166 α
1261 4115 1321 4188 Qui
1340 4116 1454 4191 primus

408 4301 443 4366 (i)
458 4306 509 4356 las.
520 4320 542 4356 e.
553 4307 616 4358 xlv.
630 4311 667 4358 li.
679 4331 710 4346 ·-
721 4306 756 4370 (a)
768 4309 829 4358 lien.
843 4319 865 4388 c.
876 4309 896 4356 Ι.
912 4310 948 4356 14.
959 4305 1030 4368 juxta
1041 4308 1118 4356 7o.·-
1127 4299 1164 4366 (³)
1173 4315 1195 4352 e.
1208 4303 1265 4352 ll.7.
