3086 5182
818 385 998 436 -tto-

366 500 450 561 betur
463 496 576 558 Jndrm.
601 497 636 555 ln
654 494 713 555 alio
728 493 827 554 codice
842 493 1032 556 bibliothecae
1045 493 1216 572 bodleianae
1229 494 1366 572 leguntur
1379 493 1444 554 libri

367 598 478 658 Esdrae
505 597 585 675 duo,
605 593 734 672 Toblth,
752 593 838 654 lesus
860 593 914 653 lilii
931 593 1034 656 sirach
1054 592 1171 655 arabice
1191 593 1342 670 descripti.
1369 591 1446 652 Alter

367 701 399 758 in
417 696 593 757 bibliotheca
611 695 795 756 laurentiana
813 710 896 754 num.
919 701 949 752 8.
970 691 1062 752 tradit
1085 690 1243 752 Parabolos
1267 689 1446 770 salomnis,

368 798 629 871 Ecclesiasticum,
654 791 808 855 Canticum
837 791 1048 868 (leuticorum,
1077 789 1226 867 Tobium,
1254 789 1452 850 additamenta
1532 819 1533 834 .

367 896 517 973 Danielis,
537 893 648 956 l'sdrae
668 892 797 970 librum,
818 897 848 952 et
870 889 1024 952 historiam
1044 889 1302 951 Macbabaeorurn.
1331 889 1450 964 Insuper

366 1015 384 1060 e
409 996 600 1074 Septuaginta
625 994 760 1054 versione
783 991 905 1052 mllatos
929 989 1021 1053 tuisse
1047 989 1122 1050 duos
1150 989 1265 1050 codices
1289 987 1453 1048 Bibliorum

368 1096 502 1158 arabicos
523 1093 681 1170 Scriptnris
701 1089 834 1152 Dauoeris
851 1087 1011 1164 adauctos,
1031 1086 1114 1148 testis
1134 1093 1179 1146 est
1195 1086 1383 1164 Augustinus
1397 1086 1453 1160 epi·
1533 1127 1534 1130 ,

367 1211 473 1272 scopus
496 1193 662 1268 neblensis3
683 1189 789 1267 hisque
809 1185 966 1249 utebantur
987 1186 1139 1247 christiani
1160 1183 1328 1244 orientales.
1345 1181 1454 1243 Videas

368 1293 493 1371 Alapide
513 1294 546 1352 in
566 1290 756 1368 Argumentis
774 1282 985 1364 Prophetarum
1002 1284 1163 1344 Minorem.

407 1392 436 1470 s.
457 1391 499 1452 IX
518 1389 554 1450 ln
577 1385 837 1448 Observationibus
856 1384 986 1445 Thomas
1006 1382 1192 1444 Murssahalli
1209 1382 1246 1442 de
1265 1378 1453 1441 versionibus

370 1490 508 1568 gothica,
529 1494 559 1548 et
577 1485 817 1565 anglo-saxonica
832 1489 958 1560 quatuor
974 1481 1201 1560 Evangeliorum
1217 1481 1343 1558 legitur:
1361 1503 1376 1530 α
1390 1476 1455 1538 (hl-

370 1590 417 1648 vis
440 1586 548 1666 legenti
567 1590 709 1646 tractatus
730 1582 767 1642 de
790 1582 881 1642 veteri
900 1587 929 1642 et
948 1590 1026 1640 novo¹
1047 1581 1233 1640 Testamenta
1246 1578 1286 1639 ab
1296 1575 1457 1654 Aelphrieo

369 1683 475 1746 abbata
492 1685 630 1744 saxonice
651 1665 851 1757 eomcriptos,
873 1678 992 1740 obviam
1015 1679 1071 1738 erit
1093 1684 1219 1755 notare,
1246 1693 1323 1755 quos
1350 1677 1458 1736 veteris
1535 1701 1536 1738 v

367 1783 548 1842 Testamenti
568 1780 658 1840 libros
680 1777 872 1840 transfuderit
892 1778 924 1835 in
946 1775 1218 1854 anglo-saxonicum
1245 1777 1292 1835 sul
1316 1775 1458 1850 temporis

368 1879 489 1956 idioma,
509 1879 619 1938 scilicet
635 1893 696 1937 non
713 1873 943 1937 Pentateuebum
960 1873 1068 1951 solum,
1085 1879 1168 1953 cujus
1182 1873 1333 1950 exemplar
1349 1888 1455 1949 unum

367 1984 420 2038 aut
440 1976 564 2038 alterum
587 1975 734 2036 asservari
754 1975 854 2033 ierunt
874 1974 907 2032 in
927 1970 1103 2032 bibliotheca
1127 1973 1319 2047 catoniana,
1349 1969 1407 2030 sed
1430 1976 1458 2030 et
1536 1994 1537 2036 ι

367 2076 459 2138 libros
479 2075 590 2152 losue,
610 2073 749 2134 iudicum
770 2077 826 2132 etc.
849 2073 922 2149 quin
944 2074 1033 2132 etiam
1050 2070 1232 2148 apocryphos
1248 2069 1415 2146 ludithae,
1431 2074 1457 2128 et

368 2175 653 2236 Machabaeornm.»
676 2173 723 2232 Ita
740 2173 872 2249 sequitur
892 2177 993 2231 auctor
1013 2170 1236 2247 demonstrans,
1253 2172 1354 2246 ipsum
1369 2167 1455 2228 abbu-

366 2279 426 2334 tem
445 2272 635 2351 Aelphricum
651 2270 771 2331 auribus
785 2271 932 2331 saxonicis
949 2285 1051 2329 omnes
1065 2272 1173 2329 veteris
1190 2275 1221 2328 et
1233 2269 1304 2328 novi
1317 2267 1455 2328 Foederis
1537 2288 1538 2306 ¹

369 2371 460 2432 bbros
482 2370 727 2432 accommodasse.
752 2368 849 2430 Dicito
867 2383 955 2446 porro
974 2365 1164 2447 Apoevpbos
1179 2369 1211 2426 iu
1226 2383 1262 2428 ee
1277 2367 1381 2426 codice
1396 2380 1455 2426 non

366 2469 481 2528 invenit
499 2465 705 2544 Mareschelli,
726 2465 778 2526 sed
798 2467 861 2544 ipse
881 2463 918 2526 de
940 2481 994 2526 suo
1018 2466 1139 2528 addidit.
1163 2467 1286 2544 Insuper
1311 2468 1376 2542 ait,
1403 2481 1452 2525 ve·

366 2573 441 2628 teres
465 2565 569 2645 anglos
593 2567 625 2624 in
648 2565 750 2643 lingua
772 2565 888 2642 vulgari
912 2564 1049 2625 habuisse
1072 2566 1171 2627 varias
1192 2573 1223 2626 et
1244 2568 1384 2644 antiquas
1408 2579 1454 2624 se·
1538 2580 1539 2636 Τ

367 2678 484 2724 marum
496 2664 661 2725 litterarum
673 2665 840 2740 versiones,
855 2678 959 2742 nempe
971 2679 1032 2724 non
1043 2662 1192 2741 Aelpbrici
1205 2663 1320 2724 abbatis
1337 2669 1454 2724 tanmm

366 2769 419 2824 aut
438 2761 569 2824 deliredi
590 2766 667 2842 regis
690 2779 767 2824 saec.
790 2779 836 2828 tx.
865 2780 968 2826 veram
988 2767 1076 2826 etlam
1094 2766 1178 2825 initio
1196 2781 1273 2826 saec.
1296 2781 1376 2824 vrtr.
1404 2780 1451 2823 ae-

366 2868 426 2922 tate
446 2879 514 2923 ven.
537 2861 642 2924 Bcdae.
666 2863 729 2924 lloc
746 2865 835 2924 etlam
856 2869 978 2924 testatur
995 2864 1150 2926 Eduardus
1169 2864 1319 2924 Thwaites
1342 2867 1377 2924 in
1396 2861 1455 2924 edi·

365 2962 445 3021 tione
458 2963 600 3022 versionis
622 2963 880 3039 anglo-saxonicae
898 2961 1070 3039 Eptateuebi
1090 2979 1158 3022 enm
1174 2961 1338 3042 fragmento
1358 2963 1452 3022 histo

367 3061 538 3120 riaeludith
552 3062 782 3123 dano-saxonice
794 3077 831 3124 ex
846 3065 1051 3140 manuscriptis
1068 3065 1230 3124 ottonianae
1247 3060 1454 3122 bibliothecae.

404 3157 432 3234 5.
455 3159 494 3218 X.
516 3160 600 3222 Circa
622 3160 754 3221 eamdam
774 3169 899 3222 aetaoem
920 3161 995 3222 allae
1014 3161 1137 3222 collatae
1154 3168 1224 3222 sunt
1240 3163 1392 3222 versiones
1409 3160 1454 3220 Bl-

181 3278 185 3288 ·
250 3240 252 3244 ¹
367 3258 494 3319 bliorum
519 3259 550 3319 ln
574 3260 691 3336 linguas
716 3262 878 3322 teutonicas
901 3267 969 3322 ante
990 3261 1112 3322 Lutheri
1133 3277 1259 3338 aevum,
1285 3259 1455 3336 dequibus

363 3357 424 3434 egit
447 3355 576 3416 loannes
603 3357 768 3419 Friderlcus
792 3358 907 3437 MeJer,
938 3361 988 3440 qul
1013 3365 1044 3424 ot
1067 3359 1181 3422 codices
1204 3359 1399 3436 investigavit
1426 3364 1455 3418 et

363 3455 465 3514 citavit
485 3453 591 3514 harum
610 3457 798 3534 versionum,
819 3455 870 3516 ubl
892 3456 959 3517 libri
982 3475 1000 3519 a
1020 3457 1133 3536 synodo
1151 3458 1309 3518 tridentina
1329 3457 1452 3530 sanciti,

362 3554 465 3612 inserti
487 3560 566 3614 suut.

401 3652 436 3710 ln
462 3653 601 3730 gallicum
625 3670 742 3732 quoque
768 3670 934 3716 sermonem
958 3655 1109 3716 traductae
1134 3660 1203 3715 sunt
1228 3653 1345 3712 divinae
1374 3649 1454 3712 Scri·

363 3757 487 3829 pturae,
507 3759 581 3815 teste
599 3754 764 3834 Lelongio,
786 3757 837 3834 qui
857 3758 900 3817 ait
914 3759 1001 3834 jussu
1015 3756 1158 3817 Ludovicl
1171 3755 1217 3815 Pil
1229 3754 1378 3831 expletam
1393 3769 1456 3814 esse

362 3851 402 3910 ad
424 3867 512 3912 asum
532 3853 686 3932 vulgatum
707 3855 850 3932 ejusmodi
868 3857 1050 3932 versionem,
1071 3857 1207 3934 quanvis
1226 3859 1313 3914 antea
1333 3855 1452 3930 staturit,

362 3947 437 4007 alias
461 3949 583 4026 gallicas
606 3953 753 4012 versiones
775 3951 937 4014 Bibllorum
959 3955 1100 4014 extitisse.

400 4047 474 4108 Item
493 4051 526 4108 in
550 4049 682 4128 linguam
707 4049 838 4112 italicam
857 4051 993 4114 translati
1014 4057 1084 4112 sunt
1100 4050 1168 4112 libri
1186 4049 1290 4110 divini.
1309 4049 1452 4126 Nicolaus

360 4143 497 4206 Malermi
521 4155 665 4226 venetus,
695 4150 858 4210 monachus
883 4166 908 4210 s.
935 4149 1106 4228 benedicti,
1134 4164 1212 4210 anno
1241 4155 1330 4208 14⁷1.
1358 4146 1455 4206 edidit

356 4245 520 4304 versionem
536 4243 696 4324 bibliorum
717 4245 846 4308 italicam
867 4247 1173 4326 inscriptam-Bibbia
1192 4246 1313 4326 volgare
1333 4246 1451 4304 istoria·

360 4345 390 4399 ta
401 4371 412 4384 ·
422 4341 503 4404 Idem
518 4347 632 4406 veroin
646 4361 700 4408 sua
714 4347 835 4424 epistola
850 4347 886 4410 de
900 4347 955 4408 hec
969 4350 1102 4410 versione
1114 4364 1227 4426 capvt.
1243 4348 1295 4423 uit,
1304 4343 1452 4424 quosdam
