3022 5178
798 385 839 396 -
861 361 917 412 154
938 385 979 394 ·-

349 479 471 554 legitur:
492 501 504 524 ι
519 476 558 532 Et
575 473 714 532 Salomon
735 471 919 546 prophetice:
935 501 948 512 ·
962 469 1039 528 Puer
1051 486 1134 527 eram
1152 472 1332 545 ingeniosus,
1350 479 1376 530 et
1392 491 1418 531 a·

348 578 462 632 nimum
479 573 589 630 bonum
604 573 725 628 sortitus
737 585 831 644 eram,
846 571 937 626 immo
947 583 1029 642 vero,
1044 583 1135 642 quum
1149 566 1243 625 bonus
1257 584 1347 626 essem
1359 575 1418 630 veni

348 676 381 730 in
398 687 506 747 corpus
525 669 712 744 impollutum
726 674 756 726 et
773 669 1046 745 incontaminatum.
1061 690 1074 715 ι
1091 666 1219 724 llomilia
1239 684 1263 723 1.
1280 665 1313 724 in
1331 667 1419 727 Eccle-

348 773 458 828 siasten
470 785 508 826 ex
522 767 624 826 codem
636 766 712 825 libro
724 765 828 824 refert:
844 765 882 839 (1)
897 789 910 814 ι
922 766 992 824 Vita
1002 769 1100 824 autem
1111 765 1226 822 sensilis
1239 765 1279 823 ad
1294 764 1349 822 hoc
1360 765 1421 825 data

348 872 394 925 est
409 872 544 940 naturae,
563 871 597 923 ut
615 880 737 938 eorum,
752 879 828 938 quae
840 862 896 920 sub
909 867 1059 936 aspectum
1076 861 1197 936 cadunt,
1212 863 1354 936 cognitio,
1367 860 1422 919 dua

348 968 388 1022 sit
404 967 519 1022 anirnae
539 963 578 1021 ad
599 965 735 1020 ualidam
750 979 867 1035 corum,
890 977 967 1036 quae
979 977 1041 1018 non
1059 960 1216 1034 videntur3
1241 957 1334 1020 Kahat
1349 963 1422 1030 φησὶν

347 1063 364 1120 η’
384 1063 487 1134 σοφία,
502 1061 530 1114 ἐκ
545 1059 676 1133 μεγέθους
697 1063 825 1122 καλλονῆς
847 1059 1006 1130 κτισμάτων,
1025 1060 1158 1122 ἀναλόγως
1177 1062 1223 1112 re'v
1242 1058 1340 1112 πάντων
1361 1077 1426 1127 γενε-

347 1159 478 1225 πουργόν
489 1149 658 1222 attestatas
670 1195 679 1220 ‚
693 1155 715 1210 i.
730 1169 758 1210 e.
774 1152 866 1212 Sicuti
885 1151 957 1210 dicit
968 1150 1128 1226 Sapimtia:
1144 1182 1158 1194 ·
1169 1151 1216 1208 Ex
1231 1149 1423 1225 magnitudine

347 1252 573 1326 pulchritudinis
600 1258 819 1326 creaturarum,
846 1267 898 1324 per
919 1252 1135 1325 proportionem
1154 1251 1284 1324 conspici
1303 1251 1424 1306 omnium

347 1357 543 1409 creatorem.»
561 1351 604 1409 De
621 1349 803 1426 Pauperibus
816 1349 951 1407 amandis
969 1348 1085 1406 Baruoh
1100 1348 1139 1422 (2)
1153 1347 1269 1406 extollit
1280 1349 1420 1422 inquiens:

352 1474 365 1497 ι
379 1449 451 1520 Quis
466 1448 551 1506 nobis
564 1448 696 1506 radicum
709 1454 739 1506 ct
753 1446 911 1506 herbarum
924 1449 1059 1504 notitiam
1071 1446 1194 1504 tribuit?
1204 1447 1278 1518 Quis
1292 1461 1422 1520 aquamm

349 1546 513 1604 calidarum
530 1547 620 1604 fontis
635 1546 738 1604 eduxit
748 1551 869 1619 eterra,
881 1551 916 1603 ut
928 1545 1038 1602 morbis
1053 1543 1238 1617 medeamur,
1251 1543 1320 1601 etc?
1332 1542 1422 1602 Nonne

347 1643 446 1702 Deus?
464 1644 571 1702 Merito
590 1647 681 1719 igitur
702 1649 731 1701 et
751 1649 912 1717 opportune
927 1649 1059 1717 poteram
1072 1641 1163 1700 verba
1177 1641 1294 1698 Baruch
1311 1657 1422 1714 usurpa·

350 1758 399 1799 re:
415 1773 428 1784 -
441 1742 499 1799 llic
516 1742 668 1800 adinvenit
683 1757 800 1800 omnem
812 1743 893 1799 viam
908 1741 1093 1816 disciplinae,
1107 1747 1138 1798 et
1153 1739 1275 1798 tradidit
1287 1739 1366 1798 illam
1381 1739 1421 1797 Ja-

349 1839 405 1897 coh
416 1857 508 1914 puero
523 1856 596 1916 suo,
617 1846 647 1898 et
665 1841 756 1898 lsrael
771 1840 877 1897 dilecto
895 1855 985 1897 suo.»
1002 1840 1038 1896 ln
1061 1839 1163 1896 eadem
1182 1841 1315 1896 oratione
1330 1836 1366 1895 de
1376 1836 1424 1894 De

349 1938 425 1996 niele
441 1941 473 1995 in
491 1938 558 1996 laen
576 1938 694 1996 leonum
709 1954 778 1996 cnm
798 1937 919 1996 Abacuc
944 1939 972 1995 ei
994 1937 1129 1996 adstante
1148 1939 1325 1994 mentionem
1345 1934 1420 1993 lecit:

353 2061 366 2084 «ι
378 2034 419 2094 At
438 2036 482 2093 illi
505 2052 662 2110 pauperes,
680 2039 732 2110 qui
750 2035 875 2094 adversa
897 2035 1020 2109 praediti
1045 2034 1233 2110 valetudine,
1259 2041 1289 2092 et
1313 2039 1423 2108 angusto

350 2133 527 2209 hospitiolo,
548 2137 639 2192 immo
656 2150 727 2192 vero
745 2137 878 2210 angustis
894 2134 1043 2208 hospitioli
1063 2133 1179 2208 angulis
1202 2131 1332 2190 conclusi
1344 2136 1421 2204 sunt,

347 2234 393 2289 uti
405 2231 509 2290 Daniel
520 2235 552 2288 in
565 2233 647 2306 lacu,
661 2237 691 2290 te
706 2232 866 2308 benignum
883 2237 913 2290 et
921 2247 1083 2306 pauperum
1093 2230 1269 2304 studiosum,
1285 2245 1320 2286 ae
1334 2243 1420 2286 aman·

347 2333 408 2386 tem
427 2335 569 2404 tanquam
598 2329 718 2387 Abacuc
745 2335 911 2403 expectant.
939 2328 1134 2401 Quamobrem
1153 2344 1205 2402 per
1220 2328 1420 2401 eleemosynam

348 2425 511 2500 Prophetae
524 2429 621 2484 socius
634 2426 760 2484 efficere.
779 2453 790 2475 »
808 2425 906 2484 Verba
918 2426 1024 2501 Angeli
1034 2427 1190 2500 Raphaelis
1203 2425 1243 2482 ad
1253 2425 1374 2483 lobiam
1385 2422 1421 2479 di-

348 2526 458 2580 centis:
480 2549 492 2571 «1
505 2524 590 2587 Bona
599 2531 644 2581 est
657 2527 751 2582 oratio
772 2541 840 2582 eum
854 2526 998 2599 jejunio..
1011 2569 1036 2581 ..
1052 2523 1171 2599 quando
1187 2523 1294 2582 orabas
1313 2539 1375 2580 cum
1387 2521 1420 2577 la·

348 2623 478 2696 erymis,
491 2628 520 2679 et
530 2622 750 2698 derelinquebas
764 2623 921 2696 prandium
933 2629 1033 2682 tuum.
1043 2666 1051 2678 .
1062 2666 1087 2678 ..
1100 2638 1155 2698 ego
1167 2621 1260 2679 obtuli
1275 2623 1420 2678 orationem

346 2725 429 2776 tuam
449 2720 646 2778 Domino...
666 2737 720 2797 ego
731 2737 797 2779 sum
816 2737 894 2779 unus
914 2738 951 2779 ex
970 2728 1080 2796 septem
1097 2720 1218 2796 Angelis
1234 2723 1290 2795 qui
1306 2719 1420 2777 offerunt

347 2819 493 2875 orationes
513 2825 682 2876 sanctorum
694 2821 726 2875 in
742 2825 898 2893 conspectu
911 2819 1039 2876 Domini.
1057 2844 1070 2867 υ
1087 2818 1215 2877 Collecta
1231 2822 1420 2892 repetuntura

349 2917 484 2993 Nysseno
497 2917 535 2991 (3)
550 2917 586 2974 de
598 2918 728 2992 Jejlmi0:
749 2919 801 2971 Καὶ
817 2919 850 2977 ὦς
863 2918 960 2971 ἐπίπαν
975 2917 1057 2972 εἰπεῖν
1075 2957 1082 2980 ,
1098 2919 1207 2975 νηστεία
1221 2917 1289 2987 πρός
1304 2918 1365 2967 Θεόν
1381 2935 1421 2966 rra·

349 3013 479 3084 ράκλητος
498 3015 588 3076 uidetis
610 3015 685 3082 ἀξία,
709 3019 754 3069 καὶ
777 3017 892 3088 πρέσβυς
904 3019 1059 3084 ἀξιόπιστος
1072 3019 1171 3089 ταχέως
1193 3017 1351 3069 ducenarius
1369 3012 1421 3082 ὑπὲρ

345 3102 377 3158 ὦν
393 3105 551 3178 προσαγάγῃ
576 3109 611 3173 τῷ
626 3109 682 3176 Θεῷ
699 3109 744 3166 τήν
766 3107 918 3182 ἱκετηρίαν,
938 3112 959 3167 l.
975 3127 1002 3167 e.
1017 3109 1055 3167 Εῐ
1071 3108 1247 3167 utbreviter
1267 3108 1365 3164 omnia
1383 3103 1419 3160 dl·

347 3221 429 3279 cam,
444 3208 590 3281 jejunium
608 3212 654 3264 est
672 3207 751 3282 apud
769 3207 863 3266 Deum
885 3208 1045 3266 advocatus
1063 3209 1249 3265 veneratione
1263 3207 1419 3282 diguus‚et

345 3302 458 3377 legatus
478 3303 526 3361 vel
549 3302 679 3380 Angelus
694 3305 805 3381 fidelis,
821 3307 912 3380 celer,
926 3304 1098 3380 invisibilis,
1112 3310 1147 3364 ut
1166 3305 1274 3363 offerat
1294 3305 1353 3363 Deo
1363 3317 1417 3359 ora-

344 3402 465 3458 tionem.
478 3426 491 3452 »
508 3401 545 3459 In
555 3404 617 3460 vita
628 3405 737 3460 sanctri
746 3403 842 3462 Patris
857 3403 1014 3478 Ephraemi
1030 3403 1121 3462 verba
1135 3403 1206 3479 legit
1222 3402 1311 3461 divus
1324 3403 1418 3476 episco

345 3515 400 3572 pus
421 3516 459 3557 ex
476 3499 600 3558 historia
615 3499 804 3560 susannae.»
825 3501 900 3560 Cum
917 3519 987 3579 ergo
1012 3505 1098 3560 istius
1121 3501 1258 3560 delatoris
1284 3502 1353 3560 socii
1370 3497 1417 3555 fre

344 3603 457 3655 mentes
478 3599 511 3654 in
525 3598 655 3656 medium
670 3598 760 3657 libros
776 3600 999 3674 produxissent:
1018 3599 1133 3663 «Aeduis
1155 3599 1253 3660 ἐκεῖνος
1272 3600 1287 3652 ὁ
1305 3602 1419 3652 „esaiae

348 3696 443 3766 ωμένος
462 3701 543 3750 κακῶν
558 3697 1024 3775 ²trecea,iecumaccepissetille
1031 3703 1210 3758 inveteratus
1217 3699 1330 3758 dierum
1337 3693 1416 3754 malo

344 3811 411 3872 rpm
428 3797 588 3872 injustitiae
601 3799 694 3874 judex
713 3815 837 3856 unume
854 3798 956 3873 libris,
975 3800 1120 3873 explicare
1132 3798 1316 3856 nitebatur.»
1333 3791 1414 3852 Multt

343 3894 474 3968 ejusdem
487 3899 600 3972 generis
611 3897 723 3972 profert
735 3896 887 3973 Nyssenus
899 3914 917 3955 e
929 3897 1087 3972 scripturis
1097 3897 1230 3998 Deutcris
1242 3939 1251 3971 ,
1268 3897 1339 3972 quin
1349 3891 1412 3951 Seri·

344 3997 447 4066 pturae
466 3995 515 4052 vel
535 3997 663 4054 auctoris
682 3996 759 4053 sacri
773 4011 881 4054 nomen
895 3995 1045 4054 edisserat.
1061 3995 1142 4054 Hace
1155 4001 1253 4054 autem
1270 3990 1410 4058 saucient

370 4223 405 4284 (¹)
423 4225 480 4285 sap.
493 4238 515 4272 c·
530 4226 548 4272 1-
563 4232 584 4274 ³·
597 4231 659 4273 5.-
670 4223 704 4284 (2)
716 4226 820 4272 somn.
835 4239 859 4286 p.
875 4222 1408 4287 tir.etiterum.-(t)Tom.11.p.252.

345 4302 506 4352 rosaxn.
