3070 5186
852 375 990 424 ...g-

384 487 486 545 leviter
514 484 667 543 solvuntur
693 479 879 542 difficultates
905 480 941 541 de
965 481 1115 540 daemonis
1140 481 1290 542 Aamodnei
1311 483 1421 563 aoibm,

383 582 628 659 quemadmodum
651 580 691 640 ibi
718 579 807 640 tradit
832 578 997 655 Scriptura,
1019 579 1151 640 scilicet:
1184 604 1197 630 a
1212 579 1332 640 Daemon
1351 583 1425 660 diligit

382 697 468 756 earn,
489 680 633 738 interiecit
652 679 732 736 viros
752 678 853 752 illius,
875 677 1023 754 fugabitur
1048 678 1253 754 daemonium,
1279 679 1425 738 Asmodaoos

383 777 522 837 odoratus
544 783 588 836 est
611 776 729 836 odoram
753 775 848 851 iorni,
869 781 899 834 et
920 775 1054 852 auiogit;
1080 777 1201 853 angelos
1225 777 1426 853 apprehendite

383 875 518 952 religavit
535 875 618 935 illum
642 876 672 932 in
694 879 789 949 partos
812 866 973 949 supe'rlores
997 873 1148 952 Aegypti»
1172 875 1285 950 aliaque
1301 875 1375 951 hujus
1391 890 1426 950 gc-

269 967 272 972 ’
382 976 481 1049 naris,
508 988 583 1048 quae
602 973 712 1048 possim
731 971 762 1030 in
783 971 890 1030 divinis
909 969 1010 1030 bibliis
1029 977 1197 1031 occurrunt.
1220 971 1257 1030 Et
1275 971 1429 1030 haecomnia

381 1073 458 1130 socri
479 1067 828 1145 auetorls'simplicitati,
850 1075 879 1128 et
901 1067 979 1128 illius
999 1071 1138 1144 temporis
1157 1071 1302 1158 communi
1326 1069 1429 1144 opinioni

381 1175 426 1228 ast
448 1167 664 1243 tribuendom3
691 1173 724 1227 ut
748 1165 805 1226 hoc
830 1168 919 1226 etiam
944 1165 1049 1242 probat
1071 1173 1190 1226 sancius
1213 1167 1429 1244 Hieronymusin

380 1267 558 1327 Hieremiam
579 1267 637 1344 (ι);
663 1266 783 1327 «Multa
802 1269 834 1326 in
853 1265 1011 1342 scripturis
1023 1269 1133 1328 sanctis
1150 1266 1287 1326 dicontur
1299 1267 1430 1342 joataopi·

380 1367 497 1424 nlonam
518 1366 596 1425 illius
610 1367 768 1441 temporis,
789 1380 848 1440 quo
865 1370 947 1441 gesta
959 1363 1140 1442 referuntur,
1161 1370 1190 1424 et
1203 1380 1263 1424 non
1276 1367 1356 1440 juxta
1370 1361 1431 1438 quod

380 1465 422 1522 rei
441 1465 551 1523 veritas
569 1461 775 1522 confluebat»
793 1461 837 1522 Ac
851 1464 893 1522 ita
911 1477 946 1522 ex
962 1461 1063 1522 eodem
1080 1461 1155 1521 libro
1174 1464 1295 1538 cruitur,
1314 1463 1359 1536 qui
1376 1461 1430 1518 alios

380 1568 478 1638 aperte
498 1563 605 1636 innuit,
628 1559 773 1636 quomodo
791 1560 916 1624 daemon
938 1575 1039 1622 revera
1060 1562 1121 1638 agit
1138 1562 1170 1620 in
1191 1561 1318 1638 impios,
1341 1563 1430 1634 etquo-

378 1657 466 1715 modo
485 1657 524 1716 sit
543 1659 605 1732 ipse
622 1656 809 1734 expellendus
827 1658 963 1734 anobis,
984 1666 1013 1718 ct
1032 1659 1177 1736 quomodo
1192 1657 1271 1718 Deus
1288 1659 1430 1734 aequisine

379 1755 478 1814 onmia
497 1753 636 1831 disponit.
658 1755 736 1814 Dicit
755 1756 834 1814 enlm
856 1754 894 1831 (a)
917 1757 1037 1832 augelus
1057 1755 1165 1816 Tobiae
1180 1759 1312 1838 juniori:
1333 1755 1431 1814 «orreo

379 1848 447 1908 dam
466 1849 544 1927 tibi,
570 1853 621 1928 qui
644 1858 737 1928 suot,
760 1851 866 1928 quibm
890 1853 1057 1928 praevalere
1081 1859 1177 1929 potest
1203 1837 1430 1914 doemoniumlli

378 1963 504 2024 namque
519 1951 569 2026 qui
582 1951 749 2026 conjugium
763 1951 804 2010 ito
816 1952 987 2027 suscipiunt,
1001 1957 1034 2011 ut
1049 1949 1142 2012 Deum
1151 1969 1176 2012 a
1191 1958 1347 2012 sectasoa
1358 1954 1431 2007 mute

377 2045 546 2124 excludant,
567 2053 596 2106 et
616 2063 686 2108 suae
706 2047 819 2108 libidini
838 2050 880 2108 ita
897 2056 1013 2125 vacent,
1034 2050 1110 2110 sicut
1123 2066 1216 2126 equus
1234 2058 1263 2109 et
1276 2050 1375 2124 mulus,
1387 2048 1431 2122 qui·

380 2141 436 2202 bus
450 2158 508 2202 non
522 2151 566 2203 est
579 2143 759 2221 intellectus,
780 2144 867 2206 babet
880 2153 1052 2220 potestatam
1070 2147 1257 2208 daemonium
1272 2163 1353 2223 super
1363 2163 1428 2204 coar

367 2239 467 2316 ,Recto
483 2235 686 2324 quidemfira
701 2245 733 2300 in
747 2257 801 2302 aua
818 2245 949 2304 oratione
961 2244 1034 2304 dicit
1043 2245 1081 2320 (t)
1094 2263 1102 2304 :
1117 2245 1194 2306 «Aut
1207 2263 1262 2324 ego
1281 2247 1389 2323 indigna
1399 2242 1429 2301 ini

377 2337 431 2413 eis,
444 2344 496 2397 aut
514 2339 557 2398 illi
578 2340 701 2400 ioraitan
721 2357 768 2400 me
787 2357 846 2400 non
867 2341 986 2402 ruerunt
1005 2341 1097 2420 digni.
1117 2367 1129 2394 r
1147 2343 1223 2402 liam
1241 2343 1331 2402 Tobia
1343 2341 1429 2402 etSara

375 2435 484 2508 pariter
504 2434 544 2493 od
560 2435 654 2494 Deum
674 2439 808 2498 conversi
827 2437 1019 2513 deprecantur
1036 2453 1114 2516 eum,
1130 2446 1163 2499 ut
1181 2441 1214 2498 in
1235 2441 1354 2518 gloriam
1368 2453 1428 2497 som
1496 2507 1497 2520 ἢ

376 2529 463 2587 ambo
483 2540 700 2592 consenescant.
1231 2525 1242 2562 Ι
1496 2527 1497 2538 ¹

414 2627 562 2705 eridquid
583 2646 669 2705 porro
682 2631 790 2692 ibidem
811 2633 849 2709 (4)
870 2633 906 2694 dc
922 2638 1020 2711 jecore
1037 2636 1137 2712 piscis,
1157 2642 1260 2712 utpote
1278 2637 1352 2714 quod
1366 2647 1428 2708 super

375 2725 515 2786 carbones
535 2731 662 2802 positum
682 2734 805 2792 extricet
825 2749 912 2793 omne
933 2751 1023 2811 genus
1046 2735 1290 2813 daemoniorum,
1310 2741 1428 2814 arguunt,
1495 2793 1496 2807 ,

375 2823 535 2884 adversarii
553 2833 586 2884 ut
604 2829 836 2906 incantationes,
858 2845 932 2908 quae
954 2833 985 2890 lo
1008 2831 1071 2908 lege
1085 2833 1199 2910 Moysis
1220 2841 1370 2909 vetantur,
1387 2831 1429 2888 fert

374 2921 476 2980 eodem
492 2924 596 3000 modo,
616 2941 651 2984 ac
669 2942 758 3002 sopra
774 2927 854 2987 dicta
866 2931 990 3006 expendi
1004 2937 1108 3006 potest.
1127 2932 1225 2992 Verba
1239 2932 1429 3008 Scriptumelta

374 3033 406 3076 ae
425 3018 551 3080 habent:
579 3021 704 3082 oCordis
726 3027 813 3098 piscis
835 3025 1008 3101 particulam
1028 3031 1053 3088 si
1075 3045 1162 3105 super
1186 3031 1326 3090 carbones
1342 3040 1428 3104 ponas,
1494 3003 1495 3043 ¹

372 3113 472 3176 fumus
493 3123 556 3195 ejus
577 3123 701 3182 extricat
722 3139 808 3182 omae
830 3139 922 3202 genus
934 3125 1153 3188 doemoniorum
1171 3129 1236 3188 slve
1257 3145 1277 3187 a
1295 3126 1427 3201 viro‚sire

373 3215 539 3294 amoliere;
551 3241 565 3269 o
578 3219 657 3294 quod
674 3221 705 3278 in
722 3222 787 3295 ipsa
804 3224 899 3296 prima
916 3228 1001 3282 nocto
1018 3223 1127 3284 Tobios
1145 3241 1206 3284 una
1223 3242 1293 3285 cum
1306 3223 1370 3284 Sara
1381 3234 1426 3296 pei·
1493 3265 1494 3281 ,

372 3310 441 3371 lecit
460 3315 556 3390 angeli
575 3319 698 3376 monitu.
717 3317 775 3378 Sed
794 3335 884 3396 vcro,
908 3322 1047 3398 inquam,
1063 3324 1174 3397 jecoris
1191 3323 1335 3382 combusti
1352 3320 1427 3378 mnus

371 3408 557 3472 doemonium
577 3416 739 3492 expulerit,
762 3433 800 3476 an
819 3421 915 3492 potios
935 3435 986 3494 per·
1007 3435 1128 3496 preces,
1150 3419 1257 3496 quibos
1275 3419 1361 3480 Tobio
1378 3427 1426 3474 ona

371 3506 444 3566 Sara
461 3518 549 3570 noctu
566 3520 728 3590 vacarunt,
750 3522 778 3573 et
794 3515 831 3574 ob
850 3515 917 3574 ilois
933 3532 1032 3578 eornm
1051 3520 1245 3593 aequitatem,
1267 3534 1324 3594 qua
1335 3514 1426 3589 nuptias

371 3605 519 3686 inierunt,
544 3610 774 3670 incolumitatem
796 3611 883 3672 ambo
907 3617 1054 3674 consecuti
1067 3615 1201 3676 fuerint?
1221 3616 1296 3676 Mibi
1317 3613 1426 3673 videntur

369 3717 462 3778 neque
487 3705 583 3784 Sara,
609 3725 702 3784 neque
725 3709 817 3768 Tobia
834 3712 865 3768 in
887 3709 969 3773 fumo
987 3715 1094 3788 jecoris
1116 3717 1228 3774 incensi
1247 3717 1339 3790 magis
1357 3706 1425 3770 conii·
1491 3745 1492 3754 κ

370 3799 463 3876 disse,
484 3807 573 3879 priam
591 3805 770 3866 orationibus
788 3807 825 3868 ad
840 3811 966 3870 invicem
986 3825 1085 3870 coram
1103 3812 1163 3872 Deo
1181 3812 1293 3872 eiiusis.
1316 3811 1357 3870 lia
1368 3807 1426 3868 onio

370 3897 476 3958 Tobias
496 3899 631 3962 hortatio
650 3921 809 3980 sponsam:
836 3905 933 3968 «Sara
952 3925 1083 3986 exurge,
1105 3917 1134 3970 et
1151 3909 1337 3986 deprecemur
1354 3908 1425 3966 boum

369 3994 458 4056 hodie
477 4005 506 4056 et
525 4015 610 4076 cras,
631 4009 661 4062 et
681 4003 841 4064 secundum
861 4021 946 4083 cras,
967 4009 1037 4082 quia
1057 4007 1102 4068 bis
1122 4008 1215 4070 tribus
1234 4009 1363 4068 noctibus
1379 4002 1423 4060 Dii

395 4228 428 4290 (ι)
445 4229 543 4280 llicron.
557 4231 580 4280 in
593 4233 697 4283 ilicrem.
709 4247 730 4284 c.
743 4237 853 4287 xxvui.
866 4263 896 4275 -
907 4237 941 4302 (a)
950 4239 1010 4289 l'ob.
1022 4253 1043 4289 o.
1055 4243 1096 4290 vi.
1110 4249 1146 4291 io.
1160 4267 1190 4280 -
1200 4241 1234 4304 (a)
1244 4241 1304 4291 Tob.
1319 4253 1339 4289 c.
1350 4238 1386 4286 lli.
1394 4237 1420 4280 19-

368 4335 398 4345 -
409 4310 443 4372 (i)
453 4311 512 4360 Tob.
526 4325 548 4361 o.
561 4315 602 4362 Vl.
615 4315 639 4362 el
650 4315 716 4363 l'lll.
