3094 5184
596 373 755 424 427...

132 483 294 543 adversarti
317 479 469 559 (quamvis
489 481 525 541 dc
545 479 680 542 omnihus
697 481 754 542 dici
771 481 887 558 nequit)
908 495 968 539 non
986 482 1116 542 amittere
1135 483 1209 543 divi·
1308 501 1310 508 ·

132 597 206 642 nam
226 581 467 657 inspirationem,
492 594 551 656 qua
572 579 682 640 scilicet
707 575 839 639 ditantur
863 578 1038 655 scripturae-
1054 578 1209 676 Proto-Ga-

126 681 263 739 nonicae.
296 677 373 737 Nam
396 693 464 736 cum
490 677 628 738 camdem
648 677 779 738 divinam
808 677 901 753 legem
928 680 1108 739 servaverint
1137 681 1210 738 scri·

12 795 14 804 ’
128 783 249 854 ptores,
275 775 406 834 camdem
426 773 536 851 iidem,
564 775 694 835 eamdem
714 791 829 836 morum
846 777 1064 852 integritatem,
1091 777 1210 837 casdem

128 875 263 952 Jusnttac
282 876 366 950 uias,
396 873 535 950 Spiritum
566 872 705 935 Sanctum
727 874 894 934 eorumdem
910 873 1055 934 mentibus
1080 874 1208 934 adfuisse

14 973 16 980 ’
126 965 287 1032 meandum
306 975 361 1047 est,
383 983 489 1048 cosque
507 970 647 1030 direxisse
664 973 696 1030 in
713 971 807 1048 libris,
821 971 868 1031 vei
882 970 1010 1032 historiis
1026 973 1206 1032 conscriben-

128 1069 187 1147 dis,
207 1069 293 1130 sicuti
306 1067 345 1128 ab
366 1069 431 1128 aitis
451 1073 518 1128 ante
538 1062 661 1128 Esdram
680 1067 737 1129 hoc
756 1068 867 1129 iactum
886 1061 960 1130 erat.

168 1165 197 1241 ς.
219 1165 273 1225 ΠΙ.
303 1163 432 1226 Ulterius
456 1181 527 1224 vero
554 1165 800 1242 progrediamur3
829 1165 953 1226 iorsitan
982 1165 1208 1243 excogitandum

127 1263 184 1322 bos
201 1260 340 1322 hebraeos
368 1265 519 1342 aegyptios
538 1265 717 1340 scriptores,
748 1269 799 1322 aut
818 1265 906 1324 odam
928 1263 1040 1340 Moysis
1065 1263 1137 1342 tegis
1161 1266 1206 1320 tn·-

126 1365 288 1437 terpretas,
312 1361 387 1420 sicot
408 1360 502 1420 etalii
516 1358 691 1436 Prophetae,
708 1360 816 1420 iratres
828 1373 898 1422 suos
917 1360 1047 1436 decipere
1061 1361 1208 1436 votuisse,

13 1437 15 1448 '
123 1457 171 1515 cis
194 1461 362 1517 coamantes
384 1457 520 1518 historias
537 1459 751 1517 commentitias
769 1473 821 1519 scu
839 1459 915 1518 aiios
931 1459 1102 1534 discipliuae
1119 1459 1210 1518 libros

12 1553 22 1606 t
125 1559 331 1629 conponentes
350 1555 382 1612 in
402 1551 520 1614 iliorum
540 1553 761 1614 fflucdonemt
785 1556 915 1632 Insuper
927 1556 1053 1632 populus
1076 1559 1131 1615 istc
1147 1570 1208 1615 om·

12 1683 19 1712 r
122 1651 211 1710 nium
229 1651 359 1711 tribuum
381 1651 492 1728 israci,
524 1657 553 1710 ct
581 1651 674 1712 iudae
696 1655 891 1730 convocatio,
918 1659 948 1714 et
969 1654 1099 1715 societas
1124 1660 1208 1730 crat,

20 1799 21 1806 ,
124 1761 203 1824 quae
217 1748 346 1825 undiquc
365 1750 396 1806 tn
417 1749 585 1826 Aegyptum
602 1748 793 1810 adiuuarent.
819 1751 909 1812 Juxta
926 1751 1023 1811 Flauii
1041 1753 1124 1812 citati
1142 1767 1208 1812 sen·

17 1893 19 1904 ,
124 1843 270 1923 tendam,
289 1845 424 1922 hebraei,
446 1847 559 1923 praeter
581 1861 656 1924 eos,
677 1845 730 1924 qui
747 1847 789 1914 ibi
810 1851 873 1908 nati
893 1856 995 1925 mant,
1015 1855 1045 1910 et
1067 1849 1208 1910 edoicoc·
1248 1834 1251 1842 ’

12 1935 24 1984 ἶ
125 1949 213 2020 rant,
242 1944 360 2020 plurimi
384 1943 529 2007 odiliam
551 1943 699 2021 'regionem
718 1944 836 2004 abducti
854 1945 975 2007 fuerant
996 1947 1034 2005 ab
1058 1948 1208 2025 Assyria,

22 2074 24 2082 ι
123 2047 154 2101 ct
172 2041 272 2100 Madia
298 2039 370 2116 (ubi
395 2057 412 2100 c
442 2041 541 2100 decem
561 2040 696 2100 tribubus
720 2042 811 2101 Israel
827 2043 926 2118 piures
954 2043 1144 2120 habitarunt)
1175 2059 1209 2102 ac

123 2155 143 2198 a
155 2134 283 2215 judaea,
311 2144 341 2198 ct
369 2144 485 2214 postera
509 2143 603 2198 aetate
631 2135 717 2198 multi
737 2139 817 2199 haud
836 2141 922 2199 inviti
947 2140 1146 2203 cPaiaestina
1172 2144 1204 2200 tn

122 2234 539 2316 dogypumduceuocmnt,
560 2237 636 2296 sicui
653 2241 740 2296 antea
765 2237 838 2297 dixi.
863 2237 935 2310 Quis
954 2239 1097 2314 conjicere
1111 2243 1206 2314 potest

121 2333 315 2396 Decumum
323 2331 481 2396 bibituram
499 2339 632 2394 auctores
650 2333 771 2398 idudcre
787 2334 926 2410 volmsse,
942 2339 994 2395 aut
1011 2341 1056 2394 tot
1072 2336 1208 2413 deceptos

18 2439 22 2451 '
120 2447 187 2496 esse
205 2434 288 2494 viros
306 2431 469 2509 Scripturas
482 2435 672 2509 recipientes,
694 2443 769 2509 quae
788 2429 974 2508 nequaquam
998 2435 1152 2510 sincerae,
1179 2441 1208 2494 ct

18 2539 22 2580 τ
120 2531 242 2591 diuinae
259 2531 379 2590 iorentt
398 2529 440 2590 ito
462 2533 577 2607 magis,
607 2530 687 2607 quod
705 2531 810 2590 boram
830 2530 991 2590 Bibiioruur
1006 2538 1153 2592 'sudores
1172 2534 1205 2592 tn

119 2643 220 2688 rernm
236 2633 383 2704 gestarum
404 2629 603 2686 oesthnoninm
627 2630 854 2704 atsenbtem,
890 2628 1030 2688 iactarem
1052 2631 1206 2692 remittant

12 2737 22 2788 t
119 2725 338 2802 monumentis,
361 2721 498 2800 equibus
511 2721 588 2784 istae
597 2731 736 2800 acceptae
751 2732 843 2802 aunt,
859 2723 1106 2802 quemadmodum
1115 2723 1204 2802 egere

120 2821 368 2882 brou-tancmer·
384 2823 565 2897 scriptores?
584 2821 740 2884 Praetarca
752 2823 919 2884 addendum
935 2825 1067 2899 censeo,
1094 2823 1146 2882 aci
1158 2837 1207 2882 ao

12 2931 20 2980 t.
117 2919 384 2980 abrumpamus
407 2921 561 2996 scriptores
579 2913 740 2981 Bibiiorirm
759 2917 1206 2997 nourcromm·cuoaote‹cgurc

116 3019 152 3077 tn
171 3013 220 3075 his
234 3013 579 3092 ttbrtscunac'rtbcndts,
611 3015 664 3076 scu
693 3012 817 3093 contra,
845 3021 928 3094 pios,
961 3017 1090 3077 sinceros
1113 3017 1205 3084 muse

12 3125 14 3132 ’
117 3114 237 3175 cosdem
252 3114 408 3176 credimus.
431 3114 517 3174 Circa
532 3115 661 3193 primum
676 3134 698 3190 ,·
710 3114 858 3190 promotio
880 3114 954 3174 iteri,
969 3116 1112 3189 putruisset
1134 3115 1211 3172 sub·

115 3211 220 3272 eoam
239 3214 409 3288 scriptorem
429 3213 617 3290 aegyptiam,
641 3217 676 3274 ot
694 3210 978 3287 Juxuadveusartos
992 3209 1206 3272 animandum
1268 3201 1274 3210 “

14 3317 16 3326 ’
117 3315 216 3386 ωεστ,
237 3309 562 3387 Ninivernpcruenire,
597 3315 627 3370 et
646 3307 703 3368 sibi
726 3308 880 3385 quemdam
895 3307 1004 3368 Tobiae
1020 3309 1140 3366 nomine
1158 3321 1207 3366 co

116 3409 236 3484 ptivnm
251 3407 407 3468 'cucumere
432 3410 524 3469 variis
549 3407 709 3468 obnoxiam
731 3405 972 3481 autumnatione,
1003 3406 1110 3481 pietate
1131 3419 1203 3474 ‘vero

115 3505 333 3580 danninum,
357 3512 493 3582 perpetuo
521 3508 557 3564 iu‘
579 3506 716 3566 mosaicis
741 3501 853 3580 iegibus
871 3503 1011 3578 firmum,
1033 3504 1084 3579 qui
1101 3501 1208 3562 flium

116 3617 206 3662 suom
223 3597 327 3678 uocat,
352 3609 384 3661 ct
403 3603 440 3661 ad
459 3602 602 3664 bubeium
618 3606 649 3662 in
668 3603 764 3680 Reges
786 3604 934 3664 ciuitatem
955 3601 1108 3662 medortuu
1141 3604 1206 3662 ms

12 3713 13 3722 ¹
115 3701 173 3775 tit,
195 3701 383 3777 pecuniarum
402 3699 566 3775 dometium
585 3701 797 3776 accepturum?
823 3701 880 3774 Qui
898 3699 1005 3760 deinde
1028 3712 1081 3775 pet·
1102 3702 1205 3776 riam,

116 3796 226 3874 mugeti
244 3795 401 3872 naphaeiis
419 3793 587 3871 «comitatu,
617 3795 720 3856 incidit
746 3801 778 3856 in
807 3797 926 3856 affinem
951 3811 1037 3857 sunm
1065 3796 1207 3875 Regueits

116 3887 257 3970 nominc,
284 3895 366 3970 cutus
390 3903 471 3954 'uxor
487 3887 591 3968 Anna3
622 3899 657 3952 ct·
674 3893 748 3953 Sara
770 3894 836 3954 iiiia¹
853 3895 1012 3954 iiberataa
1039 3894 1207 3969 daemone,

12 4021 15 4060 ς
116 3994 237 4068 nuptios
262 3997 330 4052 cum
349 3992 450 4052 eodem
469 3993 546 4066 init3
571 4002 605 4050 ac
624 3997 725 4066 msice
742 3991 1027 4056 demumcrcvarrus
1050 3997 1164 4066 putrem
1187 4006 1206 4048 a

12 4123 13 4158 t
116 4091 257 4150 caenare
273 4092 452 4184 sanatpqui
470 4087 646 4150 benedicens
667 4087 763 4148 Derim
784 4091 951 4162 mortariis
967 4086 1140 4162 ‘bacchatim
1162 4101 1207 4148 tc-

12 4221 13 4234 1
116 4183 580 4248 ditum.habtaeorom·‘tratram
602 4182 629 4244 a·
648 4181 1058 4262 captiuitate:1praearrnciat‚
1089 4187 1119 4242 et
1140 4182 1205 4242 iou-

12 4319 13 4350 t
116 4299 228 4361 guerus
246 4287 278 4344 in
297 4301 367 4360 pecc
382 4287 524 4345 morituri
542 4286 616 4344 Item
631 4282 788 4342 dicendum
804 4283 840 4342 de
863 4283 938 4342 libro
957 4281 1088 4355 iudith,
1122 4283 1205 4356 cujus
