2964 5174
514 359 674 409 ...75-

65 472 128 529 liam
146 467 356 542 deramatam,
375 481 450 542 quae
467 483 485 526 a
500 465 649 524 nonnullis
667 479 783 540 quoque
802 461 988 538 legebanarr,
1007 467 1037 520 et
1049 477 1135 537 qaae·
1249 479 1254 504 ·

1 639 2 644 η
64 569 123 628 dam
137 583 240 640 eorum
260 567 418 626 sententiae
434 571 513 623 ratae
537 562 737 637 habebantur3
756 563 799 621 uti
816 577 863 620 ex.
881 575 925 635 gr.
945 559 1017 619 liber
1033 559 1134 634 Enoc,

63 667 183 725 Pastoris
196 665 286 739 liber,
298 665 436 723 ascensio
456 662 547 738 Eliae,
562 661 671 720 badae
685 662 804 733 tertiam,
819 657 1064 718 Machabaeorum
1078 663 1135 714 ter·

64 767 114 822 tius
130 770 161 822 et
182 770 317 838 quartus,
337 762 461 836 aliique,
476 762 528 837 qui
541 761 644 818 merito
655 758 693 816 ab
710 759 773 832 ipso
792 760 997 830 nuncupantur
1015 767 1135 828 apocry-

64 861 170 936 phihc
183 861 254 920 alibi
265 863 407 920 rationem
420 857 514 918 reddit
524 857 599 916 libro
614 873 665 914 xv.
684 842 853 914 decivitate
869 853 938 911 Dei:
956 851 994 926 (1)
1015 850 1133 908 aOmit-

64 965 152 1018 tumus
169 960 259 1035 igitur
276 975 376 1017 mum
385 957 601 1031 scripturarum
615 953 746 1028 fabulas,
765 967 840 1028 quae
857 947 1041 1024 apocryphae
1057 963 1133 1004 nun·

64 1062 220 1130 capantur,
241 1073 275 1114 eo
299 1055 378 1131 quod
397 1071 498 1114 earum
517 1053 631 1114 occulta
651 1053 744 1127 origo
770 1065 830 1107 uon
859 1048 964 1106 claruit
982 1045 1134 1120 patribus,

62 1153 200 1230 aquibus
222 1169 313 1230 usque
333 1152 371 1210 ad
387 1168 441 1211 nos
462 1153 617 1211 auctoritas
638 1165 776 1226 veraeum
798 1145 1013 1220 scripturarum
1035 1145 1135 1201 certis·

63 1254 131 1310 rhua
148 1257 179 1310 et
198 1253 351 1310 nathsim
365 1251 505 1326 pervenit.
528 1249 563 1306 In
577 1247 622 1305 his
646 1253 742 1305 aumm
752 1243 938 1320 apocryphis,
955 1243 1009 1298 etsi
1026 1241 1136 1298 inveni·

63 1355 105 1408 tur
122 1350 223 1424 aliqua
236 1351 360 1422 veritas,
382 1353 481 1406 tamen
495 1351 611 1420 propter
630 1343 723 1402 multa
741 1341 837 1415 laisa,
858 1339 940 1398 nulla
957 1344 1001 1396 est
1019 1337 1136 1394 canom-

64 1461 94 1504 ca
119 1447 288 1506 auctoritas.
304 1470 316 1496 a
334 1444 465 1504 Secumo
485 1442 667 1502 observanda
690 1446 760 1500 sunt
783 1437 888 1497 verba:
909 1460 922 1486 o
934 1436 970 1493 Iu
983 1434 1137 1492 Canonicis

65 1548 156 1602 autem
171 1542 329 1618 Scripturis
347 1542 533 1602 ecclesiarum
547 1539 755 1598 catholicarum
773 1536 974 1594 auctoritatem
989 1535 1138 1606 sequatur,

65 1643 133 1700 inter
152 1657 227 1717 quas
244 1657 315 1698 sane
335 1640 402 1699 illae
418 1646 502 1714 sunt,
561 1654 595 1696 ae
609 1636 780 1712 apostolicas
799 1633 882 1692 sedes
906 1630 1013 1689 habere
1029 1641 1139 1686 merue-

66 1745 147 1814 mnt,
162 1745 192 1798 ct
204 1740 340 1814 epistolas
354 1740 511 1812 accipere.»
527 1737 623 1810 Quam
635 1735 728 1810 legem
741 1733 790 1790 hic
803 1731 894 1790 secuti
903 1743 1015 1788 sumus.
1029 1723 1140 1784 Deinde

67 1836 168 1896 Ductor
179 1837 271 1896 addit:
286 1836 428 1896 «Teadait
441 1837 531 1912 igitur
541 1834 620 1892 hunc
630 1832 750 1891 modum
762 1832 794 1888 iu
806 1828 961 1903 Scripturis
973 1823 1138 1896 Canonicis,

66 1941 96 1994 ut
113 1951 180 2010 aas,
201 1950 277 2010 quae
294 1935 333 1993 ab
356 1934 491 1994 omnibus
519 1934 699 2006 accipiuntur
728 1928 855 1988 ecclesiis
873 1923 1038 1996 catholicis,
1060 1933 1140 1994 prae·

66 2040 151 2108 ponat
169 2034 228 2107 eis,
247 2049 321 2108 quas
340 2031 482 2108 quaedam
503 2046 563 2089 non
583 2029 738 2103 accipiunt.
751 2049 764 2074 a
781 2024 818 2082 Et
834 2024 876 2080 sic
898 2020 1028 2078 vicissim
1044 2022 1078 2074 ut
1091 2031 1139 2074 su·

67 2145 117 2204 pra
138 2129 277 2188 ammas.
308 2130 332 2188 E
360 2129 466 2206 quihus
493 2127 590 2186 verbis
614 2126 769 2200 quisquam
790 2137 809 2180 a
833 2119 995 2193 suspicione
1018 2118 1139 2186 caveat,

68 2229 146 2304 qnasi
155 2227 270 2303 doctor,
279 2226 727 2305 hancdiiferentiampropoueus
742 2222 816 2278 inter
828 2216 917 2276 libros
928 2211 1141 2286 sacros,doceat

68 2339 122 2382 non
134 2339 226 2384 unam
239 2325 427 2400 eamdemque
441 2325 655 2396 auctoritatem,
669 2319 863 2389 divinitatem,
873 2312 1078 2371 revelationem
1092 2321 1140 2366 su·

69 2438 183 2498 pernam
198 2419 288 2480 libros
303 2439 414 2498 sacrus,
428 2437 502 2498 quos
517 2421 640 2495 censuit,
655 2417 816 2489 vindicare,
828 2411 899 2470 dum
911 2407 1081 2484 appositain
1095 2403 1142 2462 his

70 2521 259 2598 quadraginta
270 2520 351 2578 libris
368 2520 470 2578 divina
482 2519 681 2595 inspiratione,
691 2514 773 2572 nulla
782 2510 936 2582 dubitatio,
949 2519 1042 2579 neque
1051 2503 1142 2559 varie·

71 2623 121 2694 tas,
134 2621 349 2694 nequemajus,
368 2633 462 2693 neque
483 2617 579 2674 minus
590 2613 789 2674 testimonium
803 2611 835 2666 in
848 2605 957 2665 eisdem
970 2608 1014 2661 est
1026 2598 1142 2673 excogi-

71 2717 198 2792 tandum,
209 2723 296 2791 prout
307 2732 395 2792 supra
405 2715 516 2774 dictum
527 2720 581 2790 est,
593 2712 665 2771 dum
675 2717 750 2769 unus
762 2708 884 2783 Spiritus
894 2703 1028 2774 Sanctus,
1040 2699 1143 2754 immu-

72 2815 178 2892 tabilis,
190 2817 256 2890 ipsa
266 2813 413 2890 Sapientia
432 2813 534 2872 divina
548 2818 592 2870 est
609 2815 710 2870 auctor
727 2807 917 2884 praecipuae,
938 2797 1017 2875 quod
1034 2797 1094 2870 ipse
1110 2793 1143 2851 in

72 2912 123 2972 line
135 2913 265 2974 Cononis
283 2913 400 2974 tumtur:
421 2935 433 2964 a
445 2912 480 2970 In
494 2912 540 2970 his
552 2911 634 2968 libris
646 2910 780 2966 timentes
794 2904 847 2962 Dei
859 2901 1002 2977 quaerunt
1014 2893 1145 2951 volunta·
1233 2888 1235 2893 '

73 3019 124 3072 hm
142 3015 233 3074 illius.
249 3037 262 3064 a
280 3011 311 3072 Si
322 3010 479 3088 aliquando
500 3016 598 3069 autcm
615 3006 796 3082 Augustinus
813 2997 969 3076 quamdam
980 2992 1145 3052 censionem

73 3110 147 3189 iecit,
159 3111 208 3172 vei
221 3113 455 3172 retractationem
468 3110 500 3166 in
509 3105 684 3183 quibusdam
695 3119 712 3161 e
722 3101 828 3160 nostris
835 3095 967 3158 Deuteris
977 3087 1144 3164 scripturis,

73 3213 104 3272 de
114 3211 265 3288 Sapientia
277 3225 392 3286 nempe,
404 3216 434 3268 et
445 3207 658 3280 Ecclesiastico,
669 3203 725 3262 hoo
737 3206 853 3260 tantum
869 3196 986 3254 illorum
997 3195 1144 3252 naamam

75 3312 177 3386 arguit,
193 3309 241 3368 vel
256 3310 405 3384 scriptoris
425 3322 546 3380 nomen,
567 3319 627 3362 non
647 3307 744 3360 autem
767 3297 933 3367 materiam,
953 3305 1027 3365 quae
1044 3286 1146 3344 divina

76 3423 182 3484 semper
198 3407 236 3466 ab
250 3423 284 3466 eo
297 3405 469 3464 habebatur.
480 3404 632 3462 Praeterea
644 3401 686 3475 si,
700 3386 869 3476 priusquam
887 3392 988 3450 doctor
1004 3386 1146 3448 librorum

77 3521 220 3564 samomm
235 3504 383 3562 Cononem
395 3507 587 3576 enumeraret,
600 3497 865 3558 animadversiones
883 3503 974 3564 nuper
985 3486 1078 3544 dictas
1095 3482 1146 3542 ad·

78 3606 183 3681 posuit,
209 3603 265 3662 hae
292 3603 386 3662 solum
408 3601 560 3660 christiani
576 3597 720 3670 doctoris,
736 3593 934 3668 apologistae,
953 3583 1147 3644 cathechistae

79 3701 242 3774 prudentiae
264 3700 359 3778 leges,
385 3715 458 3775 quas
480 3697 686 3768 observarent,
708 3688 914 3767 respiciebant,
936 3683 1040 3760 quihus
1061 3679 1148 3738 divus

80 3813 124 3856 eos
146 3800 266 3858 edocere
282 3797 416 3873 volebat,
443 3801 477 3854 ut
495 3787 663 3853 eorumdem
684 3790 816 3848 doctrina
835 3785 955 3860 Scriptis
974 3781 1081 3840 divinis
1106 3779 1148 3834 in·

81 3899 162 3974 maa,
181 3912 283 3956 revera
302 3895 403 3954 diuina
423 3894 461 3952 ab
481 3893 564 3967 aliis,
586 3891 632 3950 vel
653 3889 783 3966 judaeis,
808 3885 855 3942 vel
886 3880 1037 3940 haereticis
1064 3876 1153 3936 caath

83 4001 219 4070 mmmur,
245 4008 339 4070 neque
367 4008 486 4052 causam
511 3991 569 4048 illis
595 3987 782 4064 praeberent,
804 3980 970 4040 christianis
990 3975 1148 4050 praeceptis

84 4093 231 4170 irridendi,
250 4099 280 4152 et
297 4094 330 4150 in
348 4089 456 4150 Christi
471 4089 612 4164 templum
627 4082 770 4144 inferendi
789 4078 977 4151 scandalum,
994 4070 1148 4146 Scripturas

112 4307 395 4368 (1)a0m.v11.p.aaa.
477 4269 478 4274 ¹
