3022 5178
792 407 832 418 -
856 382 913 434 let
938 405 978 418 —·

345 507 433 574 ptura
449 499 562 574 surgit:
581 494 660 553 *Dei
677 495 756 553 enirn
768 500 812 554 est
824 494 898 553 dare
918 491 1093 568 4111141111,
1111 500 1244 556 nostrum
1263 501 1363 554 autern
1378 511 1426 565 eu-⁴

344 602 459 673 pediale
469 595 637 668 sospitalitlll
648 594 753 667 ipsius:
771 591 869 647 ·”ουτε
883 593 937 664 γάρ
949 591 1068 664 τέρπει-ω
1087 593 1152 654 Θεὸς
1166 591 1202 648 εἰτ’
1215 593 1293 661 adhela
1304 598 1355 648 eris
1368 593 1431 666 ’ζών-

343 713 407 757 ws,
427 695 447 748 i.
462 708 489 748 e.
505 691 605 766 Neque
622 692 700 748 enirn
715 689 874 748 delectatur
893 690 971 750 Deus
991 691 1150 766 perditione
1169 693 1345 752 viventium.
1359 718 1374 744 ι

384 789 413 864 5.
436 789 517 848 Vlll.
540 787 675 864 Hilarus,
695 790 746 864 qui
762 804 839 846 anuo
851 796 910 846 tat
924 789 1035 848 Rornae
1052 788 1221 864 pontificatu
1237 789 1429 867 fungebatur,

345 889 430 961 suis,
451 901 526 962 quae
542 888 665 962 statuit,
684 887 806 946 decretis
824 888 1000 945 mentionem
1022 902 1138 962 qnoque
1158 888 1268 964 egilde
1291 888 1430 964 Canone,

344 991 374 1043 et
395 984 539 1046 diuismne
558 1001 709 1044 sacromm
728 985 899 1045 Bihllorum.
920 984 999 1042 llaec
1025 991 1096 1044 'vero
1119 1003 1179 1044 non
1199 987 1318 1045 aliunde
1338 1003 1430 1062 appa-

345 1089 412 1142 rent
420 1084 480 1142 nisi
492 1099 529 1142 ex
542 1083 641 1142 codice
655 1081 824 1142 diuinarum
836 1081 1052 1158 seripturarum
1069 1085 1240 1158 antiquitate
1253 1085 1429 1158 praestanti,

345 1182 447 1256 utpote
463 1180 580 1243 saeculo
594 1187 676 1240 sento
694 1179 832 1256 oonllato,
843 1182 898 1255 qui
912 1195 1028 1240 summe
1047 1195 1121 1240 cura
1133 1184 1165 1238 in
1177 1180 1357 1241 bibliotheca
1379 1182 1430 1242 llo

345 1279 653 1340 reatina-laurentiana
668 1285 812 1353 servatur,
831 1278 839 1352 l
848 1278 885 1336 de
904 1290 962 1353 quo
984 1280 1015 1335 in
1030 1279 1161 1338 necunde
1175 1287 1257 1354 parte
1273 1280 1428 1356 disseram)

345 1374 450 1436 Brute
467 1377 620 1439 damano
646 1383 841 1452 nuncupatus.
858 1377 897 1436 ln
910 1375 997 1450 hujus
1013 1375 1119 1434 codicis
1137 1377 1318 1451 praefatione
1334 1381 1430 1453 Ριὶιιιι

344 1471 451 1534 divisio
468 1475 574 1550 legitur
595 1471 755 1532 Bibliorum
775 1487 924 1532 sacrorum
942 1489 959 1532 a
977 1475 1156 1550 llieronymo
1172 1479 1259 1549 J‘uxta
1285 1475 1429 1535 hebraeos

346 1571 434 1630 laem.
455 1571 565 1630 Deinde
584 1572 819 1649 divisio-altere,
837 1589 896 1647 que
914 1572 1027 1630 duabus
1040 1571 1185 1630 eruemus
1209 1589 1290 1631 more
1308 1589 1427 1649 gram
1508 1605 1509 1646 J

346 1681 414 1740 runs
427 1670 624 1730 inscribuntur
644 1685 744 1729 omnes
765 1671 857 1728 diuini
877 1672 983 1729 veteris
1005 1677 1039 1726 et
1062 1673 1132 1726 novi
1153 1671 1425 1746 testamentare,
1508 1652 1509 1678 ¹

345 1768 377 1824 in
397 1781 457 1826 una
472 1767 583 1826 scilicet
599 1782 685 1826 cruoe
702 1773 800 1842 retus,
823 1775 851 1824 et
871 1770 902 1824 in
920 1768 1011 1826 altera
1025 1781 1146 1826 novum.
1166 1767 1205 1824 ln·
1221 1770 1317 1842 prima
1337 1783 1424 1826 cruoe

344 1863 375 1924 lul
390 1864 456 1923 lihri
465 1889 469 1900 ¹
478 1867 687 1924 enuncientur:
712 1865 850 1938 Genesis,
866 1865 1002 1940 Euodus,
1016 1864 1182 1938 leviticus,
1196 1864 1334 1939 Numeri,
1350 1865 1423 1924 Deu-

343 1965 552 2038 teronomrum,
570 1963 654 2038 lesus
676 1962 775 2037 Nave,
795 1962 1164 2036 terrenarumque
1180 1968 1317 2037 quatuor,
1339 1961 1426 2022 Pere-
1508 1979 1509 2044 J

345 2061 511 2136 lipomenon
525 2062 595 2137 duo,
607 2062 790 2122 Psalmorum
804 2064 931 2138 quinrpre
944 2062 1023 2122 libri.
1034 2061 1197 2122 Salomonis
1210 2061 1426 2136 quinque,Pro
1508 2063 1509 2134 l

344 2158 460 2234 uerhia,
482 2159 645 2235 Sapientia,
670 2159 906 2232 Ecclesiasticus,
924 2159 1136 2233 Feriesiastes,
1150 2158 1303 2219 Quacum
1325 2157 1422 2216 Canti-
1508 2151 1509 2178 ³

343 2273 454 2314 eorum.
475 2257 638 2332 Prophetae
652 2259 765 2333 isaias,
779 2257 949 2318 ,Hieremias
968 2273 1036 2318 oum
1048 2255 1179 2330 Barueh,
1197 2257 1330 2316 Ezechiel
1345 2299 1355 2331 ,
1369 2255 1424 2314 lle·

343 2354 421 2427 niel,
443 2354 596 2414 duodecim
616 2356 777 2431 Prophetae
798 2359 940 2430 minores,
960 2354 1422 2430 lob,uobis,lather,.lrrtiu1,

343 2450 452 2512 Esdrae
466 2452 534 2524 libri
546 2453 616 2526 duo,
637 2453 885 2515 Machehaeorum
904 2453 970 2511 libri
987 2453 1056 2512 duo.
1077 2453 1113 2511 Et
1127 2455 1244 2512 censitis
1268 2456 1340 2510 novi
1364 2452 1421 2510 loe-

340 2549 417 2607 deeis
438 2550 567 2609 inrisio
588 2551 790 2628 line-paginae
806 2551 878 2609 haec
893 2550 981 2610 verba
997 2552 1149 2626 leguntur:
1170 2549 1241 2610 esre
1254 2550 1332 2608 liunt
1344 2557 1422 2608 vete·
1508 2544 1509 2611 l

344 2650 385 2706 ris
401 2654 429 2706 ct
447 2651 516 2706 noui
539 2651 704 2708 tesmmenti
717 2649 804 2723 lihri,
823 2652 898 2706 sictut
915 2647 1026 2706 dividit
1047 2655 1166 2706 mactus
1189 2649 1309 2707 Hilarus
1329 2664 1425 2706 roma·
1508 2627 1509 2702 l

339 2760 396 2801 nae
413 2746 494 2804 urhis
509 2749 647 2822 antistes,
669 2755 698 2805 et
717 2747 896 2822 Epiphanius
913 2749 1055 2823 cyprius,
1073 2761 1160 2821 quern
1185 2745 1277 2804 latino
1297 2745 1423 2804 lecimus
1508 2719 1509 2748 ¹

340 2857 475 2900 sermono
492 2844 659 2919 transferri,
688 2845 756 2903 lihrl
779 2847 1013 2920 septuagianta
1033 2844 1084 2903 illo
1112 2844 1288 2918 palmarum.
1300 2859 1425 2902 nurnero

341 2939 464 2998 fortasse
480 2944 664 3017 praesagati,
685 2957 758 3016 quas
774 2945 805 3000 in
822 2944 972 3000 mansione
995 2941 1091 2998 llelim
1110 2943 1222 3000 invenlt
1234 2941 1364 3016 populus
1377 2941 1423 2998 he

340 3036 533 3100 braeorumm
521 3037 697 3114 »Sequitur
716 3042 802 3099 tertia
827 3040 931 3098 divisio
949 3037 1109 3128 Biblionrm
1124 3043 1211 3114 juxta
1232 3039 1348 3120 diuurn·
1366 3039 1424 3098 Au-

339 3137 505 3212 gustinum,
518 3137 571 3198 de
567 3153 635 3212 que
655 3154 710 3196 suo
722 3139 786 3196 loeo
806 3138 878 3196 dini.

378 3232 405 3306 S.
423 3233 475 3290 lll.
488 3233 571 3293 Felix
584 3235 757 3310 papahujus
771 3237 897 3294 nominis
910 3236 1011 3294 tertius
1026 3233 1180 3294 suhllnem
1199 3236 1320 3294 seecuh
1323 3165 1423 3309 quinti

338 3333 369 3386 in
388 3331 512 3406 epistole
531 3348 585 3390 ιιι.
606 3333 645 3392 ad
657 3331 775 3392 Petmm
789 3333 942 3391 Fullonem
959 3347 995 3393 ex
1010 3331 1134 3409 synodo
1147 3341 1289 3407 romana,
1309 3331 1350 3394 de
1364 3332 1424 3392 Deo

338 3443 398 3486 uno
417 3430 771 3490 testimoninmadvocat
795 3429 909 3488 Barnch
935 3430 1014 3488 hisee
1036 3428 1150 3490 verbis:
1176 3455 1190 3479 α
1213 3430 1319 3505 Sioqne
1335 3434 1424 3505 juxta

344 3531 437 3601 tuam,
452 3532 482 3584 et
496 3527 614 3586 illorum
629 3531 774 3588 rationem
788 3534 846 3586 tres
860 3527 901 3586 dii
914 3535 1011 3602 erunt,
1026 3543 1061 3586 aa
1076 3540 1126 3602 per
1146 3527 1201 3586 hoc
1216 3527 1348 3602 plurium
1356 3527 1426 3586 deo·
1478 3525 1481 3532 ⁴

337 3635 404 3680 rum
426 3625 584 3684 involaret
601 3641 699 3701 error,
721 3631 919 3701 quantumque
937 3627 969 3682 in
985 3631 1014 3683 te
1031 3630 1095 3700 est,
1114 3623 1304 3686 evacuabitur
1330 3624 1420 3704 illud:

338 3719 442 3778 -hudi
468 3722 579 3800 lsrael,
605 3723 747 3784 Dominus
764 3723 845 3784 ¹Deus
869 3731 937 3782 murs
961 3739 1039 3784 unus
1058 3729 1118 3782 est:
1139 3725 1201 3796 ital
1214 3719 1280 3794 ὅπερ
1293 3721 1386 3794 ἔλεγεν
1409 3724 1422 3774 t

337 3816 466 3888 'lrJeJe'aq
475 3852 485 3884 ,
501 3821 622 3892 Kuer'ara‘
634 3824 698 3886 Θεός
711 3824 794 3894 ἡμῶν,
814 3821 844 3875 oa’
858 3820 1052 3893 λογισθήσεται
1066 3820 1151 3894 ἕτερος
1166 3822 1230 3894 πρὸς
1247 3821 1343 3895 eu'ra's,
1358 3825 1379 3878 i.
1394 3837 1419 3880 e.

337 3912 479 3991 Quodque
498 3917 573 3978 dixit
587 3920 766 3982 Hieremias:
783 3919 951 3980 -Dominus
969 3919 1046 3978 Deus
1060 3925 1175 3995 noster,
1193 3935 1254 3977 non
1275 3917 1420 3994 reputabi-

334 4014 383 4068 tur
404 4012 479 4076 alius
499 4014 537 4074 ad
558 4033 667 4076 eum.»
685 4018 771 4078 Anno
785 4017 902 4078 Domini
925 4025 1001 4094 484,
1018 4023 1198 4078 econventu
1215 4015 1345 4092 genstall
1363 4015 1419 4092 epi·

335 4123 490 4192 seqporum
513 4114 723 4176 catholicorum
741 4114 850 4174 africae
872 4113 1030 4192 approbata
1048 4114 1104 4178 luit
1123 4113 1191 4198 lidei
1211 4115 1307 4188 ratio,
1329 4127 1418 4188 φιιιιι

334 4202 482 4282 suenus
503 4212 654 4286 episeopus
673 4211 904 4289 eanheginensis
919 4213 1090 4290 composuit.
1111 4211 1168 4270 ln
1160 4225 1225 4286 rpsa
1241 4209 1349 4287 legitur
1361 4207 1416 4272 us-

331 4302 415 4362 eretis
425 4304 704 4370 Dentato-Canonici
725 4311 868 4370 sententis
888 4309 945 4370 hoc
962 4308 1066 4369 modo:
1090 4307 1349 4368 «mestianum
1370 4319 1415 4364 re·
