3096 5168
853 397 895 412 ..
915 385 1015 428 1,-

396 485 753 580 animadvertistis,
785 482 895 590 quali
932 479 1091 580 studio,
1128 501 1167 562 ct
1201 484 1363 593 ratione
1398 485 1468 564 lin·

396 621 484 728 guis
505 618 725 698 Bibliorum
748 615 1028 723 originalibus,
1050 618 1093 696 in
1112 617 1187 696 illis
1201 618 1468 725 interpretan-

396 753 457 832 dis
479 753 582 850 ‚usi
616 769 710 830 sunt
731 768 890 857 patrea,
917 749 1123 858 quomodo
1150 777 1201 829 ex
1231 752 1331 859 ipsis
1358 781 1469 832 accu-

394 891 480 966 rato
502 886 587 965 illas
612 883 918 992 significationes
941 900 1052 990 aptas
1079 881 1341 983 eduxerunt,
1366 912 1466 992 quae

279 1001 283 1008 ⁵
393 1021 564 1130 Spiritus
585 999 719 1098 Sancti
749 1019 794 1096 in
820 1019 876 1097 cis
899 1018 1123 1126 eloquentis
1151 1019 1280 1097 menti
1311 1019 1466 1097 confor-

394 1155 632 1251 mabantur,
654 1150 861 1259 quomodo
884 1168 1024 1230 contra
1037 1152 1232 1266 haereses,
1260 1151 1411 1231 horum
1430 1151 1466 1229 li·

392 1288 560 1368 brorum
592 1287 738 1380 verha,
771 1303 811 1364 et
832 1285 1058 1364 'sententias
1094 1285 1394 1382 enucleabant,
1430 1303 1466 1365 et

392 1422 541 1502 Christi
570 1420 778 1516 vaticinia,
809 1415 985 1526 fideique
1012 1435 1169 1505 nostrae
1188 1417 1379 1528 dogmata
1404 1419 1465 1498 ob

391 1571 597 1634 scurantes
625 1552 938 1659 propulsabant·
963 1552 1136 1634 Ecclesia
1160 1552 1372 1634 Catholica
1398 1581 1463 1660 pa-

391 1705 499 1766 trum
528 1685 752 1764 doctrinam
779 1701 937 1776 secuta,
973 1702 1013 1764 et
1045 1685 1164 1764 variis
1195 1703 1374 1766 aetatum
1399 1713 1463 1764 ne-

392 1819 640 1898 cessitatibus
668 1847 751 1898 sese
787 1818 1089 1899 accommodans
1129 1821 1266 1899 omnia
1311 1845 1462 1926 semper

394 1953 550 2052 effecit,
582 1983 627 2033 ac
656 1953 859 2062 providit,
889 1971 935 2033 ut
958 1953 1183 2061 depositum
1218 1953 1315 2034 fidei
1346 1952 1461 2032 sibia

296 2085 298 2090 ’
388 2086 655 2195 Redemptore
678 2085 870 2167 traditum
894 2106 1065 2168 servaret
1088 2088 1317 2187 illibatum,
1348 2103 1388 2165 et
1409 2083 1457 2164 ob

390 2223 469 2301 hoc
489 2223 715 2330 praecipuis
746 2223 790 2301 in
818 2222 1145 2302 universitatibus
1176 2222 1358 2330 alibique
1389 2219 1458 2297 lin·

392 2385 562 2463 guarum
597 2356 852 2436 crientalium
886 2373 926 2434 et
959 2383 1119 2463 graecae
1155 2355 1367 2435 cathedras
1403 2355 1457 2431 in·

390 2489 551 2585 stituit,
582 2488 732 2594 quibus
758 2504 844 2567 tum
869 2488 972 2568 mala
998 2506 1252 2586 removeret,
1284 2513 1388 2597 quae
1412 2511 1457 2562 ex

390 2619 553 2719 eisdem,
577 2618 678 2700 idest
703 2650 840 2702 earum
867 2623 1011 2721 abusu,
1032 2621 1238 2701 doctrinae
1263 2649 1359 2701 suae
1376 2645 1457 2699 eve-

389 2755 475 2832 nire
504 2772 689 2862 possent,
721 2775 808 2835 tum
835 2755 1002 2865 quidem
1021 2784 1096 2864 per
1121 2756 1206 2835 illas
1235 2755 1377 2864 majori
1401 2753 1456 2831 lu-

389 2887 518 2985 mine,
550 2906 589 2966 ct
622 2887 798 2968 claritate
830 2888 1084 2996 splenderent
1112 2891 1361 3002 euangelicae
1394 2912 1455 2964 vc-

388 3021 536 3101 ritates.
560 3022 632 3102 His
651 3022 830 3130 providis
848 3024 1044 3103 Ecclesiae
1063 3025 1170 3103 curis
1190 3024 1353 3102 minime
1370 3018 1454 3128 qui-

297 3164 300 3170 '
389 3152 480 3233 dam
499 3155 647 3235 abusus
669 3157 731 3235 vel
749 3157 870 3235 timor
887 3155 1084 3236 adversari
1102 3174 1258 3264 potest,
1277 3159 1451 3265 inquam,

389 3285 590 3368 dumlcibi
621 3289 761 3370 abusio
786 3317 887 3372 non,
904 3291 954 3370 ab
982 3317 1029 3370 eo
1064 3287 1225 3368 arcendi
1246 3286 1454 3368 ¹necessita·

389 3439 469 3500 tem
504 3423 738 3520 constituit,
765 3423 881 3501 simili
903 3422 1024 3504 modo
1050 3424 1225 3521 abusus,
1256 3424 1329 3532 qui
1363 3414 1452 3498 oriri

301 3567 303 3574 ’
388 3571 546 3661 potest,
579 3573 618 3634 et
647 3555 761 3635 facile
794 3558 951 3655 oritur,
987 3574 1034 3635 ut
1062 3555 1268 3636 fatendum
1305 3572 1387 3651 est,
1414 3551 1452 3627 in

388 3687 532 3764 harum
561 3687 790 3795 linguarum
814 3690 1080 3797 applicatione
1109 3688 1160 3769 ad
1189 3689 1344 3769 divinas
1361 3680 1452 3762 Scri·

387 3837 527 3930 pturas
562 3821 878 3930 expendendas,
916 3851 1000 3901 non
1035 3821 1200 3931 impedit
1241 3819 1451 3931 quominus

384 3954 551 4062 juvenes
582 3956 800 4062 praecipuo
836 3955 1085 4036 ecclesiastici
1125 3957 1168 4033 in
1204 3983 1268 4034 eas
1304 3955 1450 4032 incum-

386 4085 513 4188 bant;
545 4063 659 4168 aliter
689 4089 862 4168 Ecclesia
892 4089 968 4168 hac
1002 4090 1155 4170 ratione
1189 4087 1297 4168 haud
1326 4104 1449 4188 aequo

386 4219 625 4327 providisset
650 4223 694 4298 in
716 4221 779 4299 his
808 4221 1006 4301 cathedris
1031 4221 1297 4320 stabiliendis,
1327 4219 1358 4298 si
1380 4214 1448 4292 lin-
