3070 5180
861 367 1021 418 “38-

399 481 527 552 oportet‚
546 475 605 552 quo
624 475 726 534 oonua
745 473 859 550 hostes,
887 479 918 532 et
935 475 1063 534 maxime
1085 472 1236 551 hebraeos,
1252 473 1397 553 irruebat,
1415 493 1477 540 oau-

400 591 435 634 sa
460 576 591 635 veritatis
604 572 788 632 christianae
809 572 1059 650 propugnandae,
1086 572 1159 632 adeo
1186 579 1220 632 ut
1247 573 1409 650 aliquando
1434 579 1478 636 iila

401 689 475 734 sana
494 673 676 742 ratiocinatio
693 671 731 730 ab
744 687 778 730 en
792 669 949 748 effugeret,
964 687 1040 748 quae
1052 685 1153 746 reapse
1171 673 1203 730 in
1222 671 1306 747 leni,
1327 687 1363 730 ac
1376 672 1480 747 macida

401 771 488 830 corde
508 771 665 845 ¹assuescit,
688 773 718 828 et
743 769 785 828 ibi
808 775 975 828 constanter
998 784 1168 844 pennanere
1189 769 1275 828 solet.
1300 767 1401 844 Neque
1418 787 1479 832 vero

405 869 462 928 boc
482 867 563 944 dixi,
584 873 619 927 ut
635 867 672 926 de
687 866 815 942 quadm
833 868 994 925 temeritate
1009 865 1148 928 Sanctum
1169 869 1357 942 incusarent,
1373 868 1480 930 etillins

401 969 512 1042 scripta
521 965 687 1025 inconsulta
699 981 861 1043 arguerem.
877 966 1004 1025 Tantum
1025 965 1081 1025 hoc
1093 981 1225 1025 sermone
1242 965 1398 1026 ostendere
1408 967 1479 1028 uolui

401 1065 566 1124 maximum
590 1062 681 1123 misse
711 1064 884 1140 Hieronymi
903 1079 956 1138 pro
983 1063 1154 1140 evangeliea
1170 1063 1228 1122 ode
1246 1063 1363 1140 selum,
1383 1079 1400 1122 e
1417 1081 1476 1143 quo,

398 1177 467 1232 cum
487 1168 558 1221 aruc
571 1163 710 1237 temporis
726 1163 802 1220 inter
821 1161 1023 1221 christifideles
1042 1167 1072 1220 et
1088 1159 1226 1238 judaeos,
1246 1161 1423 1237 quibuscum
1434 1163 1477 1222 do-

397 1267 461 1320 otor
480 1259 615 1334 meabat,
636 1259 673 1318 de
692 1275 762 1318 vno
781 1257 890 1319 Christi
909 1258 1037 1318 adventu
1056 1259 1213 1318 uehemens
1224 1265 1399 1335 exsurgeret
1416 1275 1475 1319 oon-

397 1359 511 1435 ilietus3
538 1373 574 1417 ac
592 1359 775 1432 potissimum
798 1357 835 1416 de
854 1355 1015 1416 Bibliorum
1034 1371 1185 1416 sacromm
1207 1355 1331 1416 Conone
1353 1365 1476 1433 ageretur

400 1473 512 1534 pugna,
525 1459 556 1514 et
568 1455 647 1514 dicta
667 1471 770 1531 aspera
782 1453 941 1514 admodum
948 1472 952 1481 “
960 1454 1142 1530 aegreferens
1150 1455 1264 1530 doctor,
1279 1469 1358 1530 quae
1370 1457 1400 1514 in
1412 1455 1476 1515 Sori-

399 1564 552 1632 pturarum
571 1554 763 1613 Deuteraram
778 1555 980 1613 auctoritatem
997 1552 1163 1612 christianis
1178 1551 1394 1629 obiielebantur
1411 1558 1475 1629 aju-

399 1653 495 1729 daeis‚
516 1657 615 1728 utpote
634 1653 685 1727 qui
704 1665 754 1710 aas
773 1650 889 1710 divim
908 1649 1072 1727 negabant3
1093 1665 1218 1726 eumque
1240 1651 1269 1709 ei
1290 1649 1473 1726 amplius-bas

374 1733 377 1738 ¹
399 1750 564 1827 Scripturas
588 1747 754 1825 appellandi
777 1747 860 1808 nulla
885 1746 961 1807 foret
979 1749 1156 1822 nenessitas,
1178 1749 1262 1806 abus
1282 1751 1345 1823 est,
1365 1747 1410 1806 bis
1428 1748 1473 1807 sub

399 1848 578 1924 redonibus,
596 1845 633 1906 de
652 1849 775 1905 istorum
795 1845 937 1905 librorum
949 1847 1122 1906 auctoritate
1139 1843 1310 1922 dubitasse,
1330 1845 1378 1904 vel
1395 1847 1472 1905 auu

401 1949 575 2006 sententiam
602 1959 688 2004 suam
710 1944 748 2004 de
775 1943 822 2002 his
851 1942 1035 2018 cohibuisse,
1056 1942 1193 2002 lectorem
1212 1942 1362 2002 monendo
1382 1942 1472 2002 barum

400 2043 617 2120 scripturarum
637 2043 837 2101 testimonium
858 2041 956 2100 minus
967 2056 999 2099 se
1016 2039 1219 2116 babere‚quia
1237 2043 1324 2116 ipsae
1342 2055 1400 2098 non
1418 2042 1470 2100 uni·

399 2143 509 2201 versim
528 2147 658 2217 receptae
678 2146 780 2216 erant,
801 2155 853 2200 seu
872 2142 943 2216 quia
961 2138 1071 2198 ebdom
1091 2138 1193 2215 judaei
1213 2138 1306 2197 iidem
1330 2139 1468 2215 negabam.

398 2238 606 2300 Verumtamen
627 2239 683 2298 hoo
709 2238 747 2296 de
773 2244 860 2298 anus
879 2239 1041 2296 monetatis
1061 2235 1174 2296 batum
1192 2238 1242 2296 sit.
1268 2236 1380 2296 Detrrde
1398 2252 1467 2312 vero,

400 2339 471 2414 etsi,
490 2341 576 2397 sicuti
601 2353 638 2396 ex
660 2336 849 2396 antistibus
869 2335 971 2410 mois,
992 2350 1067 2410 quae
1086 2349 1175 2409 supra
1194 2335 1365 2409 retulinus,
1385 2332 1469 2391 inierri

399 2441 522 2509 possunt
541 2439 643 2493 contra
664 2431 1057 2492 biblia-Durtero-Ganonica
1078 2437 1268 2509 argumenta,
1290 2447 1366 2508 quae
1383 2429 1469 2489 Cede

398 2531 472 2590 licae
490 2533 635 2590 Ecclesiae
654 2547 759 2606 purum
778 2530 945 2590 satisfacere
964 2530 1116 2605 videntur,
1137 2535 1269 2588 attamen
1286 2529 1404 2588 totidem
1415 2543 1467 2586 sen·

399 2631 506 2689 tentius
527 2629 611 2689 illum
630 2629 764 2704 plurimis
786 2631 818 2686 in
838 2629 911 2688 loeis
930 2628 1063 2688 retulisse
1084 2627 1209 2686 inficiari
1228 2643 1292 2686 non
1311 2641 1466 2702 mamm,

401 2727 452 2786 ubi
472 2729 638 2803 opinionem
657 2743 746 2786 suam
769 2726 946 2802 explicavit,
967 2725 1015 2784 vel
1034 2725 1225 2801 temperavit,
1245 2741 1283 2784 eo
1306 2725 1397 2801 magis
1414 2737 1468 2780 oum

403 2825 442 2884 ad
460 2825 634 2884 christianos
656 2827 765 2884 amicos
786 2831 816 2884 et
835 2827 984 2900 episcopos
1003 2824 1191 2899 loqueretur,
1210 2825 1263 2899 qui
1284 2823 1369 2882 dietis
1386 2819 1466 2892 illius,

402 2930 432 2983 et
450 2923 636 3000 opinionibus
655 2938 715 2982 non
736 2922 957 2982 conveniebant.
979 2921 1020 2981 At
1038 2925 1156 2998 insuper
1176 2921 1214 2980 ab
1238 2939 1293 2999 eo,
1324 2919 1428 2993 sardio,
1445 2921 1467 2973 et

400 3027 495 3080 aetate
514 3026 669 3097 protooto5
689 3027 720 3078 et
739 3022 838 3080 animo
857 3027 980 3096 pacato,
1012 3035 1082 3080 suae
1100 3021 1245 3094 opinionis
1266 3019 1374 3079 veritas
1397 3013 1465 3074 nobis

399 3120 460 3178 erit·
474 3118 678 3195 exspectanda.
691 3118 753 3198 iit,
774 3125 808 3178 ut
828 3118 900 3178 haec
921 3121 1021 3177 omnia
1040 3121 1082 3178 sie
1101 3133 1164 3177 esse
1182 3118 1337 3193 dicantur,
1358 3111 1466 3173 doctoris

400 3219 496 3276 saneti
516 3217 608 3276 vmba
627 3223 657 3276 et
676 3219 849 3293 sententias,
875 3233 951 3293 quae
968 3223 1071 3278 oonua
1096 3219 1194 3292 priora
1213 3223 1310 3292 stent,
1339 3215 1370 3272 in
1388 3207 1466 3270 medio

401 3331 558 3392 ponernus.

438 3413 482 3472 De
502 3413 625 3472 irbtoria
641 3413 746 3472 iudith
766 3415 797 3470 in
818 3412 948 3488 Epistola
976 3409 1014 3470 ad
1038 3410 1188 3470 Sabinam
1213 3409 1251 3486 (i)
1279 3412 1322 3470 sio
1340 3407 1463 3483 loquitur:

403 3536 416 3562 a
433 3511 553 3572 Habens
572 3514 724 3571 carissima
743 3513 786 3570 tui
806 3511 917 3570 ordinis
937 3526 1010 3585 quas
1031 3511 1161 3585 sequaris
1178 3508 1283 3567 iudith
1302 3506 1339 3566 de
1359 3503 1466 3563 hebraea

398 3611 542 3686 historia3
570 3616 600 3670 et
618 3611 748 3670 ‘innan
776 3611 868 3668 filiam
889 3608 1047 3668 Phanuelis
1073 3611 1105 3666 in
1129 3607 1329 3684 Evangelio.»
1351 3604 1385 3662 ln
1411 3597 1464 3672 Epi·

398 3711 476 3769 stola
496 3710 534 3768 ad
548 3711 750 3769 Innocentium
765 3708 803 3786 (a)
819 3709 856 3767 de
875 3707 968 3766 tribus
995 3709 1092 3782 pueris
1112 3712 1142 3764 et
1168 3704 1205 3762 de
1225 3703 1374 3764 Susanna:
1393 3694 1465 3753 «Hit

399 3809 472 3867 mihi
493 3811 583 3868 triuni
604 3809 738 3884 exempla
758 3821 925 3882 puerorum,
941 3807 993 3880 ait,
1007 3807 1058 3881 qul
1076 3806 1150 3862 inter
1163 3801 1285 3878 frigidos
1298 3799 1464 3858 flammam

400 3906 504 3983 globos
521 3907 648 3984 hymnos
659 3904 784 3966 edidere
802 3919 856 3979 pro
874 3901 1005 3962 fletibus.
1081 3901 1140 3960 huo
1159 3899 1236 3958 beati
1253 3895 1378 3957 Danielis
1397 3899 1464 3947 reto

402 4012 484 4064 eetur
505 4001 642 4080 hutone,
660 4008 748 4081 juxta
774 4018 861 4080 quem
881 4000 1068 4060 adulantibus
1088 3998 1223 4074 caudam,
1244 3995 1377 4073 praedam
1395 3996 1463 4046 suan

401 4102 519 4163 leonum
541 4118 594 4161 ora
604 4105 782 4162 timuerunt.
798 4100 883 4160 Nunc
897 4099 1032 4160 Susanna
1045 4097 1150 4158 nobilis
1163 4095 1220 4156 fide
1231 4095 1361 4156 emulum
1379 4081 1463 4148 solitit

426 4296 461 4358 (1)
476 4299 546 4346 Tora.
558 4297 577 4346 l.
589 4309 613 4358 p.
627 4299 679 4346 504<
693 4320 723 4334 -
733 4293 768 4357 (a)
785 4297 828 4357 Ep.
839 4295 859 4343 1.
872 4292 918 4344 lid.
929 4295 1046 4344 veronae.
