3070 5180
591 419 749 472 ...45-

124 529 198 609 qnid
214 530 278 607 lpse
300 531 453 604 sentirem,
468 525 521 588 sed
539 527 609 604 quid
629 527 673 588 illi
691 532 792 588 contm
805 541 860 588 nos
870 525 965 588 dicere
980 528 1103 606 soleant,
1116 529 1208 608 expli·

124 631 201 690 cavi.
231 629 363 703 Quorum
382 628 512 704 opinioni
532 628 558 686 si
574 642 634 684 non
653 624 788 706 respondi
807 627 840 685 iu
855 626 986 704 prologo,
999 627 1134 688 brevitati
1147 634 1207 687 stu·

124 726 220 804 dens,
242 742 292 803 ne,
305 741 365 786 non
386 725 615 801 praefationem,
636 724 687 783 sed
704 723 813 784 librum
836 723 950 782 viderer
969 725 1113 803 seribere,
1138 732 1208 803 puto

123 825 205 902 quud
224 827 325 885 statim
345 824 526 900 subjecerim.
547 813 617 882 Dixi
635 824 732 899 euim,
750 822 858 900 dequo
878 838 937 881 non
961 829 1005 882 est
1026 823 1113 901 hujus
1134 830 1207 883 tem·

122 925 204 1000 poris
220 923 379 997 disserere3
392 922 542 998 eiioqtun,
556 899 586 980 et
605 935 656 997 eo,
675 919 754 997 quod
765 921 876 980 asserm
893 919 1090 998 Porphyrium
1106 927 1207 981 contra

122 1020 203 1080 huno
226 1001 403 1096 Prophetam
434 1019 528 1078 multa
549 1017 677 1094 dixisse,
695 1023 725 1078 et
754 1019 859 1078 vocavi
878 1018 966 1094 hujus
986 1020 1027 1077 rei
1046 1024 1133 1079 testes
1147 1020 1207 1080 Me·

121 1117 277 1193 Meum,
297 1115 469 1192 Eusebium,
488 1114 718 1191 Apollinarium,
735 1117 788 1191 qui
804 1115 904 1175 multis
920 1131 1059 1176 vemuum
1078 1117 1207 1176 millibus

122 1215 202 1274 illius
225 1216 363 1275 vesaniae
382 1213 609 1289 responderunt,
629 1229 677 1273 me
702 1229 838 1274 accusem
859 1215 982 1289 poterit,
1000 1215 1079 1292 quod
1096 1231 1157 1274 uon
1175 1217 1207 1274 in

122 1312 357 1390 praefatiuncula
377 1317 479 1371 contra
497 1309 587 1370 libros
596 1310 752 1399 Porphyrii
771 1313 945 1386 scripserim.
966 1335 979 1362 a

160 1410 318 1470 Praeterea
335 1409 385 1468 hic
402 1425 518 1469 censere
529 1412 617 1486 juvat
634 1425 688 1484 pro
707 1408 886 1486 Hieronymo
903 1425 972 1485 erga
990 1408 1119 1468 Danielis
1134 1411 1206 1468 scri·

122 1513 173 1586 pta
197 1505 487 1568 Demere-Canopica
509 1505 652 1582 quidquid
681 1505 782 1566 doctor
807 1507 885 1566 idem
898 1506 943 1584 ,de
972 1506 1127 1584 Africano,
1155 1508 1206 1584 qui

121 1607 212 1665 menti
231 1605 407 1682 judaeorum
434 1603 537 1664 favens
560 1605 593 1663 iu
612 1620 666 1664 sua
688 1604 809 1680 epistola
826 1604 864 1664 ad
882 1589 1047 1682 Origenem,
1062 1604 1138 1664 hanc
1165 1605 1203 1664 de

122 1701 276 1763 Susannae
289 1701 414 1762 historia
434 1703 631 1778 quaestionem
648 1701 815 1777 objiciebat:
835 1725 847 1752 s
864 1699 971 1761 Contra
986 1717 1090 1779 quem,
1111 1702 1206 1778 inquit

122 1801 233 1862 ictinus
244 1807 326 1878 pater
344 1803 375 1859 in
387 1801 461 1860 libro
472 1802 509 1861 de
523 1801 594 1860 viris
605 1799 785 1877 illustribus,
804 1799 920 1860 doctam
938 1800 1088 1879 epistolam
1106 1799 1207 1860 scribit

123 1899 308 1976 Origenes.»
332 1899 412 1972 Quae
428 1898 540 1975 verba,
565 1904 599 1958 ut
623 1914 677 1958 suo
698 1897 763 1957 loco
787 1897 823 1956 de
845 1897 900 1956 hae
924 1898 1045 1973 epistola
1064 1905 1202 1977 agemus,

121 1995 201 2058 haud
217 1997 415 2076 Hieronymus
432 1999 671 2074 pronunciasset,
692 1999 718 2056 si
736 2001 902 2056 nostrorum
923 1997 1083 2062 Bibliorum
1105 2003 1203 2058 aucto-

122 2095 240 2154 rtmtem
258 2097 425 2171 respuisset.

160 2192 403 2253 Anhnadvertere
418 2209 534 2270 quoque
552 2194 620 2253 lieet
637 2208 675 2252 ex
694 2194 751 2269 iis,
771 2207 846 2270 quae
862 2193 938 2252 dixit
959 2192 1154 2270 Hieronymus
1170 2193 1203 2250 in

124 2292 212 2350 tertia
228 2290 363 2366 apologia
381 2296 483 2350 contra
502 2289 655 2350 Rudinum
670 2289 706 2348 de
723 2289 910 2368 Septuaginta
926 2291 1114 2366 interpretum
1128 2305 1202 2366 usu,

125 2389 220 2464 deque
241 2386 371 2446 Danielis
388 2387 608 2463 additamentis,
631 2387 682 2447 ubi
700 2387 793 2447 eidem
813 2389 978 2464 opinionem
998 2403 1081 2447 suam
1100 2387 1137 2446 de
1154 2387 1205 2446 ho·

124 2503 189 2546 rum
214 2487 386 2545 auctoritate
407 2487 596 2563 explanavit,
619 2491 705 2562 atque
727 2503 763 2546 ex
782 2503 874 2562 nuper
891 2488 979 2544 citata
998 2486 1120 2560 epistola
1138 2483 1203 2543 Ori-

124 2585 207 2661 genu
225 2583 266 2644 ad
284 2582 476 2660 Africanum,
499 2599 574 2659 quae
600 2590 663 2642 tota
683 2589 816 2643 versatur
835 2583 871 2642 de
893 2584 1060 2660 quaestione
1083 2587 1203 2657 nostra,

123 2697 295 2758 persuasum
320 2679 411 2741 luisse
438 2682 507 2741 divo
536 2683 684 2757 interpreti
709 2680 745 2740 de
769 2681 873 2740 horum
890 2679 1032 2740 librorum
1052 2679 1205 2738 divinitate

125 2779 273 2855 omniurn,
287 2783 430 2854 quotquot
456 2777 732 2838 mamre-Cononis
748 2778 939 2854 appellantur.
961 2777 1038 2837 Nam
1053 2777 1108 2836 hae
1128 2776 1203 2835 Seri·

125 2881 248 2952 ptume,
267 2877 321 2934 etsi
346 2873 383 2934 ab
400 2874 531 2934 hebraeis
552 2873 699 2934 eCanone
719 2891 820 2936 eorum
839 2877 992 2952 rescissae,
1015 2877 1048 2933 in
1067 2873 1202 2933 omnibus

127 2973 235 3034 Christi
261 2974 387 3033 ecclesiis
410 2990 471 3032 una
497 2989 565 3033 cum
587 2974 652 3034 ullis
670 2972 752 3033 libris
774 2975 959 3051 legebantur,
983 2979 1011 3034 et
1033 2979 1100 3033 ante
1124 2973 1202 3032 illius

124 3076 266 3148 aetamm,
287 3077 322 3130 ut
348 3071 471 3148 fatetm,
495 3077 523 3130 et
549 3071 648 3131 nullus
678 3071 927 3147 exscriptoribus
957 3071 1086 3147 ejusdem
1107 3073 1202 3130 sancti

125 3171 260 3245 coaevis,
278 3175 309 3228 et
334 3171 385 3246 qui
406 3171 504 3228 statim
522 3175 588 3245 post
603 3169 681 3228 illius
700 3169 812 3228 obitum
831 3172 1021 3245 scripserunt,
1040 3185 1134 3245 neque
1150 3185 1201 3228 au-

125 3268 250 3328 ctoritati
267 3267 383 3326 divinae
395 3266 555 3326 Bibliorum
570 3273 735 3328 nostrorum
755 3267 931 3344 derogarunt
941 3311 950 3343 ,
962 3283 1016 3324 nec
1034 3269 1109 3325 inter
1121 3265 1202 3325 Prio-

125 3381 187 3442 res,
203 3381 239 3424 ac
254 3365 393 3424 Deuteras
408 3364 571 3442 Scripturas
584 3365 657 3425 illud
670 3365 841 3444 Hieronymi
854 3366 1024 3441 discrimen,
1038 3370 1072 3423 ut
1082 3362 1201 3441 vellent,

125 3469 152 3522 et
163 3461 311 3538 explicant
328 3463 504 3539 adversarii,
525 3470 729 3540 apposuerrmt.
745 3465 783 3524 Et
804 3466 892 3523 etiam
914 3463 939 3522 si
957 3463 1082 3540 episcopi
1101 3461 1203 3522 Hiero·

125 3561 206 3637 nyml
221 3563 384 3636 acceperint
395 3575 504 3620 novam
516 3561 594 3621 illius
608 3577 646 3620 ex
662 3561 787 3622 hebraeo
800 3563 980 3637 versionem,
995 3563 1123 3619 attamen
1136 3576 1202 3619 cen·

126 3673 189 3718 sum
201 3655 345 3716 librorum
358 3657 535 3734 divinorum,
550 3665 579 3718 et
594 3659 724 3718 ordinem
738 3661 901 3736 antiquum,
918 3675 975 3736 quo
990 3658 1158 3736 legebantur
1172 3661 1204 3716 in

125 3753 312 3832 Septuaginta
331 3771 500 3832 graecorum
519 3762 549 3815 et
567 3742 724 3816 latinorum
746 3760 891 3833 versione,
909 3772 968 3814 non
990 3759 1201 3832 immutarunt,

128 3869 217 3929 neque
235 3852 395 3928 quidquam
408 3853 513 3914 horum
524 3856 644 3912 minoris
654 3857 832 3914 auctoritatis
852 3855 990 3913 fecerunt.
1009 3855 1045 3912 Et
1060 3853 1116 3913 hoo
1137 3857 1204 3930 jure

127 3949 305 4009 decernimus
322 3967 359 4010 ex
377 3951 537 4011 Chromatii
553 3953 632 4012 illius
643 3954 730 4012 amici
748 3955 879 4029 seriptis,
894 3969 930 4011 ex
946 3951 1126 4030 Augtutlno,
1151 3952 1202 4026 qul

128 4049 177 4107 etsl
197 4048 278 4109 illius
295 4051 430 4124 peritiam
447 4051 478 4109 iu
502 4050 609 4109 divinis
627 4048 782 4126 Scripturis
798 4055 827 4108 et
845 4055 968 4108 aetatem
986 4063 1097 4123 semper
1118 4055 1204 4107 ven'e·

130 4151 224 4222 ratus,
247 4151 376 4206 attamen
393 4149 625 4207 constantissime
644 4148 827 4207 divinitatem
851 4154 1015 4208 nostrorum
1043 4145 1203 4206 Bibliorum

132 4259 226 4302 coram
241 4245 420 4322 Hieronymo
437 4252 467 4305 et
483 4245 635 4304 haereticis
656 4249 865 4324 propugnavit,
884 4262 920 4304 ex
938 4244 1066 4304 Concilio
1089 4243 1202 4302 cartha·

136 4341 259 4420 ginensi,
278 4343 356 4419 quod
384 4344 439 4404 has
458 4359 558 4404 omnes
577 4343 739 4421 Scripturas
764 4346 899 4422 suscipit,
923 4345 1044 4424 singulis
1066 4343 1206 4406 Maurita-
