3094 5184
569 340 726 392 ..19-

106 449 188 513 Adur
209 449 257 512 ille
275 450 473 512 deeimatertia
491 448 651 512 celebratur
671 450 816 528 ajudaels
837 449 943 512 testum
970 451 1116 512 demorte
1135 451 1186 512 Nl-

106 550 235 625 canoris,
256 554 290 608 ut
308 565 325 607 e
345 546 590 608 Maehubaeorum
609 547 683 608 libro
702 565 740 608 ιι.
760 565 824 628 eap.
843 566 896 608 xv.
916 550 1076 628 excipitur:
1103 549 1184 610 «Ha-

103 646 173 706 bere
190 653 288 708 autem
310 645 505 706 celebritatem
526 648 611 706 tertia
637 645 749 706 deeirna
772 647 820 706 die
846 648 954 706 mensis
972 645 1071 724 Adur,
1104 646 1183 730 quod

104 744 215 806 uetur
236 760 308 804 voee
326 746 441 822 syriaea
451 785 461 820 ,
491 741 584 820 pridie
605 743 793 807 Mardochaei
812 745 879 804 diei.
900 744 954 806 Die
973 747 1058 804 tertia
1077 748 1185 806 mensis

8 883 9 912 ι
104 841 211 904 caslev
232 843 329 922 agitur
351 842 412 902 dies
433 840 569 904 solemnis
594 843 626 900 in
650 844 821 902 memoriam
844 841 1006 919 idolorum,
1037 858 1111 920 quae
1135 842 1185 902 de·

8 979 10 1010 ,
105 945 221 1001 sir-neta
244 938 382 1016 iuuant,
409 944 439 1000 et
466 945 550 1000 extra
572 940 712 1018 templum
739 943 830 1016 ejecta
855 939 892 1000 ab
916 939 1128 1018 tammonem,
1154 945 1188 1002 ut

8 1067 12 1117 .'
103 1038 253 1118 legiturln
274 1035 520 1098 Mathabaeorum
544 1038 654 1098 libror.
677 1022 741 1115 eap'.
768 1037 871 1098 az-ttt
892 1039 994 1098 statuit
1019 1038 1132 1114 ludos,
1156 1044 1186 1098 et

8 1165 13 1186 ι
107 1135 215 1197 imtree
234 1139 318 1214 ejus,
349 1141 379 1196 et
396 1137 532 1196 universa
549 1135 670 1196 ecelesia
686 1134 792 1212 lsrael,
814 1143 847 1196 ut
866 1140 971 1214 agatur
991 1134 1053 1195 dies
1073 1134 1185 1196 dedlea·

8 1209 14 1287 ζ
103 1234 194 1294 tionis
214 1233 315 1294 utaris
328 1234 360 1290 ln
373 1233 551 1310 temporibus
570 1235 630 1294 suis
648 1233 686 1294 ab
702 1249 780 1293 anno
793 1235 825 1292 in
838 1249 948 1293 annum
961 1249 1012 1309 per
1024 1232 1087 1293 dies
1100 1239 1184 1309 oeta,

8 1365 16 1420 ς
107 1348 125 1392 a
145 1333 251 1410 quinta
268 1337 297 1390 et
314 1332 455 1408 vigesima
471 1330 519 1390 die
535 1333 643 1390 mensis
656 1330 758 1390 Caslev
772 1348 839 1392 eum
853 1332 979 1409 laetitia,
1000 1337 1029 1390 et
1043 1330 1182 1408 gaudio.»

8 1464 15 1520 ι
104 1429 237 1508 Denique
252 1429 352 1506 judaei
373 1434 528 1506 utrumque
545 1427 653 1489 librum
666 1427 911 1490 Machabaaorum
926 1432 1001 1490 inter
1023 1445 1122 1490 saeros
1135 1427 1185 1488 ha·

10 1555 12 1562 ’
105 1529 197 1606 hant,
226 1533 300 1588 teste
327 1526 449 1588 Erasmo
468 1529 500 1584 in
519 1526 723 1604 praelatione,
753 1543 843 1604 quum
871 1529 999 1588 versioni
1018 1527 1125 1587 latinae
1149 1526 1184 1584 li·

8 1657 11 1692 z
105 1627 172 1686 belli
186 1625 225 1686 de
238 1623 443 1702 Maohubaeis‚
462 1626 513 1702 qul
525 1624 651 1706 losepho
671 1624 797 1686 adscribi
815 1625 908 1702 solet,
930 1641 994 1685 ase
1011 1624 1184 1700 adornatae,

8 1771 11 1811 ξ
104 1724 265 1801 praemisit.

12 1899 18 1908 υ
140 1822 170 1898 s.
194 1821 248 1880 IX.
270 1819 313 1882 De
333 1817 407 1880 libro
424 1817 605 1898 Sapientiae,
627 1825 700 1880 testa
720 1821 821 1882 eodem
841 1820 951 1880 Wolllo
969 1826 1040 1880 tom.
1058 1835 1097 1878 ιι.
1111 1818 1185 1882 haee

103 1921 139 1980 ab
159 1918 295 1980 hebraeis
314 1924 486 1978 narrantur:
514 1917 565 1976 «Α
582 1915 698 1994 judaeis
718 1911 832 1978 librum
845 1919 934 1981 istum
950 1915 1088 1994 appellari
1101 1915 1182 1974 dieii.

11 2022 19 2090 1.
106 2029 140 2088 rr
157 2029 197 2088 m
218 2001 248 2088 b
268 2028 309 2086 aa
330 2031 361 2086 .ι
389 2027 493 2087 arra-r
515 2022 692 2093 sonato,
713 2017 788 2078 aaut
807 2014 953 2092 stepanus
970 2029 1079 2094 magna
1102 2011 1183 2072 suo-

9 2155 11 2166 =
102 2125 210 2184 monh.
233 2121 405 2190 Chaldaeae
427 2122 557 2182 exbhsse
576 2115 750 2179 eredendrnn
770 2120 868 2190 putem
888 2111 984 2192 Rebbi
1003 2110 1101 2190 Moysi
1124 2108 1182 2168 Na·

8 2257 21 2282 a
102 2221 296 2298 obmanlilae,
317 2223 386 2297 quia
409 2235 477 2284 eum
500 2220 561 2278 suls
581 2232 613 2278 se
632 2215 723 2276 oeulis
743 2211 870 2286 vidisse,
897 2211 928 2268 ln
949 2206 1128 2284 praefatione
1146 2204 1184 2265 ad

9 2303 20 2387 f.
106 2319 349 2382 tommentorium
367 2319 400 2376 in
417 2316 492 2394 lege,
510 2321 644 2392 testatum
664 2315 754 2371 immo
764 2309 832 2370 telis
847 2309 928 2368 visus
945 2311 990 2365 est
1006 2303 1101 2364 Rabbi
1113 2301 1186 2362 Aza-

11 2395 20 2485 {¹
106 2419 166 2476 riae
187 2419 220 2476 in
239 2416 455 2491 Meoreouim,
476 2419 510 2473 ot
525 2409 894 2487 dubiumsaproilteatur‚
915 2413 1014 2467 utrum
1026 2401 1185 2462 translatus

102 2515 141 2574 sit
159 2513 256 2590 liber,
274 2529 312 2574 aa
329 2512 367 2573 ab
384 2514 447 2588 ipso
464 2509 629 2586 Salomone,
647 2510 855 2586 linguatamen
871 2506 1006 2584 syriaca,
1028 2515 1116 2578 quam
1132 2498 1183 2558 alil

17 2594 20 2602 ’
103 2609 427 2687 memonasterium,
455 2614 602 2670 exaratus.
625 2601 1180 2676 verbannusttasebabent:«tsnm

18 2763 20 2773 .
105 2689 219 2776 antu
239 2690 345 2803 pina
367 2713 709 2801 humanarumue
726 2685 854 2770 stne
879 2686 967 2773 vtae
989 2715 1063 2775 saa
1082 2717 1177 2805 :rap

109 2815 241 2874 aaran
273 2812 378 2900 unp:
404 2811 489 2872 aas
520 2783 596 2899 'pin
627 2810 712 2872 artu
738 2783 783 2870 is
807 2781 926 2897 potui
949 2811 1045 2872 'nas
1066 2787 1181 2897 pini:

8 2969 10 2980 y
105 2908 125 2964 i.
141 2921 169 2966 e.
192 2904 237 2964 De
252 2921 286 2964 eo
300 2902 488 2982 probabiliter
502 2903 575 2962 mihi
596 2902 711 2964 videtur
736 2901 814 2980 quod
836 2905 861 2962 si
883 2918 942 2963 non
963 2905 1121 2966 translatus
1136 2904 1183 2982 (li-

8 2995 9 3008 ’
104 3002 169 3080 ber)
194 3008 257 3080 est,
283 3004 457 3078 eomposltue
480 3003 518 3062 sit
540 3017 559 3062 a
578 3016 645 3078 rege
666 2999 819 3060 Salomone
841 3003 1003 3078 mamaiee,
1025 3003 1182 3064 mittendus
1232 3035 1237 3046 ·

8 3067 20 3175 ’ἶ
107 3100 144 3160 ad
163 3099 324 3176 quemdam
343 3115 459 3176 regem,
480 3101 531 3175 qul
549 3099 581 3156 in
593 3103 722 3156 extrema
734 3099 853 3158 orientis
866 3103 948 3173 parte
965 3097 1178 3175 (habitabatis

12 3182 20 3202 ’
104 3197 229 3258 liranus
245 3200 277 3256 in
290 3197 541 3258 Demonstratione
550 3195 726 3272 Euangeliou
742 3210 826 3271 prop.
842 3210 887 3254 av.
905 3194 1052 3271 affirmat,
1073 3195 1181 3258 Rabbi·

106 3311 160 3356 nos
175 3295 289 3372 aliquot
303 3294 486 3356 Salomonem
502 3294 585 3354 istius
599 3292 665 3353 libri
681 3297 827 3352 auctorem
841 3290 994 3368 appellare.
1013 3291 1095 3352 Idem
1107 3291 1181 3364 Aza-
1221 3271 1223 3289 ’

13 3456 19 3481 f
103 3395 164 3454 rias
184 3391 448 3468 admirationem,
469 3407 521 3452 our
540 3394 571 3450 in
591 3390 708 3450 Ganono
726 3405 786 3450 non
811 3391 849 3448 eit
874 3388 981 3450 relatus
1006 3390 1079 3450 liber
1103 3391 1178 3468 iste,

12 3487 17 3517 ³
102 3491 175 3566 quia
195 3489 306 3550 seiboet
325 3489 442 3550 hebraei
462 3505 512 3550 eos
531 3494 646 3549 tantum
665 3487 755 3548 libros
775 3489 1014 3565 recognoverint,
1035 3489 1086 3565 qui
1109 3489 1181 3548 serl-

105 3589 149 3664 pti
168 3593 241 3646 sunt
260 3603 278 3647 a
297 3586 448 3663 Prophetis
467 3603 518 3663 per
537 3586 676 3663 Spiritum
695 3584 834 3647 sanetum
853 3586 954 3664 lingua
972 3592 1083 3646 saneta.
1110 3584 1181 3646 Anl-

10 3755 12 3776 *
104 3685 273 3744 madvertas
297 3686 415 3761 laetor,
453 3691 482 3746 et
505 3684 656 3750 hebraicae
681 3701 718 3744 ex
744 3683 791 3744 his
813 3683 910 3744 verbis
933 3683 1012 3744 disee
1034 3683 1183 3744 dochinee

9 3786 18 3861 ᾖ
104 3787 296 3844 momentum.
327 3781 414 3860 Apud
442 3783 586 3842 isidorum
606 3782 800 3860 hispalensem
824 3782 930 3858 legitur
956 3781 1111 3842 nonnullos
1136 3783 1182 3857 ju·

16 3877 18 3886 ’
106 3879 197 3942 daem
216 3882 359 3956 recepisse
376 3880 483 3940 librum
503 3879 684 3956 Sapientiae,
706 3885 739 3942 ut
758 3879 935 3955 scripturam
955 3878 1141 3940 Canonieam.

8 3948 18 3996 ε
147 3979 177 4054 s.
200 3978 239 4038 X.
261 3977 304 4041 De
325 3978 401 4038 libro
421 3976 537 4038 Barueh
557 3976 629 4036 haee
650 3977 777 4037 Wolfius
798 3977 905 4038 tradit:
938 3976 1071 4037 «Mirum
1085 3977 1182 4034 visum

104 4093 169 4138 esse
190 4092 294 4154 nempe
317 4077 484 4151 nonnullis,
509 4073 587 4153 qnod
609 4075 684 4135 libro
708 4077 811 4152 quinto
837 4075 1084 4136 contitutionem
1103 4071 1179 4148 Apo·

104 4173 279 4236 stolirorum
297 4178 391 4252 eapite
410 4175 531 4250 ultimo,
555 4171 687 4232 nodatur
711 4171 826 4234 Barueb
853 4172 958 4234 librum
979 4169 1128 4246 ajudaeis
1147 4170 1179 4228 in

105 4275 265 4352 synagogis
286 4276 347 4336 suis
365 4275 521 4350 quotannis
535 4287 601 4332 eum
614 4271 755 4332 Thraenis
772 4270 934 4334 hieremiae
946 4269 1022 4361 legi,
1040 4265 1117 4345 quod
1131 4265 1185 4326 alil.
