3070 5180
463 399 503 411 -
524 381 631 428 mill
652 397 693 410 ····

67 488 199 566 illcmm
230 480 396 564 dicendi
435 481 578 562 modus
606 545 615 580 ,
648 481 709 560 vel
736 482 968 589 metaphora
1008 511 1135 592 quae·

65 649 98 700 co
115 618 406 698 continebatur.
433 615 617 724 Namque
641 616 732 696 satis
752 631 920 714 constat,
946 616 1112 724 singulis

63 754 183 861 linguis
201 753 333 832 inesse
353 751 571 849 vocabula,
598 776 703 859 quae
725 747 1034 858 significationes
1053 775 1117 830 va-

64 889 119 966 rias
143 903 413 984 connectunt,
446 913 621 992 quorum
649 911 788 964 sensus
817 884 932 964 realis
961 882 1111 966 indica·

64 1020 352 1102 urasermonis
375 1045 508 1116 nexu,
532 1046 555 1096 e
572 1017 752 1128 subjecta
769 1018 951 1115 materie,
968 1015 1018 1096 ab
1038 1018 1114 1096 elo-

64 1152 208 1250 cutoris,
238 1151 305 1230 vel
330 1151 534 1260 scriptoris
556 1166 711 1249 mente,
738 1179 783 1230 ac
802 1150 888 1228 aliis
906 1149 956 1230 ab
975 1148 1113 1258 adjun-

64 1287 125 1364 ctis.
148 1283 236 1364 Hoc
259 1285 306 1362 in
324 1285 511 1365 omnibus
529 1284 677 1392 linguis
695 1284 917 1392 excipitur,
942 1311 1114 1392 praeser-
1201 1371 1205 1378 ,

65 1419 115 1496 tim
149 1417 372 1516 hebraico,
409 1434 448 1498 et
465 1418 663 1498 hellenico
697 1443 910 1516 sermone,
941 1416 991 1497 de
1027 1446 1111 1528 quo

65 1551 110 1631 hic
132 1553 276 1660 agitur.
303 1554 511 1634 Praeterea
531 1553 977 1661 necessariumquoque
996 1553 1112 1631 estin

66 1709 94 1762 re
110 1699 265 1784 nostra,
298 1713 345 1766 ea
360 1703 540 1793 tempora
565 1685 695 1785 adire,
716 1703 763 1764 ut
785 1685 990 1783 dicebam,
1020 1687 1112 1795 qui·-

66 1812 122 1896 bus
144 1817 392 1928 scripserunt
414 1819 471 1898 illi
494 1837 703 1918 auctores,
735 1847 838 1928 quos
860 1820 1112 1927 interpretari

65 1948 315 2055 aggredimur3
350 1969 389 2032 et
412 1954 593 2060 quamvis
620 1953 741 2034 hodic
768 1952 994 2033 habeantur
1017 1954 1112 2032 scri-

65 2071 193 2184 ptores,
204 2086 280 2192 qui
302 2111 441 2194 graeca
455 2086 614 2194 lingua,
631 2087 693 2166 vel
712 2087 899 2166 hebraica
917 2085 1108 2184 scribant,

68 2211 111 2290 vel
135 2215 381 2326 loquantur,
410 2235 583 2300 attamen
617 2247 662 2300 ea
689 2217 832 2328 grandi
859 2220 1026 2298 istorum
1051 2215 1111 2297 di·

68 2347 179 2428 stantia
198 2350 426 2460 ponderata
440 2355 590 2452 aetatis,
607 2380 711 2462 quae
729 2351 941 2434 intercedit
961 2380 1052 2433 cum
1072 2351 1113 2430 il·

68 2471 117 2574 lis,
142 2484 208 2590 qui
228 2485 357 2567 libros
380 2514 511 2568 sacros
538 2487 754 2586 hebraice,
786 2503 825 2566 et
854 2513 993 2595 graece
1020 2513 1112 2566 exa·

69 2633 203 2718 ruunt,
229 2639 270 2702 et
296 2647 388 2731 cum
410 2623 574 2720 multae,
604 2640 643 2702 et
661 2623 793 2702 variae
811 2622 918 2722 uices
936 2620 1107 2720 fuerint,

70 2771 148 2850 quae
162 2752 222 2835 his
244 2754 419 2835 insertae
439 2773 552 2854 sunt,
574 2755 780 2836 facillimae
804 2756 912 2854 viae,
935 2783 1040 2865 quae
1060 2754 1111 2835 ad

70 2874 263 2988 linguarum
300 2889 455 2969 illarum
492 2907 658 2969 naturae
693 2951 702 2990 ,
752 2906 791 2968 et
820 2890 1110 2997 proprietatum

71 3021 340 3128 corruptionem
357 3021 609 3133 perducunt,
632 3025 704 3130 (eo
723 3023 847 3132 magis
862 3052 953 3103 cum
972 3022 1023 3103 de
1044 3051 1112 3132 po-

70 3147 224 3248 pulorum
242 3157 504 3264 emigratione
531 3175 688 3266 agatur,
710 3156 771 3237 de.
784 3159 1011 3267 captivitate
1030 3159 1112 3237 illo·

71 3301 156 3382 lum,
182 3317 343 3370 morum
370 3292 580 3392 varietate,
604 3306 643 3372 et
665 3292 888 3400 religionis,
910 3319 1016 3400 qnae
1036 3319 1112 3370 ma-

73 3409 151 3496 lifflt
197 3422 239 3502 in
289 3453 471 3508 sermone
514 3425 703 3508 hebraico
735 3489 745 3525 ,
798 3445 836 3507 et
878 3427 1111 3536 graecanico

72 3555 255 3648 spertunda
280 3561 403 3665 sunt)
432 3561 497 3641 lex
521 3579 628 3642 certa
659 3563 822 3641 minime
844 3560 924 3642 dici
950 3577 1107 3669 potest,

74 3672 211 3790 alicujus
230 3693 442 3793 vocabuli,
472 3695 534 3774 vel
566 3696 721 3804 phrasis
743 3661 900 3776 illarum
932 3711 1111 3775 veterum

73 3797 334 3920 scripturarum
372 3824 585 3908 decernere
620 3828 974 3938 significationem,
1014 3826 1111 3908 defi-

76 3939 199 4032 nitione
219 3969 376 4066 sumpta
396 3961 447 4040 ab
468 3961 544 4042 illis
570 3963 860 4071 scriptoribus,
891 3962 963 4071 qui
987 3979 1114 4069 poste

76 4068 166 4158 ritate
186 4084 409 4198 longissima
430 4095 622 4176 vixerunt
638 4125 648 4194 ;
679 4096 776 4177 dum
794 4095 881 4178 fieri
899 4112 1047 4205 potest,
1072 4094 1113 4172 il-

76 4198 127 4286 lud
156 4223 414 4328 vocabulum,
442 4229 505 4308 rel
533 4211 768 4310 sententiam
789 4231 926 4339 potius
952 4231 1112 4338 linguae

718 4411 735 4452 θ
