3022 5178
828 390 1007 440 -rta-

606 627 609 634 ,
687 593 1022 654 rubroslrlo
1063 595 1146 654 Vll.

380 789 546 848 Biblioram
566 790 922 850 retractatorum-am
941 792 1138 866 iaocriipaiur
1165 793 1341 864 auctoritas,
1362 808 1436 867 quam

419 894 571 948 moserata
588 895 659 949 rarat
676 891 878 965 inconditis,
900 893 933 948 ira
949 889 1083 966 epistolis
1102 888 1266 966 aymdieis,
1286 893 1315 948 ei
1330 891 1439 968 encycli-

419 988 461 1044 cir
477 1003 655 1046 summorum
672 989 846 1064 pontificum
869 1005 888 1046 a
902 990 1005 1064 primo
1021 986 1247 1046 ebretramno
1270 991 1364 1046 aelate
1374 1031 1383 1061 ,
1399 1005 1438 1047 ar·

419 1101 474 1160 que
491 1084 533 1142 od
547 1085 697 1144 saeculam
717 1090 845 1144 sextum.

420 1278 447 1353 S.
470 1279 494 1336 l.
518 1279 675 1356 Hucusque
694 1283 726 1339 in
748 1297 779 1338 re
802 1287 903 1340 nostra
924 1281 1107 1355 singulorum
1130 1286 1245 1354 patrum
1266 1281 1382 1338 seorsim
1399 1295 1439 1340 aa·

381 1377 509 1438 divimus
528 1360 709 1455 sententias,
728 1395 886 1455 eorumque
902 1379 982 1438 dicto
1000 1378 1100 1438 sedulo
1121 1377 1361 1453 ponderavimus3
1377 1394 1440 1437 nuno

383 1493 452 1536 vero
478 1480 602 1552 pretium
627 1493 730 1552 operae
750 1479 825 1551 erit,
844 1479 935 1534 bnmo
950 1478 1050 1552 magni
1062 1479 1203 1535 momenti
1217 1492 1281 1550 res,
1299 1477 1325 1533 si
1343 1474 1440 1534 boene

382 1578 494 1649 gotium
521 1578 812 1650 pertractaverimus,
843 1576 1103 1634 ecelesiasticorum
1130 1577 1262 1634 virorum
1295 1575 1439 1648 opinionem

383 1673 576 1748 meditantes,
598 1689 688 1748 quam
707 1675 739 1730 in
758 1689 849 1730 unum
870 1671 983 1730 collecti
1009 1671 1231 1748 significarunt3
1248 1671 1295 1730 vel
1318 1670 1441 1748 quomodo

382 1785 433 1842 per
452 1785 600 1828 summum
617 1769 788 1829 Pontificem
807 1773 868 1828 suis
889 1770 992 1829 litteris
1005 1771 1037 1828 in
1050 1769 1150 1828 orbem
1169 1769 1361 1830 christianum
1376 1786 1441 1828 men

384 1868 461 1926 datis
474 1867 638 1943 Scripturas
654 1872 733 1944 ipsae
746 1869 887 1928 Deuterae
901 1875 1016 1928 tantum
1030 1869 1185 1943 indicatae,
1201 1869 1250 1928 vel
1263 1870 1379 1926 omnino
1389 1883 1441 1926 san·

383 1967 457 2024 citae
474 1966 512 2024 ad
529 1983 583 2024 nos
606 1983 773 2042 pervenere.
802 1967 912 2043 Cuique
940 1974 1039 2043 patet,
1059 1973 1186 2042 quanme
1205 1968 1382 2026 auctoritatis
1397 1967 1442 2022 sint

382 2063 498 2122 decreta
514 2065 584 2139 illa,
607 2081 682 2140 quae
698 2068 831 2124 unanimi
849 2081 993 2126 consensu
1011 2065 1145 2124 annuitis
1168 2065 1356 2139 proferuntur
1374 2063 1405 2122 de
1418 2078 1442 2121 re

336 2181 338 2190 ¹
383 2178 575 2238 quacumque.
596 2163 735 2222 Rationes
750 2181 865 2241 quoque
882 2171 911 2224 et
931 2171 1122 2240 argumenta,
1142 2163 1250 2239 quibus
1264 2163 1336 2222 haec
1347 2162 1441 2220 deomta

384 2262 568 2336 innituntur,
583 2264 688 2338 majori
704 2262 808 2337 plausu
823 2265 1022 2337 accipiuntur,
1036 2276 1126 2336 mam
1141 2277 1193 2332 ea,
1207 2277 1288 2336 quae
1304 2261 1385 2318 unius
1400 2260 1442 2316 riri

385 2360 523 2418 exhibent
538 2364 747 2420 testimonium.
770 2363 906 2437 Apertius
919 2365 1057 2438 inquam,
1073 2361 1180 2420 Christi
1196 2361 1328 2419 Ecclesia
1345 2361 1441 2435 partim

384 2458 431 2514 vel
452 2461 612 2516 universim
634 2462 665 2517 in
693 2463 891 2535 episcoporum
912 2476 1035 2537 persona
1058 2465 1255 2535 congregata,
1280 2458 1331 2516 ubi
1351 2453 1440 2532 aliqud

385 2556 417 2610 in
440 2558 607 2630 quaestione
628 2558 847 2617 dissolvendum
855 2559 995 2634 decernit,
1013 2561 1039 2617 si
1056 2560 1198 2632 rationes,
1217 2563 1248 2616 et
1260 2556 1440 2626 auctoritates,

386 2651 492 2726 qubus
509 2655 601 2711 utitur
615 2657 792 2716 certissimae
805 2659 876 2732 sint,
890 2663 919 2715 et
931 2657 1025 2714 fontes
1039 2673 1055 2714 e
1070 2653 1177 2730 qrribus
1187 2654 1363 2713 hauriuntur
1376 2649 1442 2708 inial·

386 2749 496 2825 libiles,
514 2766 548 2809 ac
565 2754 672 2825 pariter
694 2753 875 2829 adversarii,
895 2754 1002 2830 quibus
1019 2753 1221 2826 contenditur,
1250 2750 1298 2810 bis
1313 2750 1442 2808 sumata

384 2847 463 2906 tibus
481 2849 606 2926 cedant,
626 2857 697 2909 tunc
716 2855 799 2928 argui
819 2859 934 2928 potest,
952 2858 1096 2928 quatenus
1111 2851 1166 2910 hoo
1183 2850 1367 2922 obtineatur,
1385 2845 1443 2904 tea

384 2948 484 3004 monia
512 2946 580 3022 illa,
604 2955 632 3006 et
649 2949 752 3025 libros,
770 2967 788 3007 a
807 2949 912 3025 quibus
930 2955 1066 3024 excerpta
1085 2954 1169 3023 sunt,
1192 2949 1317 3006 veritate
1344 2943 1439 3020 pollere.

385 3043 538 3103 Praeterea
568 3046 669 3105 eadem
696 3047 755 3104 dici
773 3054 896 3124 possunt
923 3048 959 3106 de
979 3062 1160 3106 summorum
1178 3043 1355 3104 Pontificum
1375 3055 1443 3116 ency-

385 3142 482 3218 clicis,
505 3160 580 3220 quae
600 3146 631 3201 in
653 3147 751 3204 varias
772 3146 850 3203 orbis
869 3148 999 3221 regiones
1016 3139 1441 3218 immaunrur,ubi,adeo1um

371 3257 496 3300 'errores
518 3241 736 3319 profligandos,
755 3260 806 3301 seu
826 3242 915 3302 dubia
943 3240 1143 3315 dissolvenda,
1162 3239 1329 3314 Scripturae
1351 3237 1442 3310 atqua

385 3338 522 3414 leguntur
540 3346 569 3398 et
582 3339 789 3415 approbantur.
805 3341 884 3399 llaec
897 3341 1048 3398 dictasint
1063 3339 1099 3397 de
1111 3339 1233 3396 decretis
1248 3343 1279 3396 et
1296 3336 1391 3394 litteris
1405 3347 1441 3406 sy-

383 3435 496 3494 nodicis
522 3443 551 3494 et
571 3437 727 3514 encyclicis
746 3453 926 3496 summorum
943 3436 1139 3510 Pontificum,
1159 3437 1190 3492 in
1209 3433 1316 3510 quibus
1338 3429 1440 3507 sparsim

385 3534 520 3608 leguntur
540 3534 663 3594 verbae
683 3534 840 3610 Scripturis
856 3534 995 3594 Secundis
1014 3536 1113 3610 petita.
1371 3521 1374 3528 ’

425 3633 535 3692 Potiori
560 3641 657 3693 autern
677 3637 788 3694 ratione
803 3635 859 3694 boc
875 3634 1030 3693 dicendum
1048 3635 1104 3692 erit
1116 3632 1153 3690 de
1165 3630 1295 3707 epistolis
1309 3625 1440 3705 pontificiis

387 3739 416 3791 et
429 3733 617 3791 conciliorum
631 3733 774 3808 decretis,
786 3749 861 3808 quae
874 3735 1009 3807 omnino,
1022 3738 1051 3790 et
1064 3731 1197 3805 explicite
1209 3729 1373 3788 divinarum
1385 3721 1441 3781 Scri·

387 3836 539 3904 pturarum
560 3829 707 3889 (lenonem
727 3832 883 3888 instituunt
905 3837 933 3888 et
950 3836 1078 3888 tuentum.
1098 3828 1249 3901 Inprimis
1266 3841 1336 3884 vero
1351 3822 1384 3880 de
1400 3819 1441 3878 bro

387 3935 502 3988 vetusta
526 3929 663 3990 eeclesiae
695 3929 918 4004 consuetudine,
949 3945 986 3987 ne
1009 3928 1105 3985 dicam
1131 3924 1308 4000 apostolica,
1335 3915 1440 3998 synodos

388 4029 580 4103 convocandi,
595 4044 670 4104 quae
688 4028 725 4086 de
739 4028 829 4086 verbo
841 4027 939 4102 aliquo
950 4026 1080 4100 videant,
1101 4030 1135 4082 ut
1151 4024 1247 4098 iuquit
1260 4021 1353 4080 Lucas
1365 4017 1440 4075 svau

389 4125 508 4200 gelista,
526 4126 565 4202 (1)
580 4125 616 4184 de
627 4141 685 4202 quo
702 4128 777 4186 inter
795 4125 968 4184 christianos
987 4121 1108 4182 dubium
1127 4127 1225 4180 ortum
1238 4117 1341 4192 fuerit,
1364 4111 1403 4170 vel
1417 4112 1440 4167 ui

415 4317 449 4378 (1)
464 4319 516 4370 let.
529 4318 613 4379 Aposi.
639 4318 762 4366 eilia
