3086 5182
556 409 596 421 .-
618 387 651 438 21
675 409 715 422 ...-

96 491 152 554 dae
171 493 331 552 dominium
347 495 379 552 in
396 492 556 570 Aegyptios
568 494 739 570 exercebat,
760 493 874 554 Pharao
887 499 1008 555 vocatura
1021 495 1088 556 luit.
1105 495 1173 556 Pari

1 643 2 662 ,
98 593 213 652 ratione
233 589 520 669 Nabuchodonosor,
541 599 694 668 postquam
715 595 805 652 totius
827 593 964 670 Assyriae
984 609 1106 671 reguum
1126 609 1173 653 oc·

1 741 2 762 ,
96 693 236 767 cupavit,
258 691 387 765 aliasque
401 691 566 765 provincias
587 705 702 766 quoque
721 698 804 749 extra
824 691 904 750 illam
926 693 1072 768 regionem
1089 691 1173 751 sube-

100 791 162 865 git,
183 787 401 864 magnificatum
422 795 466 846 est
486 803 592 846 nomen
611 791 691 864 ejus,
713 793 742 846 et
762 803 940 846 successores
961 788 1039 846 illius
1055 788 1093 846 oh
1109 804 1175 863 pro·

2 950 3 953 ,
99 887 237 962 genitoris
251 885 384 962 gloriam,
405 884 481 943 idem
495 901 601 944 nomen
616 885 694 960 apud
709 887 861 960 scriptores
876 901 973 944 sacros
987 887 1081 944 scruti
1096 891 1174 944 sunt.

99 983 214 1059 Daniel,
228 982 433 1057 Metusthones,
448 987 489 1058 et,
504 988 575 1040 teste
589 981 691 1040 Flavio
704 984 735 1040 in
746 981 820 1040 libro
834 999 865 1038 x.
881 981 1094 1056 Antiquitatum
1109 989 1176 1056 c.2,

2 1135 7 1155 ,
99 1081 224 1139 Berosus
246 1081 345 1139 eodem
359 1083 476 1140 nomine
496 1077 773 1152 Nabuchodonosor,
794 1085 904 1154 patrem
924 1078 1074 1153 liliumque
1092 1094 1179 1137 suum

2 1164 6 1172 ’
99 1177 418 1254 pariterappellant.1n
432 1177 574 1236 Chronico
588 1177 818 1236 Eusebiidicitur
830 1176 986 1252 Cambyses
998 1177 1035 1234 ab
1046 1175 1178 1236 hebraeis

0 1353 4 1364 λ
98 1275 242 1335 secundus
261 1275 528 1336 Nabuchodonosor
547 1277 669 1350 vocari,
688 1282 717 1334 et
737 1277 779 1333 sic
796 1279 863 1350 jure
883 1273 919 1332 de
937 1275 1038 1332 ceteris
1061 1272 1177 1350 regibus

2 1431 10 1458 ,
98 1389 249 1448 persarum
270 1373 424 1432 dicendum
445 1379 498 1446 est.
524 1373 607 1431 Clare
626 1371 682 1432 hoe
702 1389 816 1448 quoque
837 1373 976 1446 accipitur
992 1385 1029 1428 ex
1049 1369 1178 1428 historiis

2 1463 9 1474 ’
99 1471 301 1547 etlmieorum,
322 1475 365 1530 uti
382 1488 429 1529 ex.
453 1487 498 1548 gr.
520 1477 586 1546 post
604 1469 765 1530 Alexandri
782 1471 884 1545 Magni
897 1469 1028 1544 obitum,
1051 1483 1131 1544 reges
1145 1469 1179 1526 in

1 1648 3 1661 ,
100 1567 234 1645 Aegypto
260 1569 418 1627 Ptolomaei
440 1571 635 1644 cognominati
656 1575 753 1644 sunt,
783 1583 817 1626 ae
843 1570 912 1626 item
932 1565 1069 1624 Antiochi
1098 1581 1180 1640 reges

100 1665 220 1743 Syriae,
244 1674 272 1725 ei
291 1669 321 1724 in
345 1667 456 1741 parthis
483 1667 656 1741 Arsacides,
682 1681 719 1725 ne
741 1666 836 1725 dicam
857 1665 892 1723 de
914 1663 1105 1735 Caesaribus,
1127 1663 1178 1738 qui

4 1783 7 1791 ⁴
101 1765 213 1824 Romae
230 1767 419 1840 imperarunt.
442 1765 521 1822 Haec
535 1779 604 1822 vero
618 1765 758 1839 nomina,
779 1769 808 1821 et
821 1763 904 1821 alteri
917 1762 1002 1820 titulo
1016 1763 1100 1836 privo
1109 1763 1179 1835 jun·

1 1843 3 1862 ’
102 1861 247 1938 gebuntur
267 1861 422 1936 aliquando
442 1861 479 1920 ab
499 1861 665 1936 historicis,
687 1864 749 1920 sive
765 1877 801 1919 ex
819 1861 905 1936 gestis
923 1875 1044 1934 eorum,
1064 1860 1127 1918 sive
1143 1856 1181 1916 ob

8 1960 13 1972 '
101 1959 243 2034 quasdam
265 1961 418 2034 qualitates
431 1959 497 2018 ’11111
517 1959 744 2017 accommodato.

146 2055 229 2130 §.Vh
242 2053 351 2114 Deinde
363 2056 637 2131 suniexpendenda,
647 2071 721 2131 quae
733 2055 869 2131 leguntur
886 2057 917 2112 in
930 2053 1072 2112 versiculo
1088 2053 1182 2127 primo

103 2153 235 2227 ejusdem
255 2155 374 2228 capitis:
400 2179 412 2202 «
427 2153 513 2212 Anno
533 2153 703 2212 duodecimo
726 2155 807 2228 regni
825 2151 1108 2222 Nabuchodonosor,
1131 2152 1182 2224 qui

8 2229 14 2352 ἶ
103 2256 239 2328 regnavit
253 2249 381 2328 Assyriis
403 2254 433 2310 in
449 2251 555 2310 Ninive
568 2253 684 2310 civitate
698 2267 815 2326 magna.
829 2275 841 2300 1
865 2249 907 2307 Ex
923 2265 977 2324 eo,
1001 2247 1079 2323 quod
1093 2263 1183 2322 snpra

1 2360 14 2373 ’”
104 2350 254 2410 firmatum
276 2357 320 2408 est
343 2349 419 2408 hanc
446 2351 598 2410 historiam
617 2349 712 2408 locum
737 2347 873 2406 habuisse
897 2352 963 2422 post
986 2346 1183 2420 captivitatem

0 2426 15 2468 ¹
104 2449 329 2525 babylonicam,
351 2464 424 2524 opus
442 2449 516 2522 erit,
538 2454 570 2505 ut
587 2463 677 2522 aeque
694 2446 869 2504 disseramus
884 2443 920 2502 de
933 2443 1057 2518 Ninive,
1076 2441 1183 2501 ibidem

0 2555 7 2568 “
102 2551 224 2608 censita.
243 2550 399 2624 Imperium
424 2549 501 2605 enim
521 2552 550 2604 et
569 2547 672 2604 civitas
693 2545 822 2619 Ninive,
850 2557 899 2616 seu
925 2541 1022 2600 Ninon
1049 2540 1184 2599 videntur

1 2629 15 2675 ¹¹
102 2647 220 2707 sublata
237 2663 254 2705 a
269 2645 552 2706 Nabuchodonosoro
570 2659 636 2719 rega
650 2643 736 2701 Babel
753 2648 828 2715 tum,
847 2657 913 2699 eum
932 2641 1039 2714 potitus
1057 2637 1183 2696 1111111-

6 2782 9 2790 *
103 2761 172 2804 rum
194 2761 308 2820 quoque
322 2746 472 2820 regionum
490 2742 636 2816 iudaeae,
658 2741 746 2817 Tyri,
765 2739 899 2814 Sidonis,
919 2736 1061 2812 Aegypti,
1083 2733 1183 2809 Moab,

0 2845 1 2860 ¹
104 2859 143 2901 ac
158 2849 317 2902 1111111111
337 2844 368 2900 10
390 2841 460 2900 Α111
477 2842 620 2916 superiori
638 2841 770 2898 sitarum.
791 2835 965 2913 Hujusmodi
981 2835 1112 2910 quaestio
1132 2832 1186 2890 du·

0 2939 10 2968 l
104 2939 175 3014 plici
194 2946 364 3014 argumento
385 2939 459 2997 solvi
479 2943 582 3012 potest.
605 2937 642 2996 Et
661 2938 806 3010 mimum,
828 2949 918 3009 quum
939 2933 970 2989 in
989 2929 1063 2990 libro
1083 2929 1186 2989 Judith

1 3052 11 3073 *³
105 3037 189 3096 nulla
212 3040 321 3095 mentio
343 3037 396 3096 ilat
420 3037 455 3095 de
477 3035 548 3094 urbe
569 3035 774 3110 Babyloniae,
803 3035 908 3107 quippe
931 3045 1006 3105 quae
1027 3033 1098 3086 tune
1116 3033 1186 3086 tem-

1 3137 12 3170 1
106 3137 187 3212 poris
215 3137 367 3194 civitatum
390 3135 577 3210 Assyriorum
604 3134 733 3190 maxima
760 3135 822 3188 erat
841 3136 869 3186 et
889 3126 1078 3200 metropolis,
1099 3131 1128 3181 et
1148 3122 1185 3181 ab

105 3233 243 3292 omuibus
267 3232 456 3307 scriptoribus
483 3229 650 3302 celebrata,
679 3234 797 3285 etcum
824 3231 955 3298 contra,
982 3222 1040 3280 illis
1063 3220 1185 3294 diebus,

110 3333 220 3392 Ninive
248 3330 308 3388 fere
327 3329 468 3388 oblivioni
490 3327 617 3401 tradita,
639 3325 685 3383 vel
700 3325 801 3382 saltem
822 3322 907 3396 latet,
930 3325 1026 3378 utrum
1046 3317 1096 3378 illa
1116 3319 1188 3376 anti·

1 3446 13 3483 1
106 3445 167 3506 qua
188 3428 268 3488 urbis
288 3426 502 3502 magnificentia
524 3441 558 3483 eo
581 3439 672 3498 usque
690 3421 827 3495 temporis
850 3421 1053 3494 permaneret,
1075 3415 1185 3473 videre·

1 3507 13 3571 =²
108 3533 158 3584 tur
178 3526 265 3586 Bahal
285 3527 383 3583 Ninivi
404 3525 459 3582 hoc
478 3526 508 3580 iu
529 3524 592 3580 loco
611 3535 672 3580 csse
692 3516 898 3594 praeferenda,
921 3518 1003 3590 cujus
1020 3515 1185 3588 primaeua

0 3645 1 3650 ¹
106 3624 231 3683 verbum
248 3623 364 3699 quidem
378 3623 446 3680 iecit
459 3637 539 3680 sacar
553 3621 717 3679 historicus.
733 3617 855 3676 Necesse
866 3621 987 3689 estergo
999 3617 1044 3687 ut,
1058 3612 1116 3670 nisi
1134 3626 1184 3668 ve·

6 3721 12 3762 ²
108 3725 198 3782 limus
218 3721 407 3798 'Assyriorum
431 3721 586 3794 imperium
610 3723 675 3794 post
694 3717 892 3791 captivitatem
913 3709 1070 3770 transferre
1089 3711 1121 3766 in
1141 3723 1189 3768 ur·

6 3851 10 3860 ·
108 3822 177 3880 bem
191 3821 272 3896 Nini,
293 3835 398 3878 nomen
410 3817 516 3876 ibidem
534 3816 763 3874 autonomastice
780 3817 912 3871 sumatur
926 3811 990 3868 looo
1003 3807 1102 3867 Babel.
1118 3806 1189 3866 lure

106 3919 238 3994 1110111111
252 3933 322 3976 sero
343 3917 398 3974 hoe
412 3915 522 3974 iactum
539 3913 675 3972 luisseta
693 3927 777 3970 sacro
793 3915 921 3968 auctore.
937 3908 967 3966 Is
981 3908 1059 3966 enim
1074 3907 1106 3964 in
1119 3903 1189 3962 Nlui

109 4019 298 4088 memoriam,
320 4016 370 4090 qui
390 4016 501 4088 primus
522 4012 655 4086 regnavit
675 4013 706 4066 in
720 4009 861 4086 Assyria,
882 4005 987 4066 extulit
1005 4003 1112 4062 Ninive
1132 4015 1185 4059 uo-

1 4160 2 4164 ,
110 4129 179 4172 men
201 4113 266 4172 loeo
282 4113 480 4190 Babyloniae,
502 4126 561 4168 una
587 4106 832 4183 comprehendens
856 4111 885 4163 et
911 4102 1036 4174 Nivive,
1059 4105 1087 4158 et
1103 4085 1190 4156 babel

111 4227 271 4287 omnesque
298 4212 384 4270 urbes
410 4218 439 4269 et
466 4225 556 4284 pagos
583 4207 744 4282 Assyriae,
771 4203 877 4280 quibus
906 4199 1059 4275 imperavit
1084 4195 1190 4254 Ninus.

113 4311 192 4370 llaec
221 4325 335 4386 quoque
364 4308 561 4384 interpretatio
590 4307 652 4364 erui
681 4308 775 4378 potest
797 4317 833 4360 ex
862 4313 964 4376 graeco
991 4301 1073 4356 textu
1101 4293 1190 4368 hujus
