3070 5180
752 365 790 374 ·
813 349 875 392 vm
897 366 937 376 -··

309 447 499 542 videntia,
525 462 571 524 ut
589 445 724 552 inquit
736 445 919 524 Clemens
941 445 1239 546 alexandrinus,
1260 473 1387 556 quem

310 582 495 688 sequitur
519 577 636 658 divus
647 579 983 685 Chrysostomus,
1009 607 1200 686 quoque,
1226 599 1273 659 ut
1286 581 1390 660 Scri·

309 733 453 822 pturae
486 739 644 810 sacrae,
681 739 751 790 seu
777 712 903 819 ipsius
936 711 1121 792 mandata
1149 713 1390 794 hominibus

311 849 527 955 inspirata,
566 846 609 922 in
636 872 822 951 graecum
853 845 1167 924 transferrentur
1199 849 1384 946 curavit,

311 1009 396 1058 non
418 997 576 1058 tantum
600 979 645 1056 in
679 978 814 1058 dilecti
842 979 904 1056 sui
933 978 1076 1086 populi
1110 980 1287 1077 Israelis,
1317 1009 1389 1060 ve·

313 1141 402 1191 rum
425 1113 544 1191 etiam
567 1113 749 1190 omnium
772 1129 1044 1190 creaturarum
1068 1113 1306 1209 utilitatem,
1338 1130 1388 1192 ut

311 1247 466 1326 [acilius
487 1247 694 1324 veritatem
718 1262 1076 1352 consequerentur.

365 1380 438 1458 His
464 1377 625 1457 duabus
657 1379 806 1486 linguis
829 1377 985 1456 divinas
1017 1376 1242 1485 Scripturas
1264 1406 1286 1456 a
1307 1378 1389 1484 pri-

233 1565 234 1568 =
312 1543 376 1592 ma
401 1531 527 1594 aetate
559 1513 782 1618 recepimus
806 1512 995 1620 scriptas,
1026 1512 1139 1588 illum
1163 1511 1311 1590 scilicet
1338 1513 1388 1590 li·

312 1648 433 1726 brum
451 1646 658 1754 discipulis
671 1647 753 1724 suis
772 1674 794 1724 a
811 1644 1100 1752 Redemptore,
1126 1662 1166 1722 et
1180 1644 1388 1723 nobisma-

315 1782 420 1858 xime
440 1778 778 1863 commendatum.
808 1781 969 1856 Praeter
989 1781 1061 1856 has
1082 1778 1263 1884 linguas,
1291 1779 1387 1885 qui-

314 1914 393 1992 bus
412 1913 518 1993 inter
537 1941 578 1992 se
597 1912 860 1992 versabantur
878 1911 1020 2018 populi
1040 1910 1120 2008 illi,
1141 1910 1302 1990 hebraei
1316 1913 1387 1990 sci-

316 2025 430 2144 licet,
459 2064 500 2124 et
516 2047 678 2153 graeci,
703 2065 743 2124 et
766 2062 972 2140 auctores,
1000 2045 1098 2150 qui,
1122 2041 1271 2150 Spiritu
1292 2043 1387 2122 San·

312 2197 383 2257 cto
415 2178 603 2277 afflante,
643 2179 894 2274 scribebant,
936 2177 1034 2255 aliae
1066 2178 1278 2283 variaeque
1320 2178 1385 2256 his

315 2311 526 2418 adjunctae
545 2311 876 2418 sunt,aegyptiae
892 2309 1032 2408 veluti,
1054 2310 1229 2416 syriacae
1247 2339 1384 2390 earum

314 2447 489 2554 propriis
511 2473 602 2523 cum
626 2443 826 2541 dialectis,
852 2443 997 2524 latinae
1018 2470 1211 2550 quoque,
1237 2462 1278 2523 et
1298 2444 1386 2522 bar·

314 2579 505 2658 barorum
535 2578 697 2686 plures,
730 2577 773 2654 in
802 2577 984 2682 quibus,
1018 2576 1245 2682 evangelico
1282 2603 1384 2655 sono

316 2713 360 2789 in
381 2712 522 2790 orbem
539 2728 739 2788 'terrarum
762 2727 960 2806 excunte,
990 2726 1031 2787 et
1055 2709 1266 2816 gentibus,
1297 2707 1385 2788 ido·

315 2844 364 2921 lis
397 2843 589 2922 aChristi
617 2841 800 2922 doctrina
834 2842 1103 2939 conculcatis,
1134 2840 1184 2919 ad
1214 2841 1385 2948 agnitio-

314 3003 407 3054 nem
429 2976 604 3054 veritatis
625 2975 904 3072 venientibus,
935 3002 1093 3053 necesse
1121 2974 1223 3072 fuit,
1254 2992 1300 3051 ut
1323 2971 1385 3055 di-

313 3109 398 3186 vini
421 3109 513 3187 libri
532 3109 860 3216 interpretatione
888 3107 1148 3187 donarentur.
1174 3107 1282 3186 Haec
1304 3136 1385 3186 om·

315 3243 383 3318 nia
397 3303 407 3341 ,
423 3269 528 3349 quae
545 3241 646 3340 dixi,
672 3262 777 3321 recte
798 3240 1150 3320 accommodantur
1167 3241 1384 3348 Augustini

315 3376 560 3472 sententiae,
587 3377 660 3483 qui
682 3377 787 3454 libro
813 3405 853 3454 u.
877 3375 926 3456 de
949 3375 1141 3453 Doctrina
1159 3375 1385 3454 Christiana

316 3535 350 3586 c.
365 3509 403 3586 6.
421 3509 570 3587 scribit.
590 3543 609 3582 «
625 3509 751 3616 Cujus
763 3509 971 3616 superbiae
991 3509 1149 3614 signum
1173 3526 1231 3587 est
1253 3525 1384 3586 erecta

316 3641 382 3719 illa
408 3643 531 3719 turris
563 3643 605 3719 in
628 3643 809 3739 coelum,
839 3643 911 3719 ubi
938 3643 1121 3721 homines
1154 3643 1266 3750 impii
1298 3668 1383 3719 non

315 3775 443 3856 solum
465 3776 618 3854 animos
652 3775 862 3855 sedetiam
888 3802 1004 3854 voces
1029 3775 1207 3854 dissonas
1235 3774 1383 3853 habere

315 3926 560 3987 meruerunt.
592 3911 653 3986 Ex
676 3938 761 4016 quo
785 3909 932 3987 factum
955 3927 1037 4008 est,
1067 3927 1115 3987 ut
1139 3908 1257 3987 etiam
1279 3907 1383 3986 Scri-

313 4059 433 4146 ptura
463 4039 623 4139 divina,
659 4071 741 4148 qua
780 4044 901 4136 tantis
939 4043 1089 4122 morbis
1115 4042 1382 4120 humanarum

314 4175 565 4253 voluntatum
603 4176 864 4274 subvenitur,
894 4176 944 4256 ab
972 4203 1054 4254 una
1083 4173 1220 4284 lingua
1246 4175 1381 4283 prole-
