3094 5176
127 507 215 583 libri,
238 523 273 567 ac
297 521 358 576 una
376 505 503 566 narratis
522 506 554 564 in
573 505 669 579 primo
688 503 725 564 de
744 501 846 564 eodem
864 503 1010 566 Antiocho
1023 521 1050 565 c.
1066 519 1112 564 ur.
1126 548 1135 582 ,
1148 505 1200 566 ubi

125 606 230 666 ‹licitm
248 607 310 682 lpse
329 610 462 664 mortuus
481 605 513 662 in
532 601 680 662 monhbus
700 601 926 662 Ecbatanorum.

162 701 462 764 Animadvertendum
471 703 598 780 primum
607 701 754 775 existimo,
764 699 920 759 nonnullos
929 701 1101 776 interpretes
1111 698 1200 778 hujus

126 803 281 880 antiloglae
294 802 389 878 specle
407 815 541 877 pressos,
560 801 651 858 variis
669 798 764 858 modis
778 813 813 857 ee
830 798 921 857 verba
934 800 1112 873 exposuisse.
1129 799 1199 873 Qui-

13 945 15 952 >
127 899 194 960 dam
213 906 324 960 veteres
345 903 498 958 senserunt
511 897 542 957 ln
556 912 590 956 eo
612 897 697 974 loco,
716 911 776 955 nou
791 911 876 974 agere
890 895 1071 973 scripturam
1088 895 1125 957 de
1138 895 1201 957 Au·

126 997 222 1059 tiochc
241 995 412 1075 Epiphane,
432 993 483 1055 sed
499 995 537 1055 (ie
554 993 612 1055 alio
628 1011 717 1072 rege,
738 997 789 1071 qui
802 993 897 1055 iatum
911 995 1048 1055 ulbnmm
1066 996 1156 1056 suhllt
1168 997 1200 1056 in

13 1115 15 1154 i
125 1097 231 1175 templo
251 1096 378 1156 Naneee.
401 1093 459 1156 Sed
477 1093 535 1154 hoc
553 1096 673 1154 omnino
693 1091 866 1154 adversatur
881 1095 972 1154 menti
984 1093 1116 1172 eiusdem
1129 1097 1201 1155 scri-
1271 1141 1278 1152 .

125 1199 235 1274 pteris,
257 1197 308 1274 qul
328 1193 433 1256 iratres
454 1195 605 1273 aegyptios
625 1191 781 1271 hortatus,
802 1198 836 1253 ut
855 1193 962 1254 testum
982 1192 1129 1260 celebrent
1147 1209 1199 1270 pu·

126 1295 294 1356 riilcationls
326 1293 427 1370 templi
458 1299 523 1370 post
552 1290 681 1368 eusdem
710 1293 959 1368 recuperationem
991 1293 1159 1352 institutum
1188 1335 1198 1368 ,

126 1399 267 1456 memorat
286 1392 375 1470 huius
395 1393 472 1470 regis
492 1391 605 1468 iatum,
627 1393 710 1468 cujus
723 1406 813 1450 cause
832 1389 911 1466 apud
931 1407 981 1450 eos
994 1391 1046 1450 ilia
1058 1391 1200 1452 solemnia

126 1497 221 1552 essem
240 1489 416 1569 peragentia,
437 1490 525 1549 sicuti
544 1491 671 1550 innuunt
690 1503 765 1566 quae
778 1496 960 1566 sequuntur:
987 1489 1133 1550 «Facturi
1147 1491 1201 1567 igl-

125 1595 173 1650 bir
186 1595 242 1650 etc.
256 1614 268 1640 o
285 1587 345 1648 Alii
358 1603 428 1648 uero
442 1588 616 1648 recentiores
629 1587 676 1645 his
689 1589 721 1646 in
734 1585 848 1663 uerbis,
859 1586 990 1647 historici
1000 1587 1089 1647 fldem
1101 1589 1200 1648 mirati

130 1693 216 1764 sunt,
242 1689 293 1764 qui
317 1685 395 1746 hanc
414 1701 571 1762 excerpens
591 1685 727 1746 notitiam
748 1683 788 1744 ab
806 1686 866 1744 alia
884 1685 1032 1762 epistola,
1064 1687 1096 1744 ln
1116 1701 1201 1746 sumn

10 1843 13 1858 ,
128 1786 227 1848 retulit
242 1785 385 1863 quidquid
397 1787 430 1844 iu
442 1784 626 1862 praecedenti
637 1784 778 1846 neutum
792 1789 871 1861 erat,
885 1787 1020 1862 quamvls
1033 1801 1199 1863 erroneum,

126 1893 155 1948 et
173 1884 247 1946 nlhll
267 1885 411 1946 sollicitus
432 1883 470 1943 de
489 1884 577 1960 hauns
596 1882 667 1944 iacti
687 1885 857 1960 genuitate,
884 1897 919 1943 ac
938 1885 1060 1943 minime
1082 1883 1201 1944 alienus

126 1986 275 2062 scriptoris
296 1984 414 2044 hebraei
434 1984 580 2044 inscitiam
601 1998 743 2060 arguens,
764 1983 815 2058 qul
827 1982 1012 2042 menducium
1027 1981 1064 2042 ad
1077 1983 1201 2060 judaeos

127 2084 279 2161 aegyptios
298 2083 448 2157 inscripsit
467 2083 529 2141 suis
548 2080 673 2157 litteris3
702 2087 789 2156 atque
808 2082 850 2140 ita
869 2079 1004 2141 dlvmum
1023 2081 1111 2158 hnjus
1132 2081 1201 2140 libri

126 2188 273 2242 auctorem
293 2179 332 2241 ab
361 2195 458 2240 errore
486 2185 637 2241 excusant.
659 2179 704 2238 Ex
724 2179 771 2239 his
790 2184 834 2240 cet
862 2178 1068 2256 holtemma,
1090 2183 1141 2258 puri
1169 2183 1200 2242 in

126 2279 205 2342 hune
219 2280 316 2342 locum
330 2281 450 2342 scribit:
476 2279 513 2355 (i)
540 2303 552 2330 a
565 2278 674 2340 Verum
689 2279 791 2339 relatio
809 2281 910 2340 mortis
924 2279 1075 2356 Antiochi,
1091 2289 1119 2340 i.
1136 2280 1200 2340 Ma·

14 2424 17 2441 .
127 2377 214 2439 cheb.
236 2393 263 2438 c.
288 2395 312 2437 1.
337 2386 386 2438 ia.
406 2386 452 2437 17.
476 2379 565 2438 estin
580 2377 702 2455 epistole
721 2376 912 2438 hebraeorum
933 2377 1082 2455 iudaeae,
1097 2385 1126 2438 et
1141 2395 1201 2440 nou

127 2479 159 2536 in
179 2479 244 2554 ipso
264 2475 339 2536 libro
358 2477 495 2536 numeris.
518 2475 623 2536 iudaei
642 2475 691 2534 isti
712 2475 749 2534 de
767 2483 860 2535 morte
884 2475 1022 2538 Antiochi
1046 2495 1106 2538 non
1128 2477 1202 2540 hene

11 2598 13 2607 ·
126 2575 260 2636 instructi
269 2573 397 2636 humant.
408 2573 481 2634 Inde
494 2573 704 2651 praeiudicium
711 2576 1056 2652 conualnspirathtnem,
1072 2583 1101 2636 et
1113 2576 1202 2638 fldem

127 2675 254 2734 auctoris
274 2671 343 2732 llbri
361 2673 445 2733 nullo
463 2672 550 2732 mocio
569 2673 720 2749 nascitur,
743 2675 833 2736 immo
859 2673 999 2750 probatur
1019 2678 1081 2752 ejus
1105 2675 1201 2755 ildes,

126 2773 177 2849 qui
197 2774 229 2832 in
249 2771 390 2849 epistole,
411 2773 442 2830 iu
456 2788 515 2848 qua
530 2771 601 2831 haec
614 2777 791 2850 occurrunt,
813 2772 884 2850 quid
896 2773 1051 2836 immutare
1068 2775 1203 2854 religioni

127 2867 183 2930 sibi
202 2870 308 2948 (luxit,
329 2878 359 2932 et
376 2873 453 2932 slent
465 2871 593 2947 invenlt,
609 2870 683 2932 libro
696 2887 750 2932 suo
770 2875 955 2948 praemisit.»
972 2873 1147 2952 lituusmodl
1159 2878 1204 2934 in·

126 2969 295 3044 terpretatio
314 2971 369 3028 etsl
388 2985 517 3046 congrua
546 2968 681 3030 videatur
705 2968 889 3030 solummodo
915 2973 1046 3046 inspecte
1071 2971 1203 3033 historici

127 3065 316 3140 sinceritate;
338 3071 468 3126 chamon
488 3083 526 3124 ne
545 3068 694 3126 incusetur
714 3066 833 3126 divinus
854 3072 975 3143 auctor,
995 3070 1046 3142 qul
1060 3067 1137 3128 hanc
1151 3068 1203 3128 iel·

126 3164 243 3222 nitatem
255 3161 370 3221 silentio
382 3147 543 3239 transegit,
564 3161 606 3221 nli
620 3161 872 3239 animadvertens,
894 3161 972 3223 haue
986 3166 1141 3241 pericopen
1155 3181 1203 3225 ae·

126 3263 257 3322 curatius
274 3260 492 3338 expendamus;
507 3277 543 3320 ao
556 3262 662 3336 veriti,
683 3277 720 3320 ne
728 3264 817 3337 juxta
836 3263 956 3322 citatam
969 3261 1203 3338 explanationem

128 3359 307 3436 ailquopIam
327 3359 518 3419 imminuatur
531 3358 633 3418 divina
646 3357 734 3434 hujus
754 3358 822 3417 iibri
836 3359 1012 3436 auctoritas,
1027 3365 1061 3418 ut
1074 3359 1205 3437 aliquan·

128 3457 168 3516 do
189 3459 236 3517 vir
255 3457 436 3518 clarissimus
454 3457 522 3516 bon.
535 3473 592 3516 me.
604 3456 732 3516 loannes
748 3454 906 3515 Allemand
916 3455 955 3532 (a)
970 3455 1044 3516 mihi
1057 3457 1203 3534 signifiea-

126 3557 183 3616 vit.
201 3555 239 3616 Et
254 3555 318 3616 ideo
332 3555 467 3616 secedens
482 3555 519 3615 ab
533 3555 600 3632 hia,
616 3556 703 3614 eliam
718 3557 871 3633 exquiram
885 3555 1097 3632 expositionem
1110 3559 1204 3635 megia

128 3667 287 3712 consonam
300 3695 310 3729 ,
332 3653 486 3713 ostendens
500 3655 532 3711 in
543 3665 578 3714 ea
590 3654 741 3731 pericope,
763 3653 897 3714 divinum
910 3653 1081 3714 historicum
1094 3671 1155 3714 non
1168 3655 1205 3716 de

127 3749 286 3828 Antiochi,
307 3752 360 3812 sed
383 3754 430 3812 sul
454 3752 538 3812 ducis
558 3759 651 3812 morte
673 3752 793 3830 eloqui3
815 3769 849 3815 ae
867 3756 909 3814 itu
922 3757 1074 3814 evanuerit
1097 3754 1206 3816 biblica

125 3850 283 3926 oppositio.
298 3848 334 3908 In
347 3849 404 3910 hee
418 3855 515 3910 eutem
529 3849 731 3926 disquisitione
743 3851 878 3927 Episcopi
890 3850 1078 3928 hipponensis
1086 3853 1206 3914 monitis

126 3963 218 4026 tuus,
239 3949 291 4026 qul
310 3947 342 4008 in
362 3947 444 4010 libris
464 3948 501 4008 de
520 3948 660 4010 Doeblna
679 3947 846 4010 Christiana
858 3949 971 4026 scribit,
985 3949 1024 4010 ad
1038 3948 1207 4010 obscuriora

126 4041 193 4106 loca
212 4045 430 4122 scripturarum
449 4046 659 4124 dissolvenda,
686 4063 804 4108 necesse
823 4047 925 4108 haberi
943 4048 1112 4125 linguarum
1131 4049 1207 4123 perl-

126 4143 222 4221 tiam,
244 4149 273 4204 ct
293 4143 426 4206 codicum
447 4147 596 4206 variorum
617 4146 823 4222 collationem,
849 4161 986 4224 graecum
1011 4151 1097 4206 name
1116 4146 1205 4222 hujus

173 4355 181 4416 (
186 4353 207 4416 1)
223 4354 315 4408 lntrocl.
330 4357 354 4407 iu
367 4356 442 4408 libros
455 4371 537 4408 meros
549 4372 572 4422 p.
581 4362 633 4410 aii.
651 4385 681 4396 -
692 4359 726 4421 (tl
740 4361 767 4408 in
779 4357 914 4410 seminaria
926 4361 995 4408 iiorrr.
1013 4357 1100 4420 script.
1111 4357 1203 4408 Proles.
