3094 5184
865 373 1023 424 ...ῃ-

405 505 461 552 nus
474 485 546 550 nihil
557 483 1076 559 011101100010010011008011010101010
1086 481 1214 557 Canoni,
1229 481 1328 558 quoties
1339 497 1440 553 accurate

405 590 517 650 Esdrae
536 587 665 663 ejusdem
684 591 785 661 gesta,
802 589 831 641 ei
846 587 963 658 patrum
979 587 1111 640 veterum
1130 579 1167 638 de
1183 577 1238 638 hoc
1252 587 1443 664 sentcntiasper-

404 687 579 764 pendamus.
603 684 719 756 Antea,
740 681 825 739 uobis
845 678 1034 738 asserendam
1051 684 1115 752 est,
1136 675 1258 736 Esdram
1273 679 1345 738 nulla
1359 687 1442 747 ratione

404 785 552 846 Canonem
575 782 743 841 divinorum
762 779 924 837 bibliorum
945 776 1098 835 decernere
1117 777 1246 850 potuisse
1264 777 1343 854 adeo,
1360 788 1445 858 utpost
1504 783 1505 804 ¹

404 885 483 944 illius
498 889 622 940 mortem
639 877 739 938 nulius
757 877 903 952 Propheta
918 876 965 934 vel
980 877 1104 950 scriptor
1117 889 1199 932 sacer
1212 891 1323 951 surgere
1334 885 1443 960 potuerit,

404 985 456 1059 qui
476 983 552 1040 inter
570 978 713 1056 judaeos,
742 982 771 1034 et
790 975 934 1034 israelitas
961 973 1068 1034 docens
1087 972 1133 1032 vel
1152 971 1322 1047 prophetans
1344 975 1445 1040 divium

406 1093 490 1138 suam
512 1077 675 1135 doctrinam
696 1075 804 1148 scripto
824 1065 987 1130 mandaret.
1016 1069 1117 1146 Usque
1139 1069 1177 1128 ad
1205 1076 1314 1146 tempus
1335 1072 1378 1147 (ut
1396 1093 1446 1149 pau.

404 1179 434 1236 lo
461 1183 528 1236 ante
569 1179 632 1252 jam
661 1173 771 1231 dietum
806 1171 873 1245 est)
905 1168 1090 1245 praefinitum
1124 1168 1276 1244 aPatre,
1312 1186 1364 1246 quo
1388 1177 1446 1234 misit

303 1257 306 1264 ’
403 1277 482 1337 Deus
504 1275 611 1334 Filium
634 1283 732 1346 suum,
753 1269 809 1328 sub
828 1267 989 1354 tutoribus,
1011 1275 1039 1327 et
1051 1267 1197 1332 actoribus
1211 1267 1325 1326 fuerunt
1340 1269 1446 1348 hebraei,

405 1375 545 1435 habentes
573 1374 623 1448 qui
637 1387 685 1429 eos
699 1372 875 1428 instruerent
884 1369 916 1424 iu
925 1364 1009 1443 iege,
1031 1373 1060 1425 et
1072 1369 1103 1425 in
1124 1369 1284 1442 praeceptis
1299 1366 1361 1444 liei,
1377 1375 1404 1428 ut
1420 1373 1448 1430 111

404 1471 601 1547 Evangelista:
628 1467 760 1526 «Omnes
780 1467 858 1524 enim
878 1463 1055 1540 Prophetae,
1076 1470 1105 1522 01
1124 1465 1172 1523 lex
1186 1476 1278 1540 usque
1291 1464 1326 1522 ad
1337 1465 1447 1525 loanuen

405 1569 660 1648 prophetaverunt.
675 1591 688 1616 n
712 1565 768 1624 Sed
788 1567 904 1640 potius,
926 1562 1055 1622 sialiter
1079 1562 1188 1622 Esdrae
1213 1579 1327 1638 operam
1349 1565 1448 1623 conside

405 1683 470 1726 rare
500 1667 648 1739 velimus,
679 1664 786 1721 rationi
813 1663 912 1736 utique
941 1663 1034 1736 magis
1061 1675 1224 1736 congruum
1250 1662 1326 1735 erit,
1352 1677 1448 1720 asserere

405 1765 529 1823 Esdram
548 1766 579 1820 in
599 1761 694 1820 medio
714 1759 814 1835 populi
834 1759 924 1818 lsrael
944 1764 1010 1832 post
1029 1760 1229 1833 captivitatem
1248 1761 1410 1817 instaurasse
1424 1759 1450 1817 le

406 1877 473 1939 gem
492 1859 626 1936 Moysis,
647 1865 677 1918 et
701 1859 795 1932 riuis,
821 1855 965 1914 sacrificia
990 1862 1160 1931 ceteraque,
1188 1845 1264 1931 quae
1287 1857 1449 1932 emigrationis

404 1966 533 2034 tempore
552 1957 694 2015 nonnulla
714 1955 839 2030 omissa,
859 1954 907 2011 vel
926 1955 1079 2011 immutata
1099 1953 1226 2013 fuerant.
1249 1953 1302 2012 liis
1319 1953 1399 2029 udde,
1415 1969 1448 2012 eu

404 2073 469 2117 ram
489 2059 649 2115 maximam
678 2061 707 2113 et
734 2053 843 2112 Esdrae
863 2054 966 2128 opinor
984 2052 1093 2126 luisse,
1114 2053 1299 2111 commodam
1323 2051 1449 2126 Scriptura

404 2167 472 2213 rum
496 2153 648 2211 lechonem
675 2149 865 2226 perliciendi,
892 2150 938 2210 ad‘
956 2153 1039 2226 cujus
1059 2153 1317 2226 comparationem,
1337 2150 1449 2209 veteribu

403 2253 552 2312 elementis
580 2249 772 2310 hebraeorum
801 2251 986 2324 immutatis,
1016 2265 1094 2307 nova
1121 2245 1298 2325 invenerit,
1327 2245 1450 2306 chaldaica

405 2352 530 2426 scilicet,
546 2365 614 2408 cum
628 2352 660 2407 in
676 2347 881 2408 chaldaeorum
894 2346 1061 2422 regionibus
1078 2347 1209 2422 plerique
1217 2346 1384 2422 judaeorum
1395 2347 1449 2420 uati,

406 2448 586 2524 assyriorrtn
616 2447 720 2504 litteris
740 2446 847 2504 assueti
867 2447 1001 2503 risissent.
1022 2443 1075 2502 iiis
1095 2445 1232 2502 omnibus
1259 2443 1331 2502 mihi
1354 2443 1449 2518 suada,

404 2541 529 2602 Esdram
542 2542 656 2601 dedisse
670 2559 803 2618 operam,
818 2544 887 2618 qui,
902 2549 935 2601 ut
948 2542 979 2600 in
993 2557 1046 2600 suo
1058 2543 1184 2617 genuino
1196 2541 1274 2601 libro
1288 2537 1399 2619 ligimus
1410 2540 1449 2616 (tiz

410 2641 535 2701 «Scriba
555 2641 661 2717 velox,
683 2657 735 2702 seu
758 2640 856 2717 (juxta
875 2641 966 2699 latam
986 2639 1115 2699 hebraici
1140 2641 1277 2700 vocabuli
1301 2640 1451 2718 significatio

405 2740 490 2814 nem)
512 2739 613 2798 doctor
632 2739 749 2798 sedulus
770 2743 801 2797 in
820 2739 883 2815 lege
903 2739 1016 2816 Moysis
1035 2741 1151 2813 paravit
1175 2755 1227 2797 cor
1249 2755 1354 2814 suum,
1378 2744 1405 2797 ut
1422 2739 1452 2794 iu·

409 2839 565 2913 vestigaret
578 2835 670 2914 legem
684 2836 801 2894 Domini
814 2842 844 2895 et
856 2835 964 2895 iaceret
981 2843 1010 2896 et
1031 2837 1147 2896 doceret
1156 2837 1188 2894 in
1199 2837 1292 2899 Israel
1303 2841 1453 2912 praecepun

405 2941 435 2994 01
442 2935 615 3012 judicium.»
631 2934 680 2992 Ab
689 2934 832 2993 Ecclesiae
841 2934 972 3009 patribus
982 2937 1110 3011 antiquis
1119 2935 1270 2994 firmatum
1279 2942 1334 3011 est,
1347 2934 1452 3008 hocopus

403 3039 433 3093 et
453 3033 581 3091 studium
602 3035 760 3106 suscepisse
780 3035 812 3090 in
829 3032 925 3091 medio
945 3033 1043 3108 populi
1064 3034 1153 3093 Israel
1167 3041 1235 3108 post
1253 3033 1332 3092 illius
1346 3031 1451 3090 reditun.

406 3132 538 3192 Clemens
562 3129 767 3190 alexandrinus
788 3121 872 3189 libro
884 3147 907 3188 r.
930 3130 1096 3190 Strumaton
1117 3131 1236 3190 scribit:
1263 3155 1276 3180 α
1289 3131 1343 3190 Per
1359 3129 1453 3188 Esdram

404 3231 545 3288 divinitus
566 3229 746 3303 eloquiorum
766 3230 977 3303 inspiratorum
998 3232 1146 3304 recensio,
1167 3235 1197 3288 et
1216 3231 1384 3288 instauratio
1398 3226 1453 3285 iacta

405 3325 499 3386 fuit.»
529 3325 643 3400 Optime
670 3327 778 3400 pariter
800 3326 995 3384 Tertullianus
1017 3326 1053 3384 de
1076 3326 1156 3385 cultu
1176 3325 1368 3384 foeminarum
1386 3324 1452 3381 dicit:

409 3423 528 3483 «010110
552 3425 777 3482 instrumentum
798 3407 934 3500 judaicae
957 3425 1124 3483 literaturae
1146 3439 1198 3499 per
1225 3421 1349 3484 Esdram
1368 3425 1454 3482 consui

360 3513 363 3518 “
406 3527 620 3597 restauratum,
646 3535 698 3580 seu
723 3522 834 3598 literis,
861 3537 912 3580 seu
936 3525 1014 3581 circa
1035 3521 1197 3598 sacrificia,
1223 3523 1332 3582 atalia
1354 3519 1454 3597 ejusden

406 3622 539 3694 generis,
561 3621 687 3694 quaein
713 3621 880 3694 captivitate
907 3622 1029 3680 remissa
1054 3625 1147 3680 erant.
1162 3645 1176 3672 »
1202 3619 1343 3697 Origenes
1364 3618 1397 3677 ob
1415 3616 1455 3674 but

405 3715 572 3776 observavit
590 3717 622 3773 in
641 3717 790 3778 nonnullis
810 3715 1000 3778 hebraeorum
1021 3719 1167 3780 codicibus
1187 3735 1295 3778 nomen
1319 3715 1371 3776 Dei
1389 3728 1454 3772 vene

404 3811 530 3871 randum
548 3812 597 3868 ius
621 3813 694 3890 Ioo,
719 3815 797 3891 quod
822 3822 865 3874 est
890 3814 1015 3892 Ioboao,
1040 3815 1144 3875 litteris
1172 3831 1233 3875 nou
1259 3815 1401 3875 hodiernis
1420 3807 1456 3868 sti

405 3911 614 3986 antiquissimis
624 3927 687 3971 csse
703 3918 866 3988 exaratum3
881 3919 910 3972 ct
924 3915 956 3970 in
967 3913 1084 3972 Psalmo
1101 3929 1140 3972 rr.
1159 3916 1216 3973 ait:
1237 3911 1386 3971 «Narrant
1397 3909 1455 3966 enim

404 4005 529 4074 Esdram
553 4010 583 4065 in
605 4011 773 4084 captivitate
797 4008 868 4068 aiios
892 4012 961 4085 ipsis
988 4011 1168 4070 characteres
1188 4011 1251 4070 loco
1271 4013 1396 4086 priorum
1411 4011 1455 4063 na-

406 4101 542 4164 didisse.»
555 4105 749 4184 Hieronymus
758 4108 788 4164 in
798 4105 920 4186 Prologo
927 4107 1046 4168 Galeam
1054 4108 1125 4168 dicit
1136 4127 1143 4166 :
1159 4107 1300 4168 «Certum
1308 4114 1350 4168 cst
1357 4104 1455 4166 Esdram

433 4313 467 4376 (i)
487 4313 670 4365 Esmsecvll.
683 4324 706 4366 6.
725 4318 749 4366 et
765 4318 860 4369 Oalrncl
875 4321 935 4370 torn.
958 4323 1001 4370 111.
1027 4333 1050 4383 p.
1067 4327 1118 4372 iti.
1131 4320 1248 4371 1110111011,
