3070 5180
565 350 725 402 ...31-

145 457 257 518 Contra
267 455 393 522 Noemm
401 457 519 526 tandem
525 475 583 545 ,ex
593 474 652 536 quo
661 457 796 520 Noetinni
806 457 956 518 ‹liobsunt
966 456 1188 535 baeretici,ver·

104 553 271 616 buillorum
280 553 369 617 refert
381 555 438 616 hoc
448 556 551 616 modo:
565 582 578 610 a
592 558 705 630 Χρῶνται
719 557 744 610 δὲ
758 555 803 610 καὶ
817 554 1186 630 ἑτέραιςψαρτυριάιςλέγον·

104 671 163 720 τις,
174 649 243 710 οὓτω
257 653 414 728 pipponem:
429 656 504 728 οὖτος
518 656 532 710 o‘
546 652 607 720 tet<
618 655 739 728 ’5μῶηού
753 654 947 730 λογισθήσεται
964 654 1049 728 ἕτερος
1064 657 1129 730 ,πρὸς
1144 657 1191 712 αὖ·

103 743 266 820 τόν.Ἐξιῡρε
283 749 368 812 πᾶσαν
384 747 441 802 ὁδὸν
456 747 671 821 ἐπιστήμης,καί
686 745 773 804 ἔδωκεν
786 746 964 824 αΰτήνἸακώβ
975 751 1007 819 τῷ
1024 747 1101 802 παιδί
1109 748 1191 808 αὐτοῦ

101 837 168 910 μετά
188 840 267 892 τοῦτο
288 838 331 894 ἐπὶ
361 841 407 902 reip
437 841 486 912 γῆς
507 837 604 916 ὤφθη,
627 841 674 896 καί
694 839 797 906 ἐντοῖς
819 839 959 916 ἀνθρώποις
981 841 1189 914 συναηστράφῃ,

104 933 124 995 l.
140 952 167 996 e.
196 935 329 1000 Utuntur
357 947 455 1000 autern
482 947 512 1002 ot
536 941 601 1002 eliis
629 943 802 1002 testimoniis
821 942 968 1019 dieentes,
988 943 1030 1002 ito
1049 942 1191 1018 seriptrun

104 1042 157 1095 est:
175 1068 189 1081 ·
203 1037 264 1098 Iste
281 1038 359 1100 Deus
380 1047 496 1118 noster,
517 1058 578 1101 non
601 1042 782 1120 reputabitur
801 1044 877 1103 alius
889 1041 1014 1102 odeum.
1030 1040 1192 1102 Adinvenit

104 1150 225 1196 omnem
239 1138 320 1196 uiam
333 1137 503 1216 disciplinae
516 1146 545 1200 et
557 1139 639 1200 dedit
651 1156 717 1200 eam
725 1140 816 1202 Jooob
829 1155 919 1216 puero
933 1155 998 1216 suo;
1013 1145 1079 1214 post
1090 1137 1150 1206 hoe,
1158 1141 1192 1199 tn

104 1237 216 1294 terram
230 1237 376 1312 apparuit,
390 1242 495 1296 eteurn
505 1235 673 1298 bominibus
686 1243 875 1298 conversetis
886 1243 939 1298 ost.
955 1262 967 1290 »ι
985 1236 1081 1296 Noetii
1095 1236 1192 1296 verbis

107 1332 287 1407 respondens
306 1333 502 1414 Hippolytus,
516 1352 553 1396 ne
566 1338 767 1408 auctoritatem
789 1335 908 1412 quidem
925 1334 1012 1412 hrrjus
1029 1333 1193 1410 Scripturas

105 1428 254 1506 isneget5
276 1435 322 1490 nst
339 1437 455 1493 mnium
466 1431 564 1492 addit:
583 1457 597 1484 a
614 1429 749 1494 Noetiuni
761 1449 816 1494 neo
828 1433 972 1509 quidquid
979 1433 1102 1492 istorum
1110 1431 1193 1491 iutel-

107 1523 260 1605 luxerunt,
275 1535 362 1604 prout
370 1531 450 1611 ipsae
463 1528 629 1608 Scripturas
639 1533 785 1592 inscitiam
801 1547 902 1594 eorum
915 1530 1106 1607 redargututt,
1118 1545 1195 1606 orne

106 1626 309 1690 momontum
323 1627 448 1712 peritati
469 1627 612 1690 tribuunt.
632 1653 644 1680 ν
662 1628 706 1690 Ao
718 1629 806 1706 paulo
823 1635 901 1706 post,
913 1627 1019 1688 borum
1038 1627 1194 1692 verborum

107 1738 228 1782 sensum
250 1725 376 1801 explieat
389 1725 488 1786 dicens
500 1743 508 1784 τ
527 1750 540 1778 ι
560 1726 649 1788 uerte
663 1729 742 1786 enim
754 1725 858 1786 dieunt
875 1725 1056 1803 Scripturas,
1068 1725 1120 1784 sed
1133 1725 1194 1786 ulte

108 1819 219 1882 Noetus
240 1823 387 1900 intelligit.
401 1849 414 1874 »
427 1824 472 1884 Ex
487 1823 534 1886 his
550 1823 646 1884 vorbis
664 1823 723 1886 duo
742 1830 915 1902 argumenta
934 1823 1084 1900 pronubis
1102 1829 1192 1884 stem.

108 1917 244 1980 Primum
266 1920 334 1980 libri
352 1919 468 1982 Berurb
493 1922 676 1984 divinitatem
695 1939 755 1983 non
779 1924 889 2000 respuit
911 1929 1014 1985 eontra
1036 1921 1195 1982 hoeretleos

109 2015 303 2096 Hippolytus,
325 2020 376 2078 sed
394 2020 517 2080 libenter
536 2035 572 2080 oo
586 2024 653 2096 jure
672 2021 787 2096 ooeipit.
804 2019 938 2081 Alterum
957 2035 994 2078 ex
1010 2017 1107 2076 verbis
1130 2016 1196 2078 bue·

108 2115 267 2174 retioorum
282 2119 429 2196 exsurgit,
449 2120 502 2196 qui
515 2117 554 2178 ud
577 2119 707 2194 ipsorum
725 2133 838 2186 errores
862 2115 1021 2178 firmandos
1039 2117 1115 2174 inter
1137 2114 1197 2172 olio

109 2211 212 2274 divina
230 2215 345 2292 eloqrrie
362 2217 400 2276 nd
420 2217 527 2280 librum
549 2216 666 2279 Brruob
683 2221 846 2277 recurrunt.

147 2313 179 2388 S.
191 2314 230 2374 V.
249 2313 410 2394 Arnobius,
418 2319 505 2376 tertio
512 2323 636 2378 exeunte
649 2315 777 2392 wooruo,
786 2313 1048 2378 seribebetlletbor
1057 2314 1087 2371 in
1096 2310 1197 2372 lirion

110 2411 227 2490 clarus,
248 2429 283 2472 ne
295 2421 397 2490 postea
408 2413 523 2476 Christo
536 2415 606 2474 Jesu
621 2413 742 2474 indubio
755 2414 866 2475 Romae
880 2412 989 2474 dooub.
1009 2410 1053 2472 lte
1064 2409 1126 2471 Deo
1137 2425 1196 2470 uno

111 2514 139 2566 et
152 2511 234 2568 trino
253 2509 333 2570 illius
354 2510 477 2572 habetur
496 2511 665 2588 conflictus,
683 2528 751 2572 oum
770 2510 940 2586 Serapione,
958 2512 989 2568 in
1004 2524 1062 2584 quo
1079 2506 1197 2582 Sapien-

110 2609 169 2668 tiae
184 2607 254 2668 libri
270 2607 307 2685 li)
323 2608 414 2670 verbe
435 2612 478 2670 sic
499 2611 632 2686 exponit:
652 2633 665 2662 o
682 2611 759 2684 Quin
778 2611 809 2668 in
828 2607 976 2674 sordidum
990 2609 1120 2668 mimam
1137 2621 1198 2665 non

111 2704 245 2764 introibit
260 2705 508 2785 Sapienttaneque
527 2707 671 2770 habitabit
689 2710 722 2768 ln
744 2723 864 2784 oorpore
882 2706 999 2766 subdito
1023 2705 1160 2780 peooutls.
1179 2727 1192 2754 υ

113 2801 192 2863 Alibi
204 2804 341 2866 eumdem
354 2805 462 2871 librum
475 2809 593 2884 appetit:
613 2831 626 2858 «ι
644 2805 768 2882 Spiritus
783 2807 862 2865 enlm
877 2804 1000 2866 Sanetus
1015 2801 1136 2880 effugiet
1152 2799 1196 2860 oi-

114 2901 256 2978 sciplinse
272 2902 383 2964 bomin.
404 2929 417 2958 l
1249 2899 1253 2906 '

151 3000 249 3076 Hujus
260 2997 382 3061 Arnobii
393 3003 508 3079 seriptis
519 3002 635 3062 additur
643 3003 676 3062 in
685 3001 818 3064 Psolmos
829 3000 1071 3062 oommenturium
1082 2997 1194 3076 (quon

114 3099 158 3158 uis
177 3096 326 3174 hocopus
343 3099 429 3158 alteri
443 3098 574 3162 Arnobio
590 3105 683 3162 estote
702 3099 854 3176 posteriori
865 3099 962 3174 potius
979 3094 1193 3169 adscribatur).

113 3193 146 3252 In
161 3194 220 3254 hoo
235 3197 344 3270 puriter
357 3197 493 3274 leguntur
506 3199 665 3258 sententiae
677 3213 714 3258 ex
723 3196 879 3272 seripturis
894 3193 1033 3254 Seoundis
1049 3196 1193 3268 sumptoe;

114 3300 199 3368 prout
221 3293 254 3352 in
275 3295 389 3370 psalmo
410 3303 481 3354 118:
500 3320 514 3346 «
532 3294 697 3364 Secundum
708 3295 791 3354 illam
805 3294 977 3355 sunoentiam
991 3291 1195 3350 Ecclesiastiol:

117 3390 172 3452 ·Si
183 3389 356 3469 reoorderls,
368 3395 464 3470 inquit
476 3392 514 3469 (2)
526 3395 689 3454 novissima
700 3398 753 3454 tun
766 3417 780 3444 r
797 3399 827 3452 et
843 3391 914 3452 elibi
927 3392 957 3448 in
967 3389 1112 3466 psalmum
1127 3395 1195 3448 119:

119 3487 177 3548 «Si
194 3490 288 3549 erodit
305 3490 359 3549 tibi
375 3507 444 3551 vere
466 3492 553 3551 aboi
566 3491 712 3568 Sapientia
731 3489 853 3552 dietum:
873 3489 910 3566 (3)
929 3488 1024 3550 -Gum
1044 3488 1198 3549 amesseris

118 3585 153 3646 ad
172 3588 345 3648 servitutem
357 3587 430 3664 Dei,
450 3595 495 3650 stu
507 3591 539 3650 in
552 3592 656 3652 timore
668 3594 698 3649 et
709 3593 895 3664 tremoro,st
915 3602 1056 3664 praepura
1070 3586 1200 3644 animum

117 3690 196 3744 brom
209 3684 249 3746 ed
264 3689 466 3746 tentationem.
485 3712 497 3738 u

154 3784 181 3859 S.
201 3784 256 3846 VI.
276 3785 371 3860 Hujus
387 3785 546 3862 discipulus
564 3785 734 3848 Lactantius
750 3799 830 3846 nuno
840 3785 938 3846 loeurn
953 3784 1072 3859 esolplt,
1082 3783 1134 3857 qui
1142 3781 1200 3841 llo

119 3897 181 3941 moe
194 3881 319 3942 dooebat
339 3883 394 3944 sub
410 3883 581 3944 Diocletiani
597 3889 627 3944 et
650 3883 832 3942 contantini
847 3883 980 3958 imperio.
1002 3881 1048 3940 Ex
1064 3880 1198 3956 plurimis

120 3983 231 4058 seriptis
249 3984 326 4057 suls,
348 3982 620 4058 (nonobstantibus
640 3983 787 4057 censuris,
806 3997 881 4056 quoe
898 3995 984 4057 super
1008 3979 1055 4038 his
1072 3983 1198 4038 stutume

121 4078 206 4156 luere)
217 4084 349 4159 exsurgit
357 4081 517 4142 Bibliorum
524 4081 716 4142 Deuterorum
729 4079 829 4140 divina
843 4081 1011 4140 auewrites.
1027 4076 1200 4136 Divinarum

150 4290 182 4352 ll)
197 4293 253 4354 Sep.
264 4305 287 4342 o.
300 4295 319 4356 l.
333 4319 364 4332 -
374 4293 410 4356 (2)
426 4295 491 4344 leot.
504 4307 526 4344 o.
544 4295 586 4344 vl.
609 4297 646 4345 lu.
660 4317 690 4330 -
700 4291 735 4356 (t)
750 4291 816 4341 licet.
828 4303 849 4340 o.
863 4291 894 4340 ll.
910 4297 930 4339 r.
977 4319 983 4326 -·
