2964 5174
520 329 560 344 -··
583 308 635 358 tii

100 415 158 492 luit,
176 422 205 476 ut
217 430 253 476 ex
265 413 344 476 iliius
359 415 489 474 credone
506 419 683 494 panegyrica
700 417 817 476 latetur.
835 416 866 476 Si
879 433 915 476 ex
932 418 988 479 hoe
1005 421 1148 496 conJ'ieere

98 513 198 574 selinus
213 519 319 590 quanta
339 514 510 572 auctoritate
527 512 680 572 donaverit
699 511 998 575 heutua-canonicas
1018 515 1146 593 Scriptu-

96 627 148 686 ras,
164 609 288 688 Origenis
305 613 394 688 ipsius
409 611 573 670 doctrinam
591 611 628 670 ob
646 610 745 671 oculos
759 610 918 689 habuistis,
936 630 952 672 e
969 629 1028 690 qna
1040 613 1147 674 biblio·

39 695 40 708 ¹
95 726 145 768 rum
164 709 347 770 Deuterorum
373 710 511 769 divinitas
536 710 614 769 clare
636 716 724 786 patet.
751 709 886 770 Profecto
908 713 934 770 is
954 712 986 769 in
1006 727 1060 772 sua
1079 711 1146 772 ildei

94 809 249 884 expositione
265 807 321 868 hoo
345 808 432 868 modo
451 809 487 867 de
512 807 586 866 libro
612 808 728 867 Baruch
750 811 853 885 sentit,
872 824 937 884 cap.
962 825 1023 866 xrr.
1044 809 1149 864 «Ἀλλά

93 905 211 962 πὶστευσαι
235 907 273 960 δεῖ
288 905 326 961 ὅτι
341 906 354 960 o'
372 905 427 969 alro'c
452 908 497 960 τοῦ
517 907 583 960 Θεοῦ
600 905 700 977 ἐγένετο
721 904 853 977 ἅνθρωπος
869 908 937 960 κατά
962 908 1008 970 τοὶς
1032 906 1147 980 γραφεὶς·

91 1000 125 1054 καὶ
143 997 178 1052 ὅτι
199 997 239 1052 ἕπε’
261 1000 306 1060 τῆς
322 999 370 1068 γῆς
392 995 477 1070 ὤφθη,
492 999 536 1051 καί
558 1001 613 1058 τοῖς
630 995 772 1069 ἀνθρώποις
796 998 991 1070 συνανεστραὶφη
1015 998 1083 1050 κατὰ
1098 997 1145 1059 ταὶς

89 1089 191 1164 ,papia
205 1090 225 1147 i.
250 1107 276 1148 e.
297 1087 354 1149 Sed
372 1085 487 1148 credere
504 1093 631 1165 oportet,
653 1091 791 1166 quoniam
811 1087 902 1148 Filius
917 1088 972 1148 Dei
990 1087 1085 1148 factus
1104 1093 1148 1146 est

91 1185 163 1244 bomo
181 1187 338 1245 secundum
355 1185 536 1262 Scripturas3
558 1191 587 1245 et
609 1189 748 1262 quoniam
767 1203 853 1263 super
872 1192 979 1246 terram
999 1187 1080 1244 visus
1093 1189 1148 1259 est,

88 1289 111 1342 at
126 1299 185 1342 cum
202 1282 369 1343 hominibus
385 1289 572 1342 conversatus
586 1287 674 1359 juxta
692 1279 892 1359 Scripturas.»
915 1285 951 1343 In
971 1281 1147 1359 metaphrasi

88 1377 254 1439 Ecclaiastes
272 1397 289 1438 e
304 1378 406 1440 Sirach
421 1379 497 1439 libro
515 1381 608 1440 multa
625 1377 745 1458 colligit.
768 1381 804 1440 In
824 1381 881 1440 ilne
901 1382 1041 1441 orationis
1060 1394 1148 1464 pane·

87 1479 188 1553 gyricae
201 1478 335 1556 OrigenIs
352 1475 460 1537 Tobiae
482 1477 572 1538 verba
588 1479 685 1538 adsuit
709 1481 750 1538 sic
766 1486 917 1554 precatus:
937 1478 1021 1538 «Ora
1034 1483 1068 1536 ut
1082 1491 1149 1534 con-

87 1574 239 1634 solationem
254 1576 382 1652 aliquam
398 1575 434 1635 ab
452 1593 485 1635 eo
499 1578 659 1653 capiamus,
674 1577 791 1655 quando
806 1593 824 1636 a
838 1582 868 1636 te
884 1577 1083 1650 destituImur3
1097 1573 1149 1631 du·

87 1675 237 1750 ciuemque
256 1672 367 1732 bonum
384 1675 481 1732 mittat
498 1675 632 1734 comitem
649 1673 804 1752 Angelum.
821 1699 832 1724 r

115 1767 139 1842 S.
159 1769 236 1830 VIII.
261 1769 428 1830 Methodius
457 1771 529 1849 Tyri
557 1775 708 1848 episcopus
733 1789 810 1832 anno
835 1771 942 1831 Christi
962 1779 1031 1830 2³0.
1056 1766 1148 1826 multa

85 1867 199 1943 scripsit,
220 1885 236 1926 e
256 1868 364 1944 quihus
383 1879 477 1944 pauca
497 1876 598 1928 nostra
619 1867 757 1948 leguntur
781 1876 884 1930 aetate.
906 1869 942 1928 In
962 1882 1094 1927 sermone
1112 1865 1148 1923 de

84 1963 301 2042 sanctaDeipara
317 1965 355 2042 (1)
371 1971 482 2025 veteres
492 1963 660 2043 ¹Scripturas
671 1967 809 2026 Deuteras
821 1969 853 2024 in
862 1965 1017 2024 verborum
1030 1979 1149 2022 suorum

84 2062 270 2122 isstlmonium
294 2063 404 2140 deligit.
425 2061 543 2123 Baruch
569 2066 695 2140 primurn
718 2067 760 2122 sic
785 2065 936 2139 praevenit
951 2061 987 2120 de
1003 2061 1146 2136 Virgine:

86 2157 143 2218 «Ut
160 2160 363 2220 celeberrImus
389 2162 516 2238 quodam
540 2161 604 2221 loco
628 2161 773 2238 Propheta
788 2161 826 2237 (t)
846 2163 903 2235 ait,
924 2175 1013 2236 quam
1031 2172 1149 2233 prorsus

83 2255 368 2334 lncomprehensibilis
389 2262 449 2335 sis,
463 2276 518 2318 nos
531 2259 680 2319 erudiens:
697 2291 709 2302 ·
723 2260 817 2332 Quam
831 2273 957 2334 magna,
971 2257 1086 2332 inquit,
1101 2254 1150 2314 do

83 2369 137 2414 mus
150 2355 222 2433 Du',
241 2363 273 2416 et
287 2361 389 2436 ingens
407 2359 488 2418 locus
504 2360 693 2435 possessionis
710 2360 793 2434 ejus,
807 2371 932 2434 magnus
945 2361 975 2414 et
988 2352 1150 2414 nonhabet

82 2451 177 2530 ilnem,
208 2454 344 2516 sublhnis
372 2462 459 2532 atque
489 2459 683 2515 immensus.»
704 2455 796 2516 Paulo
818 2460 884 2532 post
905 2453 944 2514 ad
970 2452 1150 2512 Ecclesiasti-

84 2565 140 2608 cum
155 2551 191 2627 (a)
208 2556 366 2614 revertitur
383 2554 498 2612 dicens:
518 2554 655 2614 «sumus
672 2561 770 2614 autem
789 2555 850 2612 irae
864 2555 982 2630 signum
999 2557 1086 2626 atque
1103 2565 1150 2608 ar·

81 2655 258 2726 gumentum,
281 2653 357 2711 sicut
372 2654 513 2729 scriptum
539 2659 601 2712 est:
622 2684 635 2697 ·
652 2653 688 2711 ln
702 2658 787 2728 genta
810 2651 973 2710 incredibili
989 2648 1152 2708 exardescit

80 2745 184 2820 igniszo
206 2748 251 2808 Dc
273 2750 493 2810 Resurrectione
511 2749 689 2826 Sapientiam
702 2750 740 2826 (4)
756 2749 820 2808 adit
836 2749 1023 2808 exclamans:
1044 2771 1056 2798 ιι
1072 2743 1152 2820 Opus

78 2849 115 2902 est
132 2848 226 2924 enim,
241 2853 278 2908 ui
290 2847 350 2906 Deo
367 2849 544 2908 immortaha
559 2863 666 2924 genera
680 2849 780 2907 omnia
792 2853 1010 2907 conserventur.
1032 2845 1152 2904 Immor-

78 2939 136 2998 talis
152 2949 251 3002 autem
265 2943 369 3004 homo:
380 2975 392 2989 ·
402 2944 518 3004 creavit
532 2947 609 3006 enim
622 2944 711 3021 Deus,
729 2946 824 3021 lnqult
836 2943 993 3021 Sapientia,
1003 2941 1152 3000 hominem

77 3035 354 3118 ininmrortalitate,
378 3049 407 3102 et
435 3044 466 3100 in
494 3045 652 3120 imaginem
676 3044 853 3101 aeternitatis
872 3057 942 3101 suae
957 3040 1155 3100 fachinam.»

78 3135 204 3200 Sermone
222 3144 255 3200 in
273 3141 382 3200 Remos
403 3141 574 3202 Palmarum
593 3141 629 3200 de
646 3139 801 3215 Susanna,
822 3140 942 3199 Dantele
960 3143 1048 3214 teste,
1063 3137 1152 3198 verba

79 3237 181 3297 retulit:
202 3264 214 3290 «ι
227 3237 314 3298 Nova
323 3245 352 3298 at
367 3239 448 3299 rudis
467 3246 546 3300 aetas
559 3239 620 3298 Deo
639 3240 743 3298 cecinit
764 3235 896 3296 laudem:
913 3235 1153 3310 -Inveteraiique

78 3334 212 3395 malorum
232 3336 385 3397 dierum.»
404 3337 460 3398 Hic
478 3353 593 3414 quoque
611 3352 727 3396 censere
740 3340 828 3411 juvat
851 3335 887 3394 de
912 3334 1033 3399 ecelesia
1057 3331 1152 3392 hiero-

77 3431 249 3509 solymitana
268 3433 410 3511 quidquid
436 3433 521 3494 nobis
544 3434 666 3494 tradidit
687 3433 827 3494 Eusebius
841 3432 879 3508 (5)
895 3430 1043 3490 celebrans
1076 3429 1153 3488 Pan·

77 3531 167 3606 taeni,
196 3536 227 3589 et
254 3530 409 3592 Clementis
427 3531 610 3590 alexandrini
629 3531 813 3606 doctrinam,
832 3545 867 3590 ac
885 3529 1077 3588 sanctitatem.
1100 3527 1154 3586 llis

76 3623 182 3688 duobus
196 3631 289 3704 viris,
299 3629 390 3706 dicit,
405 3629 603 3690 iamhiaritate
616 3643 687 3689 usus
701 3634 747 3688 est
758 3627 923 3690 Alexander
940 3623 1154 3702 Hierosolymo·

77 3737 136 3782 rum
158 3728 321 3802 episcopus.
343 3727 386 3788 De
405 3727 552 3788 Clemente
568 3743 639 3788 vero
658 3727 787 3788 scrIbens
806 3725 972 3803 Alexander
990 3724 1030 3784 ad
1049 3722 1152 3800 Orige-

76 3835 137 3880 nem
152 3825 196 3882 ait
212 3823 391 3884 Clementem
408 3825 464 3884 sibi
482 3825 608 3886 multum
625 3824 844 3900 commodasse,
866 3841 904 3883 ex
924 3840 982 3901 qua
1002 3827 1154 3882 consuetu·

76 3915 158 3996 dine,
180 3927 261 3982 etex
280 3923 351 4000 illa,
366 3939 455 4000 quam
473 3923 576 3983 habult
593 3928 660 3999 post
671 3923 828 3983 Clementis
843 3923 955 3984 obitum
973 3937 1041 3980 cum
1054 3919 1155 3980 eodem

100 4163 132 4228 (t)
150 4167 251 4218 Bibliot.
262 4171 328 4220 Patr.
342 4195 372 4208 -
383 4169 417 4232 (2)
429 4171 525 4220 Baruch
546 4183 568 4220 e.
577 4169 620 4219 ΙΙΙ.
634 4172 672 4221 at.
684 4191 713 4210 ··
737 4169 771 4232 (t)
781 4169 846 4220 Eccl.
865 4182 887 4219 c.
901 4170 965 4220 xvi.
978 4172 1001 4216 7.
1014 4191 1044 4204 -
1054 4166 1088 4230 (t)
1098 4167 1154 4228 Sap.

62 4257 96 4322 ‘a
108 4249 137 4296 ii.
151 4256 189 4298 aa.
202 4277 234 4290 -
245 4251 278 4313 (5)
292 4252 355 4302 iliat.
367 4253 432 4304 Eocl.
444 4252 485 4303 lib.
499 4255 541 4302 vi.
554 4265 575 4303 c.
588 4253 620 4304 11.
