3086 5182
530 349 711 402 -iitu

85 453 132 516 soi
148 456 179 515 ln
196 454 270 516 alius
285 459 466 533 oonjeumras
481 459 603 534 transit,
619 473 695 536 qnae
712 457 829 536 nmium
845 473 950 536 parurn
966 463 1161 541 musiaoinnt,

85 553 153 614 dum
170 569 187 614 e
202 559 315 633 conhu,
331 554 388 616 huo
402 555 606 633 explanatione
623 571 724 618 omnes
741 555 853 635 figurae
866 557 1068 620 beneventani.
1090 561 1162 622 Vni·

88 658 133 712 tus
155 653 232 712 enim
254 653 416 729 Prophetae
435 654 574 716 Hubueuc
596 672 663 716 eum
677 657 804 716 ounbtro
825 672 952 734 panum,
968 660 1085 734 respicit
1103 658 1163 719 Du·

84 749 186 808 niuem
202 750 235 808 in
251 747 317 810 lucu
333 750 451 812 ieonum
468 754 575 829 utum,
585 758 668 830 ciuus
686 753 826 816 luteribus
843 755 962 816 adsum
974 755 1072 816 leones
1088 756 1160 834 duo,

84 847 125 906 uti
149 844 222 906 bueo
245 846 407 909 colomam
433 864 470 908 ex
495 849 692 912 uddihonlbus
717 851 851 914 Deuterie
874 854 1006 931 ejusdem
1030 853 1161 918 Danielis

85 944 202 1006 dicentis
222 943 282 1023 (ils
309 947 393 1021 «Qui
410 949 552 1008 anserum
566 965 634 1010 eum
651 951 683 1010 in
696 949 794 1012 lacurn
806 951 925 1014 leonum
938 995 1038 1013 ......
1050 953 1088 1014 lit
1100 952 1160 1014 cla·

86 1051 174 1110 mavit
191 1048 330 1110 liuhucue
347 1048 464 1126 dicens,
483 1049 588 1110 Daniel
607 1066 690 1110 serve
706 1050 760 1112 Del
777 1053 875 1128 accipe
893 1051 1067 1128 prandium,
1083 1051 1164 1129 qnod

9 1191 12 1232 ,
86 1149 162 1208 misit
180 1146 233 1208 tibi
252 1147 373 1207 Deus.»
403 1147 440 1206 ut
458 1146 514 1208 hoc
538 1150 610 1208 sutis
630 1148 769 1224 probatur
794 1148 831 1208 ub
856 1149 956 1210 eodem
976 1149 1087 1210 Bottari
1111 1165 1163 1225 per

85 1247 162 1309 mind
182 1245 393 1322 sucophucnm
414 1251 530 1307 erutum
549 1261 639 1322 prope
657 1244 807 1308 melmun
821 1245 851 1310 S.
868 1245 1041 1334 Sabmiani.
1060 1246 1102 1323 (a)
1118 1245 1163 1306 lbi

85 1348 158 1408 enim
185 1347 232 1405 vir
256 1344 437 1406 cimbumus
463 1343 631 1405 observavit
656 1344 788 1404 eumdem
814 1344 1019 1422 sculpturam,
1046 1343 1164 1406 medem

88 1447 165 1504 viros
185 1443 439 1522 praesumentem,
460 1441 536 1504 idest
555 1443 722 1520 Danielem,
743 1448 773 1503 et
790 1442 929 1502 llubucnc
948 1457 1016 1502 oum
1036 1443 1164 1506 canistro

86 1559 118 1603 ao
137 1543 256 1618 leones,
276 1542 418 1620 equibus
438 1541 547 1620 ubsque
567 1540 656 1602 dubio
676 1541 724 1602 ille
744 1544 842 1618 arguit
860 1541 1009 1602 Danielem
1030 1557 1108 1618 esse,
1130 1545 1162 1602 in

9 1679 10 1684 κ
85 1645 148 1704 lucu
170 1641 286 1702 leonum
307 1644 413 1717 sitam,
431 1639 675 1718 quemadmodum
693 1642 819 1700 curratis
833 1643 864 1699 in
877 1639 1073 1704 adhuonibus
1088 1640 1162 1701 Deu-

85 1738 312 1800 tero-eanonicus
338 1739 468 1816 ejusdem
497 1738 657 1816 Prophetae
682 1738 817 1799 traditur.
847 1738 1039 1800 Conseruntur
1059 1738 1162 1800 ambue

9 1877 12 1886 ι
85 1839 268 1915 sumpturae,
290 1844 320 1899 et
341 1840 412 1898 satis
433 1839 498 1898 erit.

9 1977 10 1984 ι
123 1935 267 1997 Nummus
291 1952 406 2014 quoque
428 1949 534 1996 aeneus
553 1939 585 1996 in
609 1934 783 1998 bibliotheca
802 1939 937 1997 vahouna
955 1941 1087 1996 servatur
1103 1951 1163 1994 mu-

86 2041 195 2114 ximus,
216 2038 267 2114 qul
288 2035 422 2098 eumdem
441 2035 591 2097 Danielem
612 2053 679 2097 enm
697 2037 836 2097 Habaouc
854 2037 976 2114 profert,
997 2039 1041 2096 utl
1059 2036 1163 2096 auele·

12 2189 15 2203 ‚
80 2136 164 2196 bruto
186 2133 359 2214 uroheologo
381 2137 501 2196 oimtur.
526 2135 621 2196 Tantu
642 2152 729 2212 porro
752 2143 815 2196 erat
836 2135 914 2210 apud
936 2136 1071 2212 uniquus
1092 2148 1162 2209 erga
1247 2141 1261 2172 ’-
1275 2203 1288 2220 Η

81 2234 231 2296 Danielem
246 2236 409 2312 veneratio,
426 2241 459 2294 ut
474 2239 542 2294 ante
557 2233 674 2295 Eusebii
689 2250 794 2294 aevum
810 2231 1071 2308 Constantinopoli,
1085 2231 1163 2292 idem
1258 2275 1261 2294 .

9 2293 13 2412 ,Ι
80 2333 227 2410 Propheta
247 2348 313 2394 uere
326 2333 435 2394 monus
451 2331 546 2409 ioret,
567 2333 653 2392 sicuti
672 2335 697 2392 is
717 2332 872 2392 historicus
889 2331 925 2391 de
939 2331 1008 2392 Vita
1021 2329 1160 2390 Constan-

9 2427 10 2432 ’
80 2433 137 2492 tini
152 2432 191 2510 (u)
204 2435 345 2493 testatur:
365 2431 493 2495 «Videas
505 2433 594 2492 ειὶιιιιι
608 2431 722 2508 adhue,
736 2433 804 2492 licet
818 2430 897 2508 apud
909 2429 1004 2490 iontes
1016 2430 1049 2487 in
1062 2427 1159 2488 medlo

9 2597 13 2618 r
82 2529 147 2590 loro
168 2533 295 2609 positos,
317 2531 446 2594 Pastoris
465 2532 607 2608 praeclari
627 2531 772 2611 symbola,
793 2529 863 2607 illis,
878 2532 929 2608 qui
948 2528 1040 2588 saeris
1059 2526 1164 2587 litteris

9 2619 11 2636 ¹
80 2629 187 2690 emitti
211 2636 300 2707 sunt,
322 2632 393 2692 sutis
415 2632 554 2708 cognita3
575 2628 725 2690 Danielem
749 2645 864 2707 quoque
887 2645 955 2688 eum
977 2626 1109 2687 leonibus
1131 2626 1163 2684 in

81 2743 150 2788 aere
173 2730 298 2790 mosum
320 2731 440 2808 aurique
461 2729 579 2790 luminis
597 2729 855 2806 splendescentem.
876 2753 888 2779 o

122 2827 158 2888 ln
178 2827 290 2890 loribus
309 2831 406 2890 aeneis
424 2829 561 2890 ecolesma
577 2828 639 2890 dlvi
656 2827 881 2905 Pauli,llomue
896 2831 1093 2888 extramuros
1108 2823 1165 2884 suh

79 2923 274 2986 Commnhno
288 2925 398 3004 Magno
412 2925 579 2986 aedificatae
592 2930 640 3003 ,et
657 2927 757 3003 paucis
769 2925 808 2985 ab
820 2925 890 2984 hine
907 2927 993 2984 annis
1009 2925 1077 3000 igne
1095 2921 1164 2982 adu·

87 3029 168 3100 stne,
188 3023 371 3100 prominebat
391 3024 537 3102 Propheta
557 3025 704 3084 Hieremia
724 3041 791 3084 oum
810 3024 945 3099 Barucb,
971 3039 1006 3082 uc
1023 3022 1064 3082 ibi
1077 3020 1165 3097 hujus

9 3127 10 3130 ’
88 3119 211 3180 seeunrh
223 3122 362 3198 hscmpta
383 3127 465 3182 uani
484 3119 591 3181 verba:
619 3121 699 3180 «liic
716 3121 795 3182 Deus
812 3128 926 3197 noster,
946 3135 1006 3178 non
1024 3117 1167 3195 reputabi·

80 3219 231 3280 torellus
252 3221 289 3282 ud
309 3236 414 3280 uum.»

121 3317 278 3378 Praeterea
295 3321 327 3378 in
344 3319 490 3380 Ecclesiae
508 3319 658 3378 Romanae
678 3320 799 3378 vetustis
820 3318 1017 3391 monimentis,
1040 3311 1164 3374 hahetur

78 3431 190 3476 nomen
213 3414 383 3494 susannae,
406 3418 523 3478 cuidam
542 3416 655 3494 puellae
672 3417 795 3494 martyri
812 3420 1014 3490 nuncupatum
1030 3410 1085 3472 sub
1099 3425 1161 3471 sae·

77 3514 141 3572 culi
162 3530 216 3572 111.
238 3515 348 3594 lineum
370 3518 417 3578 cul
433 3516 524 3578 Divae
544 3515 726 3578 celebrantur
751 3514 892 3575 solemnia
919 3513 965 3572 die
996 3527 1042 3570 ιιι.
1065 3511 1167 3590 Angu-

75 3614 130 3672 sti.
154 3611 275 3674 Mentiri
292 3631 352 3674 non
378 3631 532 3691 possumus
550 3614 606 3674 hoo
632 3614 782 3676 susannae
806 3626 913 3671 nomen
937 3608 1168 3674 interohristia·

75 3726 135 3770 nos
155 3715 323 3788 pervenisse
344 3731 382 3774 ex
403 3712 689 3775 Deutero-Gunoniea
707 3710 836 3772 Danielis
856 3708 1026 3785 Scriptura3
1047 3722 1084 3766 ex
1104 3721 1163 3784 quo

72 3809 235 3877 fatendum
270 3816 325 3874 erit
355 3817 519 3890 primaevos
548 3812 659 3872 Romae
688 3808 888 3872 christifideles
914 3850 924 3885 ,
958 3808 1116 3886 genuinam
1137 3811 1167 3864 et

73 3927 186 3972 verum
207 3911 343 3972 hahuisse
364 3910 508 3970 hebraeae
530 3910 660 3970 mulieris
681 3908 845 3968 historiam.

117 4012 149 4088 S.
175 4010 228 4071 lIl.
251 4011 332 4084 Quae
354 4007 495 4070 hactenus
518 4009 619 4068 censui
642 4010 854 4082 monumenta,
881 4019 897 4062 e
919 4002 1066 4062 veteribus
1088 3999 1165 4059 chri·

136 4223 178 4288 (i)
188 4225 250 4276 Dur.
262 4237 285 4274 c.
298 4225 362 4276 lliv.
380 4230 417 4274 uu.
430 4249 460 4262 -
476 4221 511 4286 (i)
522 4221 613 4272 nourr.
625 4221 685 4270 tom¹
700 4221 733 4270 11.
746 4232 769 4282 p.
785 4225 823 4268 iii.
839 4215 899 4268 Tab.
913 4219 950 4266 ul.
967 4241 997 4254 -·
1009 4213 1043 4276 (u)
1059 4211 1162 4264 tihiil.

66 4321 94 4357 o.
115 4309 160 4356 tit.
