3086 5182
552 357 731 412 -tot-

106 469 214 530 absimi
227 466 389 530 Iliamialus
404 464 522 544 Nobili,
539 465 648 545 loseph
661 467 757 530 bieria
770 465 861 544 Caro,
875 473 904 528 et
913 466 1017 528 Petrus
1031 464 1182 530 sabbatier

104 567 216 628 ordinis
241 582 266 628 s.
296 565 466 643 Benedicti,
495 568 547 644 qut
568 582 684 639 summo
710 567 807 630 studio
835 567 965 644 publicas
993 566 1183 630 bibliothecas

104 666 289 742 perscrutati,
310 663 436 741 plurima
455 671 595 726 notarum
611 667 811 742 manuscripta
826 667 962 742 antiquae
975 665 1075 726 Italae.
1092 665 1183 738 Quot·

103 769 176 839 quot
200 778 270 824 vero
293 763 424 824 invenire
443 765 591 840 patrarint
616 761 729 829 mdiess
748 762 826 824 iliius
847 764 1059 831 venustissimae
1074 762 1184 826 latinae

104 860 262 935 undonis,
278 861 340 920 sive
357 860 507 941 integros,
523 863 586 920 sive
599 876 736 937 mancos,
753 876 853 922 omnes
866 859 1029 937 Scripturas
1041 859 1182 923 Deuteras

102 956 334 1036 praeseferebant
342 956 597 1020 Prota-Canonicis
611 959 753 1038 insamae,
765 963 795 1022 at
804 960 988 1036 potissimum
1001 957 1179 1020 additamen-

106 1061 138 1116 ta
154 1054 282 1116 Danielis
293 1054 450 1132 ,.Estber,
471 1061 500 1116 et
518 1053 635 1121 Baruch
654 1071 722 1124 eam
741 1055 909 1132 Hieremia,
936 1056 1092 1132 micatque
1109 1055 1184 1118 libro

104 1155 243 1230 nscupte
255 1155 315 1230 ita,
334 1161 369 1214 ut
381 1169 473 1215 unum
489 1157 697 1215 constituerent
712 1155 867 1231 volumem
885 1168 924 1216 ac
940 1155 981 1214 ita
998 1169 1077 1216 nanc
1096 1152 1185 1216 habet

103 1251 233 1314 Ecclesia
251 1251 400 1314 Catholiea
415 1255 447 1312 in
466 1251 587 1314 Daniele
607 1258 639 1312 et
657 1251 773 1313 Esther.
810 1305 813 1313 .

145 1349 231 1423 Quod
252 1365 323 1410 vero
344 1349 462 1426 respicit
476 1365 585 1409 novam
600 1349 722 1410 laturam
739 1349 895 1412 editionem
907 1348 1068 1412 bibliorum
1081 1367 1100 1412 a
1112 1349 1181 1414 ilie·

103 1461 228 1525 ronymo
238 1461 275 1510 ea
288 1445 413 1508 hebraeo
431 1445 589 1508 condamm
601 1446 668 1522 (bic
680 1449 814 1524 expensis
827 1447 923 1509 solum
939 1450 1067 1526 andquis
1077 1448 1182 1510 mdci-

103 1543 179 1621 bus)
200 1544 389 1606 blanchinius
410 1547 471 1606 suis
494 1546 526 1604 in
545 1545 688 1606 vindiciis
711 1547 854 1624 Vulgaiee
873 1546 1035 1623 Editionls,
1055 1546 1184 1610 codicem

103 1643 214 1722 proiert
237 1642 411 1706 Prisianum
433 1649 652 1722 nuncupatum,
673 1651 702 1706 et
724 1645 827 1706 litteris
845 1644 968 1723 gotldcis
985 1645 1183 1724 descriptum,

17 1807 18 1818 ,
103 1740 220 1802 saeculo
244 1742 352 1804 curuo
373 1747 498 1820 octavo,
518 1742 613 1820 inquit
630 1741 774 1804 Mariana.
791 1742 900 1804 Census
914 1741 1027 1805 otardo
1044 1741 1184 1804 librorum

17 1879 18 1918 ᾗ
104 1842 210 1902 veteris
233 1840 411 1904 Testamenti
435 1843 478 1903 ita
502 1844 705 1919 componitur,
726 1847 760 1904 ut
786 1841 853 1904 libri
875 1842 1116 1904 Proto-camum
1139 1841 1184 1902 di·

17 2015 18 2020 ¹
103 1944 276 2000 scemenum
301 1955 320 2000 a
344 1939 646 2002 aeuum-umorue.
673 1941 783 2002 Psalmi
807 1941 848 2002 ibi
875 1941 1078 2002 describuntur
1097 1943 1185 2018 Juxta

102 2036 234 2116 desdam
258 2036 430 2116 Hieronymi
453 2038 743 2115 mansiaticum-et
763 2038 943 2100 desideratur
963 2037 1037 2099 iiber
1053 2036 1180 2098 Burob.

17 2177 19 2218 ,
103 2135 134 2196 is
161 2134 256 2196 eaden
281 2134 467 2214 apographus
494 2136 620 2198 creditur
648 2136 751 2212 illins,
781 2153 869 2214 quem
892 2136 1032 2198 Lucinius
1055 2134 1184 2196 baeticus

102 2237 214 2314 aceepit
234 2251 253 2296 a
272 2234 342 2296 divo
366 2234 571 2314 hieronymo,
592 2242 679 2311 prout
697 2237 809 2298 eruitur
835 2251 873 2298 ex
895 2234 983 2313 hujus
1004 2233 1126 2311 epistola
1145 2231 1183 2296 ad

17 2377 19 2412 ,
103 2331 238 2394 eumdem
254 2331 409 2392 Lucinium
428 2335 546 2409 scripta.
566 2330 664 2392 Codex
681 2331 754 2392 alter
771 2330 840 2392 huie
859 2331 1025 2392 simillimus
1043 2336 1182 2392 serenum

17 2459 18 2510 ,
101 2425 226 2512 i'arisiis
245 2431 278 2490 in
291 2429 471 2492 bibliotheca
487 2432 682 2508 memmiana,
695 2429 879 2507 Theodulpbi
892 2431 1019 2508 episcopi
1034 2445 1106 2492 oure
1126 2427 1184 2506 (nit

17 2569 18 2614 3
90 2523 251 2612 ,sirmondi
269 2534 311 2590 to.
330 2545 374 2589 ur.
396 2547 427 2606 p.
447 2529 558 2606 toto.)
580 2535 716 2592 exaratus
739 2531 817 2593 eirca
836 2529 874 2592 Α.
896 2529 929 2592 C.
953 2535 1023 2590 iio.
1052 2528 1184 2602 Quatuor

103 2625 221 2686 ordines
246 2626 388 2690 librortun
411 2631 518 2690 veteris
536 2628 714 2700 aeranem
733 2628 957 2705 inscribuntur,
979 2642 1105 2707 quorum
1125 2633 1184 2688 tres

104 2723 452 2788 hebraeorumGanonem
464 2725 722 2802 comprehendunt.
732 2726 861 2801 Quartus
873 2742 944 2789 vero
958 2726 1085 2807 reliquos
1093 2725 1184 2788 libros

101 2823 243 2886 Deuteros
264 2825 343 2901 capit
363 2823 402 2884 ab
419 2823 552 2886 hebraeis
572 2823 653 2886 haud
672 2831 822 2902 receptes:
849 2823 1115 2888 «Emlestataaren
1131 2822 1185 2886 liet

104 2920 231 2998 (dictim
249 2923 309 3001 itii
331 2925 407 2986 inter
427 2924 544 2989 didnas
564 2923 728 3002 Scripturas
750 2930 780 2986 et
799 2923 925 2986 honorat
946 2928 977 2984 et
994 2921 1154 3000 praediem.
1166 2945 1180 2974 »

103 3019 141 3082 in
157 3019 215 3082 hoe
231 3020 330 3084 eadee
347 3021 520 3084 munaum
536 3024 625 3099 Juxta
643 3022 815 3100 Htuunymi
830 3022 996 3084 aurianam
1017 3019 1140 3099 iegitur,
1152 3023 1184 3082 et

103 3117 221 3180 Barnch
237 3118 316 3180 iiber
343 3118 435 3182 abest.

142 3215 242 3278 Codex
268 3217 344 3282 allus
371 3223 515 3280 vetustate
538 3220 832 3295 praestantissimus,
861 3217 983 3280 latinam
1011 3216 1183 3293 hieronymi

103 3316 268 3376 versionem
289 3315 442 3394 praebens,
460 3321 542 3378 extat
557 3318 589 3377 tn
607 3315 782 3378 bibliothece
801 3315 1122 3391 medico-laurentiana,
1143 3312 1185 3373 di·

104 3417 173 3474 cius
186 3411 291 3474 Biblie
309 3413 462 3476 matina
481 3431 519 3476 ex
532 3414 761 3476 monteamiato
776 3416 809 3473 tn
827 3429 899 3492 agro
916 3413 1032 3473 senensi
1049 3409 1116 3487 (ubi
1128 3411 1185 3487 pri·

102 3527 187 3572 mum
203 3512 456 3596 benedictinorum
466 3511 570 3574 ddude
583 3512 817 3574 cisterciensium
828 3509 905 3572 ,ordo
922 3509 1091 3587 institutas)
1108 3509 1186 3570 unde

103 3607 286 3670 Florentiam
303 3609 464 3672 transistus
480 3617 536 3672 est.
554 3610 600 3672 lie
613 3611 669 3672 boc
690 3609 788 3672 codice
806 3609 946 3670 disseruit
963 3607 1093 3686 Angelus
1107 3607 1183 3670 ilar.

102 3705 231 3768 Bandini
245 3710 363 3786 speciali
377 3709 589 3788 disquisitione.
606 3711 698 3772 Prout
713 3708 819 3788 iegitur
838 3711 871 3768 in
887 3707 975 3785 umus
992 3705 1185 3784 praefatione,

101 3807 230 3882 scriptus
251 3805 308 3868 tuit
328 3804 510 3870 aServando
527 3823 635 3870 coaevo
652 3814 683 3868 et
701 3807 844 3885 discipulo
863 3804 1054 3868 alienedieti.
1070 3802 1184 3866 claruit

102 3919 131 3962 s.
153 3902 326 3966 Metus
342 3907 460 3968 ineunte
479 3906 595 3968 saeculo
614 3913 707 3970 sexto
731 3906 795 3966 linc
812 3907 1043 3981 manuscriptum
1059 3901 1186 3964 Servan-

100 3999 161 4062 dus
178 4001 256 4062 idenr
276 4002 382 4066 obtulit
404 4020 429 4064 a.
453 4003 594 4082 Gregorio
615 4002 745 4081 pontifici
766 4019 791 4064 ι.
813 4019 830 4064 e
849 4018 907 4080 quo
929 4002 1053 4064 tortasse
1074 4000 1185 4060 iactam

101 4103 171 4175 est,
191 4105 224 4160 ut
250 4100 325 4162 illud
347 4117 437 4162 manu
463 4101 593 4179 ejusdem
611 4099 757 4178 pontilicis
781 4101 924 4162 diceretur
943 4104 1106 4160 exaramm.
1129 4097 1186 4156 ilic

100 4195 197 4256 codex
227 4199 345 4276 insuper
369 4200 495 4260 Romam
522 4199 628 4260 allatus
655 4205 728 4275 est,
758 4214 792 4260 ac
815 4215 874 4275 eo,
905 4200 980 4258 iuter
1009 4196 1108 4271 alios,
1136 4195 1183 4254 usi

101 4298 194 4371 sunt,
222 4298 273 4372 qui
298 4303 411 4358 textum
436 4295 651 4374 scripturarum
681 4297 907 4360 emendatiorem
932 4297 1072 4356 curarunt
1094 4295 1183 4368 juxta
