3086 5182
540 417 581 428 ...
602 393 638 444 35
659 415 699 430 -

92 503 182 580 perio,
207 507 237 560 et
256 499 388 566 nonnulli
414 499 502 562 duces
526 515 595 560 suos
618 493 803 576 praemisisse
825 505 979 576 esserunt,
1001 498 1052 558 alii
1083 499 1166 560 illurn

92 601 177 677 ipsum
196 601 356 674 suscepisse
367 595 471 658 deiude
493 596 548 658 hoc
566 597 674 657 ballum
690 603 767 674 tum,
785 612 853 656 cum
872 597 978 656 dicitur
995 599 1112 660 uenisse
1134 600 1166 658 in

93 697 260 775 iegptnm
280 697 360 756 liaeo
378 695 537 772 explanata
553 693 727 756 difficillima
742 701 828 771 sunt,
843 694 987 772 siquidem
1004 697 1085 756 citati
1097 699 1167 756 scri·

13 817 14 852 i
90 801 178 872 ptores
197 795 337 854 vivebant
355 793 444 872 longo
464 801 607 855 annorum
627 795 743 870 spatio,
765 809 803 852 ax
822 808 881 869 quo
896 793 969 852 irasc
987 792 1066 854 iacta
1079 800 1165 872 sunt;

13 915 15 954 i
89 908 122 953 ac
137 891 202 954 inda
230 893 268 952 iis
286 891 433 952 erroribus
456 889 600 966 obnoxii,
626 892 657 948 in
674 905 748 968 quos
767 889 806 949 ob
827 905 929 968 eorum
956 889 1168 954 distendunt

90 990 166 1067 loco,
186 989 238 1052 ubi
256 990 331 1052 haec
349 987 536 1065 malderum,
558 987 687 1050 studium
706 989 856 1064 partium,
877 994 1044 1066 eapropter
1059 991 1167 1050 mixtas

88 1088 422 1166 tradidoneshominum‚
431 1105 484 1150 seu
496 1088 577 1150 haud
586 1093 722 1150 accurate
730 1087 864 1165 namus,
877 1087 1031 1166 pluresque
1041 1087 1081 1175 ob
1093 1089 1168 1150 alias

13 1203 14 1208 ¹
88 1189 162 1250 viem
179 1187 237 1248 illis
258 1187 400 1250 mutunus
419 1177 751 1262 inserias,'saepisslme
772 1184 957 1248 offenderunt
974 1201 1072 1246 rerum
1083 1193 1166 1248 vetu-

88 1290 194 1344 stemm
213 1284 354 1344 historici.
375 1283 466 1344 Nobis
487 1285 598 1343 interea
617 1282 745 1342 sufficiat
758 1282 828 1342 hinc
840 1282 955 1344 indeex
972 1287 1167 1344 monumentis

88 1385 160 1442 circs
168 1382 255 1459 hujus
266 1373 340 1444 Ochi
351 1387 432 1459 geste
441 1381 551 1458 ailquid
562 1371 717 1442 'decernere
732 1377 884 1443 affinitatis
904 1397 1005 1443 saonae
1014 1380 1163 1442 historiae.

125 1479 150 1555 s.
171 1479 238 1540 iiii.
259 1479 312 1540 iiis
329 1482 428 1556 itaque
449 1478 601 1556 monetis,
624 1494 700 1556 quae
723 1478 762 1538 ad
785 1477 859 1540 Ochi
885 1484 1010 1540 aetutem
1036 1485 1166 1555 spectare

89 1577 269 1655 videbantur,
293 1578 473 1655 argumentis
487 1577 641 1652 sumptise
658 1591 743 1636 sacra
756 1581 786 1636 et
802 1575 926 1652 profana
943 1575 1082 1654 historia,
1100 1593 1165 1653 per·

87 1677 220 1752 aidanus
240 1677 368 1752 puriter,
391 1675 472 1736 nullo
492 1675 602 1734 detenti
620 1673 809 1750 mundns,
832 1680 897 1734 rata
910 1690 941 1734 se
962 1674 1063 1734 heberi
1076 1675 1166 1750 uerba

13 1759 15 1800 f
86 1774 176 1836 diuini
197 1775 347 1850 scriptoris
366 1775 445 1833 circe
473 1772 713 1849 tranquillitatem
737 1773 836 1849 popuii
858 1771 948 1832 israel
968 1778 1082 1833 anteat
1100 1781 1166 1850 post

85 1871 192 1934 obitum
209 1872 297 1950 hup'us
314 1871 410 1934 clerae
422 1871 562 1932 mulieris.
584 1871 733 1948 Scriptura
749 1873 810 1931 aito
836 1871 961 1932 «iudith
974 1872 1090 1934 vixisse
1101 1887 1166 1932 cen·

13 2009 14 2048 t
84 1975 146 2033 tum
169 1975 199 2030 et
222 1971 350 2046 quinque
378 1985 491 2045 annos,
519 1971 657 2048 omnique
679 1971 773 2046 spatio
793 1971 872 2028 vitae
891 1972 954 2046 ejus
973 1951 1033 2027 non
1054 1968 1163 2046 fuisse,

84 2069 133 2144 qni
150 2067 333 2144 penurteret
350 2067 460 2143 lsrael,
482 2073 597 2144 etpost
617 2073 742 2126 mortam
767 2070 830 2144 ejus
856 2069 943 2126 annis
964 2066 1076 2127 multis.
1095 2091 1108 2118 o
1128 2067 1165 2128 lu

84 2165 197 2226 Eusebii
217 2165 361 2228 chronico
378 2165 502 2242 legimus
520 2165 714 2226 Arionem
731 2164 845 2226 Ochum
870 2163 993 2227 subisse
1010 2165 1165 2242 imperium

13 2311 14 2330 i
82 2279 230 2342 persarum
246 2263 419 2341 Olympiade
443 2271 530 2342 iol„
556 2279 591 2324 ac
611 2262 790 2324 Antiochum
810 2263 972 2340 Magnum,
1002 2261 1058 2322 sub
1080 2267 1165 2342 cujus
1187 2297 1189 2304 ,

82 2363 202 2439 imperio
221 2361 320 2422 multis
341 2361 427 2422 malis
448 2361 548 2422 allecti
569 2367 640 2424 suut
652 2360 759 2438 judaei
778 2359 816 2422 ob
838 2361 1001 2420 simultates
1021 2362 1097 2422 inter
1117 2378 1165 2438 sy-

82 2477 132 2522 ros
152 2467 182 2522 at
200 2461 367 2538 aegyptios,
382 2475 518 2538 regnasse
532 2459 705 2537 Olympiade
727 2467 795 2520 iuti.
817 2458 949 2536 Spatium
969 2475 1039 2536 ergo
1056 2465 1177 2552 luppo-v

80 2561 143 2636 ris,
162 2558 241 2635 quod
260 2557 315 2620 hos
334 2557 408 2620 duos
428 2557 561 2619 interfuit
578 2574 681 2635 regas,
699 2561 811 2620 aruttm
828 2557 920 2618 tuisse
931 2573 1077 2618 annorum
1093 2543 1162 2624 ilioi

79 2673 140 2736 quo
161 2655 315 2718 inmrvalio
331 2671 385 2718 noa
404 2655 748 2733 temperatissimum,
775 2671 870 2732 neque
892 2654 1074 2716 ethnicorum
1096 2651 1164 2714 iibri

79 2753 201 2816 tradunt
219 2753 335 2814 israelis
355 2761 471 2832 gentem
491 2754 641 2832 qrridpiam
661 2755 836 2815 calamitatis
850 2770 966 2832 mssarn
980 2752 1081 2831 fulsum
1102 2755 1165 2832 qui-

77 2855 191 2914 nimmo
205 2867 341 2931 prospere
353 2855 450 2931 egisse
460 2853 651 2916 hebraeorum
665 2853 894 2932 reuponticum,
912 2853 998 2914 facile
1010 2870 1047 2914 ex
1060 2853 1165 2914 iisdem

76 2949 268 3027 scriptoribus
288 2951 438 3028 accipitur.
470 2951 588 3027 imperii
607 2953 714 3028 persici
739 2967 824 3012 casus
853 2968 904 3028 per
931 2951 1074 3029 Magnum
1096 2947 1163 3012 Alc·

75 3049 227 3110 xandrmn
245 3051 323 3108 inme
341 3047 395 3110 lros
415 3065 534 3125 annos,
556 3051 608 3126 pul
634 3050 711 3110 vixit
729 3048 817 3125 paulo
836 3055 903 3124 post
921 3047 996 3109 Ochi
1014 3056 1163 3126 mortem,

76 3144 167 3206 nolrls
186 3152 231 3206 est
243 3151 344 3208 auctor
364 3145 562 3206 maximiusde
580 3145 750 3222 plenissima
769 3147 897 3206 audonis
916 3145 1069 3206 hebraicae
1084 3151 1164 3206 tran·

73 3245 233 3322 quillitate.
254 3243 455 3308 Alexandriam
469 3245 559 3319 anun,
573 3243 676 3304 scribit
691 3243 813 3306 Flavius
833 3244 908 3306 libro
928 3261 975 3304 ur.
997 3243 1163 3320 Antiquita-

73 3349 161 3419 tum,
188 3341 268 3420 Tyro
287 3344 432 3418 potitum,
455 3344 583 3424 exercitu
609 3337 727 3402 reducto
747 3343 778 3400 in
798 3341 1002 3419 Hierusalem,
1027 3339 1163 3404 inddnse

71 3441 107 3498 in
129 3439 226 3501 teddo
246 3455 393 3502 summum
423 3438 601 3526 sacerdotem
621 3441 713 3500 sacris
740 3439 869 3500 vestibus
892 3439 1048 3516 indutum,
1075 3455 1163 3516 quem

68 3536 246 3598 Alexander
264 3542 419 3598 veneratus
434 3537 471 3598 ab
485 3538 595 3597 ultione
609 3537 705 3598 desiit.
727 3537 837 3598 Deinde
857 3537 999 3627 templum
1012 3540 1163 3614 ingressus

69 3635 186 3696 obnuit
205 3635 347 3696 secudum
366 3636 427 3696 Deo
444 3637 624 3698 exercituum
637 3638 818 3714 quippe,qui
830 3651 899 3698 suos
918 3635 1082 3712 triumphos
1096 3651 1162 3698 sen·
1264 3668 1267 3672 ·

68 3737 134 3811 sit,
160 3735 215 3794 soli
236 3735 426 3796 hebraeorum
440 3734 501 3796 Deo
515 3735 680 3796 referendos
694 3735 766 3797 iore.
783 3735 912 3812 Benigne
925 3741 954 3798 et
967 3734 1005 3795 ob
1025 3733 1081 3794 hoc
1102 3735 1163 3812 egit

66 3849 148 3911 erga
169 3832 331 3909 hebraeos,
352 3849 452 3894 eorum
472 3832 582 3894 tributa
595 3835 764 3912 imminuit,
786 3837 849 3898 suis
866 3834 980 3912 legibus
1000 3837 1044 3896 uti
1057 3849 1107 3910 eos
1122 3835 1161 3894 si·

64 3933 138 4008 vit,
163 3947 200 3992 aa
224 3931 283 3992 alia
302 3930 471 4008 injusmodi
488 3929 566 3990 tons
585 3931 645 3995 iilis
664 3931 797 3995 contulit.
819 3933 895 3994 item
912 3932 1087 4009 paulopost
1107 3929 1163 3992 sub

63 4027 255 4090 Ptolomaeis
275 4027 397 4104 pacifica
416 4029 542 4104 parendi
561 4043 661 4090 eorum
683 4029 866 4108 respublica,
887 4031 958 4090 mum
978 4032 1106 4108 aegyptii
1120 4045 1162 4092 re·

62 4141 149 4204 ges,
173 4125 364 4193 hebraeorum
385 4125 508 4202 probata
520 4125 578 4186 lide
591 4143 668 4203 erga·
681 4129 871 4205 semetipsos,
892 4130 969 4188 inter
989 4128 1099 4188 aulicos
1113 4143 1163 4191 eoo

64 4229 276 4301 cooptarunt3
295 4231 326 4285 et
345 4226 375 4284 ln
390 4240 492 4287 omnes
507 4231 570 4286 tum
585 4225 773 4304 Aegyptum,
794 4232 858 4288 mm
878 4225 1021 4290 Judaeum
1034 4224 1162 4284 incolen-

58 4328 111 4384 tes
132 4325 291 4385 mitissima
310 4341 373 4387 sese
387 4331 560 4402 gesserunt,
582 4326 626 4386 uti
647 4324 683 4384 de
696 4327 807 4401 origine
821 4326 963 4396 sermonis
975 4323 1164 4411 Septuaginta
