2964 5174
812 399 973 451 -96-

349 501 610 575 &easaetenatone
630 507 763 579 διαφοράς·
785 505 809 559 ει’
827 507 865 580 μη·
883 509 1002 582 φορτικόν
1017 510 1079 577 γοῦν
1100 511 1192 578 εἰπειν,
1206 512 1250 569 ε’πδ
1267 517 1332 572 πολύ
1347 521 1421 590 τοῦτο,

350 591 400 652 α’ση
414 595 543 666 δυνοίμιις,
554 595 739 667 πεποιήκαμεν·
749 597 924 672 γυμνάζοντες
932 600 1013 656 αὐτοῖν
1027 603 1070 656 τόν
1080 606 1136 660 νοῦν
1148 603 1173 656 ἐν
1186 605 1284 670 ποίσαις
1293 611 1350 674 ταῖς
1362 611 1423 668 lrdc'·

351 707 423 751 osor,
437 689 481 742 ιιαί
498 691 558 752 ταῖς
580 692 714 762 διαφοραῖς
729 690 810 746 αὐτοῖν
823 693 892 766 μετά
912 695 957 747 τοῦ
975 695 1060 757 ποσοῖς
1080 697 1182 767 μαλλὸν
1197 696 1287 754 ἀσκεῖν
1303 703 1347 760 τήν
1362 705 1426 777 ἕρμε-

353 776 407 832 νίαν
429 781 475 832 τοῦ
490 786 524 834 Ο.
545 781 582 851 μή
602 781 630 834 τι“
644 782 854 855 παραχαράττειν
871 784 1003 858 δοκοιτίμιν
1018 787 1077 850 ταῖς
1094 787 1144 843 ὑπὸ
1164 791 1207 843 τὸν
1221 789 1326 863 ου’ρανόν
1345 793 1427 855 ἔκκλη-

350 868 420 931 σίας
447 872 493 924 καί
512 871 663 944 αεριφοίσιις
688 877 792 948 διδῶμεν
823 877 878 938 τοῖς
902 875 1025 950 ζητοῦσιν
1049 877 1167 951 ἀφορμάς
1189 879 1312 939 iliacam
1333 885 1389 947 τούς
1404 887 1425 940 ἒν

349 959 419 1031 μέσῳ
444 964 626 1036 συκοφαντει’ν,
640 966 685 1018 κατ’
706 969 751 1020 τῶν
771 967 955 1042 διαφενομένυν
971 965 997 1021 ἓν
1015 972 1050 1040 τῷ
1066 974 1139 1040 κοινῷ
1151 976 1315 1048 κατηγόρεον.
1331 972 1427 1031 'Acced-

347 1073 393 1122 μιν
414 1053 439 1104 δέ
458 1053 496 1122 μνί
519 1054 619 1126 ᾰγνόειν
635 1057 681 1110 καί
703 1059 750 1121 τοὶς
773 1059 831 1132 παρ’
851 1057 973 1125 εἰιείνοις,
994 1058 1037 1116 ἵνα
1056 1064 1121 1136 πρὸς
1142 1063 1284 1128 Ἰουδαίους
1313 1069 1427 1140 διαλεγο’-

347 1164 437 1214 μενοι,
465 1145 502 1216 μα’
521 1145 683 1219 προφέρωμεν
702 1148 793 1212 αὐτοῖς
815 1150 847 1204 τοὶ
866 1151 902 1224 μή
927 1151 1032 1224 κείμενα
1050 1153 1075 1208 ἕν
1092 1157 1146 1218 τοῖς
1161 1155 1328 1232 ἀντιγράφοις
1346 1161 1426 1225 adrat,

348 1236 394 1287 tal
411 1231 454 1289 ἵνα
471 1235 688 1310 συγχρησώμεδα
710 1243 764 1304 τοῖς
785 1243 930 1316 φερομένοις
948 1243 1006 1316 παρ’
1022 1245 1134 1311 ἐκείνοις·
1152 1246 1176 1302 εἶ
1191 1251 1238 1304 ιιοιιΙ
1255 1247 1280 1302 ἐν
1301 1253 1356 1314 τοῖς
1374 1254 1426 1326 ἡμι-

346 1326 427 1400 τέροις
449 1327 478 1381 ου’
502 1330 586 1382 κεῖται
613 1327 735 1395 βιβλίοις
750 1334 873 1397 τοιαύτας
897 1336 947 1409 γοὶρ
966 1336 1046 1401 οὔσης
1061 1339 1129 1412 ἦμῶν
1146 1343 1191 1405 τῆς
1213 1344 1277 1414 πρός
1297 1345 1387 1408 αὐτούς
1405 1346 1423 1400 ἒν

347 1421 408 1480 ταῖς
432 1417 560 1492 ζητήσεσι
588 1426 779 1495 παρασκευῆς,
799 1426 1103 1502 οὕναταφρονιίσουσιν,
1133 1431 1183 1486 ουδ’
1203 1434 1235 1497 οἷς
1251 1433 1424 1504 ἔδοςαῠτοῐς,

347 1509 490 1584 γελοίζοντε
507 1513 566 1574 τούς
580 1512 632 1568 εἶπό
650 1517 695 1568 τῶν
711 1511 785 1570 ἔδνων
802 1519 990 1584 πιστεύοντας,
1013 1520 1071 1575 ὥστ’
1087 1521 1177 1584 οἱληδῆ
1189 1525 1234 1579 καὶ
1251 1526 1322 1598 παραὶ
1335 1526 1422 1594 ου’τοῖς,

346 1602 563 1675 ἀνανεγραμμένα
583 1601 749 1675 ἀγνοοῦντας·
769 1611 853 1662 ταῦτα
868 1611 914 1682 μὲν
934 1608 976 1667 οὖν
998 1611 1110 1687 algaudo)
1125 1617 1189 1689 πρὸς
1209 1617 1238 1669 τό
1259 1617 1297 1689 μή
1313 1617 1423 1690 φερὲσδαι

346 1695 411 1768 πρὸς
435 1692 557 1768 ἕβραιόυς
584 1695 617 1748 τοὶ
638 1697 698 1770 περὶ
717 1697 852 1762 Σωσάννης
867 1740 874 1764 ,
890 1704 911 1760 l.
929 1720 956 1762 e.
971 1703 1102 1765 Adhaec
1122 1709 1275 1768 considera
1285 1727 1297 1784 ς
1319 1725 1355 1769 an
1374 1729 1422 1770 non

348 1791 458 1852 bonum
478 1795 516 1853 sit
536 1797 701 1856 meminisse
721 1798 800 1858 illius
817 1799 905 1859 dicti:
919 1819 1000 1861 -uon
1017 1809 1167 1882 traspones
1189 1809 1331 1867 terminos
1347 1815 1423 1868 aeter·

347 1905 417 1967 nos,
437 1908 510 1967 quos
521 1901 681 1968 posuerunt
698 1902 893 1958 antecessores
909 1900 968 1958 tui:
982 1900 1039 1960 -Et
1055 1900 1127 1961 haec
1144 1903 1262 1979 quidem
1279 1905 1360 1982 dico,
1373 1923 1421 1964 non

346 1988 426 2063 quod
437 2005 507 2065 prae
521 1989 632 2049 desidia
645 2008 776 2052 recusem
789 1999 913 2056 scrutari
933 1996 1112 2076 Scripturas,
1136 2015 1211 2077 quae
1225 2001 1305 2078 apud
1312 2002 1421 2080 judaeos
1470 2029 1471 2032 ¹

346 2091 431 2162 sunt,
452 2085 575 2163 illasque
591 2103 658 2147 cum
680 2091 817 2152 omnibus
837 2097 945 2154 nostris
965 2111 1151 2174 comparare,
1174 2115 1209 2157 ac
1225 2099 1343 2178 videre,
1362 2101 1420 2176 quid

346 2185 486 2244 intereas
506 2187 545 2244 slt
560 2185 747 2247 discriminis.
767 2194 830 2254 lloo
849 2197 927 2254 enirn
947 2197 1095 2271 graviter,
1116 2197 1173 2254 nisi
1194 2213 1336 2275 arrogans
1353 2200 1419 2258 dictu

345 2298 404 2371 cst,
427 2312 480 2372 pro
498 2295 576 2353 virili
596 2294 737 2374 fecimus,
757 2296 870 2355 collatis
886 2309 996 2370 magna
1020 2309 1087 2352 cnm
1105 2311 1176 2353 cura
1192 2297 1270 2355 inter
1285 2313 1316 2356 se
1332 2297 1418 2356 editio·

344 2393 450 2470 nibus,
474 2400 503 2453 et
520 2394 682 2453 observatis
702 2394 875 2453 differentiis
902 2409 1022 2463 earum,
1037 2395 1079 2452 ita
1091 2399 1205 2469 tamen,
1224 2401 1260 2454 ut
1279 2395 1419 2471 aliquando

344 2490 411 2567 plus
424 2490 534 2550 laboris
546 2493 774 2568 impenderimus
789 2491 979 2567 Septuaginta
987 2493 1342 2570 interpretationi,nequid
1354 2493 1419 2552 adul-

344 2591 471 2648 terinum
489 2590 655 2649 videremur
673 2590 809 2649 inducere
834 2591 866 2647 in
887 2588 1040 2664 ecclesias,
1061 2605 1137 2665 quae
1161 2590 1216 2648 sub
1243 2591 1327 2650 coelo
1343 2597 1417 2666 sunt,

344 2691 373 2745 et
394 2693 577 2762 praetextum
604 2689 740 2748 daremus
759 2688 834 2764 illis,
853 2689 904 2763 qui
921 2687 1103 2746 occasionem
1125 2694 1261 2764 captant,
1281 2695 1310 2748 et
1330 2689 1418 2747 volunt

342 2789 406 2843 tum
417 2796 477 2861 σου,
490 2789 540 2861 qui
558 2789 590 2843 in
604 2786 699 2844 medio
718 2791 787 2844 sunt
804 2785 995 2871 calumniari,
1012 2801 1079 2843 oum
1091 2801 1139 2843 eos
1149 2826 1158 2860 ,
1170 2787 1221 2860 qui
1236 2786 1271 2844 in
1284 2787 1416 2844 communi

342 2882 524 2959 praelucent,
544 2885 704 2943 criminarl.
721 2884 869 2942 conamur
882 2888 980 2940 antem
997 2889 1026 2942 et
1044 2899 1104 2941 non
1118 2885 1271 2959 ignorare,
1293 2900 1362 2960 quas
1374 2882 1415 2940 ha·
1435 2927 1437 2931 ,

342 2978 412 3038 bont
430 2979 614 3058 Scripturas,
635 2987 669 3040 ut
691 2997 758 3040 cum
775 2981 889 3056 judaeis
911 2979 1083 3039 disserentes
1103 2997 1163 3038 non
1182 2981 1363 3056 proferamus
1375 2995 1414 3055 ea,

341 3091 416 3150 quae
438 3078 469 3134 in
488 3093 588 3135 eorum
606 3078 820 3154 exemplaribus
839 3077 960 3153 desunt,
975 3078 1026 3136 sed
1049 3079 1136 3137 simul
1148 3084 1269 3138 utamur
1285 3082 1340 3154 iis,
1354 3093 1415 3154 quae

340 3189 428 3249 penes
449 3191 480 3233 se
500 3175 623 3252 habent,
640 3177 707 3235 licet
724 3178 756 3234 in
773 3177 881 3234 nostris
894 3175 977 3234 libris
996 3175 1204 3235 desiderentur.
1226 3177 1259 3236 Si
1279 3181 1354 3236 enim
1374 3175 1415 3234 hu-

336 3274 467 3350 jusmodi
486 3274 574 3334 fuerit
598 3282 697 3334 noster
717 3274 755 3333 ad
773 3292 827 3352 ea,
855 3275 1016 3351 dequibus
1038 3293 1093 3335 nos
1117 3277 1192 3336 inter
1210 3282 1238 3335 et
1258 3279 1335 3352 ipsos
1357 3291 1412 3333 oon·

339 3374 482 3432 troversia
506 3378 567 3449 cst,
594 3379 768 3450 apparatus,
787 3389 847 3432 non
867 3379 1070 3450 contemnent,
1096 3390 1191 3450 nequa
1210 3381 1299 3450 prout
1315 3374 1411 3448 solent,

339 3468 501 3529 irridebunt
521 3473 578 3547 eis,
598 3473 649 3547 qui
672 3471 794 3530 credunt
811 3487 848 3530 ex
869 3471 1018 3548 gentibus,
1038 3471 1117 3547 quod
1133 3488 1220 3547 vera,
1243 3478 1330 3548 atque
1348 3467 1412 3546 apud

339 3564 405 3624 illos
420 3569 528 3642 scripta
541 3573 660 3643 extant,
674 3571 825 3645 ignorent,
841 3575 928 3644 atque
942 3568 1015 3627 haec
1032 3571 1092 3626 sint
1104 3568 1182 3628 dicta
1196 3568 1234 3627 ad
1247 3568 1331 3643 illud,
1346 3565 1412 3644 quod

339 3661 470 3738 objecisti
497 3665 574 3740 apud
588 3663 728 3724 hebraeos
744 3683 804 3724 non
822 3673 922 3726 extare
942 3665 1093 3726 Susannae
1109 3667 1271 3726 historiam.
1287 3691 1299 3716 ν
1316 3663 1411 3724 Deinde

338 3761 536 3836 explicaturus
560 3765 621 3822 adit
640 3779 727 3823 voces
756 3763 859 3824 Sodiro
877 3771 907 3824 et
925 3765 1035 3840 Prino,
1055 3764 1091 3823 de
1111 3765 1216 3841 quibus
1237 3765 1307 3824 alibi
1325 3763 1409 3822 dicen·

338 3859 409 3918 dum
430 3861 494 3919 erit.
515 3861 636 3937 Insuper
656 3859 828 3920 Africanum
852 3868 966 3938 monet,
987 3879 1076 3938 quam
1104 3862 1189 3921 facile
1207 3869 1282 3922 esset
1305 3860 1408 3938 judaeis

336 3956 414 4015 hano
432 3955 610 4032 Scripturam
631 3976 647 4018 e
665 3959 747 4018 libris
763 3976 864 4018 eorum
884 3963 975 4019 sacris
994 3959 1149 4036 suffurari,
1168 3966 1197 4019 et
1216 3962 1341 4019 maxime
1352 3971 1406 4033 pro·

337 4060 400 4129 pter
415 4069 485 4114 suae
503 4059 596 4132 gentis
610 4057 781 4117 libidinosos
797 4060 942 4136 seniores,
961 4061 1012 4135 qui
1032 4057 1183 4118 Susannae
1199 4058 1326 4118 insidiati
1338 4059 1405 4126 sunt,
1437 4123 1439 4136 Ι

336 4168 486 4231 quaeque,
505 4154 676 4229 providente
695 4155 822 4233 Spiritu,
843 4159 954 4233 scripta
971 4163 1065 4216 erant.
1088 4157 1142 4217 llis
1157 4157 1246 4233 adde,
1266 4171 1338 4234 quae
1349 4168 1405 4229 pro·

335 4251 418 4325 ponit
441 4251 529 4326 paulo
545 4258 611 4328 post
627 4253 706 4313 circa
723 4253 842 4315 divitias
855 4255 1030 4330 judaeorum
1047 4259 1079 4316 in
1097 4257 1282 4333 captivitate,
1297 4251 1368 4331 quod
1383 4251 1404 4308 ei
