2964 5174
830 443 870 453 -
891 416 928 470 η
949 440 989 452 .-

370 525 498 590 sectuida
516 533 619 588 contra
636 525 769 590 eumdem
790 523 830 600 (t)
844 527 955 602 inquit:
976 524 1138 602 «Quisquis
1155 525 1224 594 tatis
1238 541 1277 583 ex
1294 524 1381 585 vobis
1394 534 1445 604 est,

372 627 482 686 frustra
499 643 530 686 se
547 625 755 700 christianiun,
773 629 826 684 aut
843 623 1022 682 sacerdotem
1038 623 1091 682 Dei
1107 623 1281 699 profitetur,
1296 625 1348 699 qui
1361 624 1449 684 levita·

371 731 431 784 tem
449 724 503 784 Dei
520 738 580 782 non
598 728 700 798 curat,
720 739 788 781 cuin
801 724 942 797 scriptum
958 724 1011 780 sit:
1030 721 1067 796 (2)
1084 721 1187 780 ·Deus
1204 727 1334 780 mortem
1350 737 1406 778 non
1417 722 1450 782 ie

372 824 428 897 cit,
442 837 495 880 nee
509 821 632 879 laetatur
645 821 678 878 in
690 819 852 894 perditione
861 823 1037 895 iustorum.»
1052 819 1141 878 Libro
1153 825 1279 895 marte,
1292 818 1348 876 snb
1362 818 1451 896 finam

374 918 496 994 Optatus
514 917 668 992 respondet
685 916 895 992 Parmeniano,
912 919 1002 992 quici
1020 916 1110 975 verba
1121 917 1289 992 Sapientiae
1299 915 1451 976 Salomonis

372 1017 526 1092 objecerat:
537 1015 575 1091 (3)
591 1015 697 1076 «Filios
711 1015 908 1074 adulterarum
922 1017 1170 1076 inconsummatos
1180 1021 1258 1074 etc.»
1270 1013 1364 1072 Sicuti
1376 1017 1452 1072 etiam

372 1115 463 1173 verba
480 1114 622 1173 nonnulla
649 1114 828 1188 Hieremiae3
856 1129 930 1189 quaa
953 1115 1112 1172 sententias
1129 1115 1341 1188 interpretatis
1362 1109 1451 1169 doctor

375 1219 495 1272 sanctus
505 1212 654 1288 redarguit
666 1214 817 1287 inquiens:
837 1236 849 1261 ιι
863 1211 1018 1270 Rationem
1030 1213 1178 1286 veritatis,
1192 1211 1288 1270 irater
1300 1209 1452 1267 Parmenio·

373 1327 431 1387 ne,
443 1317 477 1369 ut
489 1325 555 1369 sero
568 1308 685 1368 addisce
696 1352 705 1386 ,
729 1311 869 1385 quoniam
881 1325 960 1369 nunc
981 1315 1097 1384 tempus
1121 1325 1185 1368 esse
1199 1309 1345 1366 invenisti
1357 1305 1452 1364 discen

375 1407 423 1483 di,
437 1413 467 1466 et
476 1407 550 1466 illud
565 1406 644 1482 quod
657 1409 688 1465 in
704 1407 858 1468 Salomone
871 1407 1017 1482 Propheta
1030 1407 1137 1466 lectum
1150 1422 1214 1465 osse
1226 1405 1344 1464 dixisti:
1356 1404 1452 1462 -Filios

375 1508 624 1564 inconsummatos
644 1505 843 1564 adulterarum
856 1511 886 1564 et
899 1507 998 1580 spuria
1011 1503 1186 1564 vitulamina
1198 1503 1278 1562 altas
1288 1501 1400 1562 radices
1411 1502 1451 1560 da·

375 1618 408 1660 re
418 1617 478 1660 non
491 1618 592 1677 posse:
606 1602 680 1660 -hoc
697 1609 726 1662 et
741 1603 910 1678 simpliciter
920 1601 1031 1660 dictum
1044 1618 1107 1661 esse
1119 1601 1244 1679 intelligi
1256 1603 1365 1676 potest.
1382 1597 1453 1656 llndc

376 1701 402 1758 si
423 1698 550 1774 figuram
575 1699 684 1775 iacias,
704 1716 789 1759 veros
808 1699 954 1758 adulteros
978 1699 1123 1758 excusasti
1146 1703 1202 1756 etc.
1226 1723 1240 1748 υ
1265 1697 1348 1755 Inter
1366 1695 1452 1754 ambos

377 1796 606 1856 Parmenianum
624 1813 727 1874 nempe
739 1797 934 1872 haereticum,
949 1803 979 1856 et
991 1795 1130 1872 Optatum
1141 1795 1359 1868 orthodoxum,
1373 1793 1453 1851 stabat

377 1893 541 1954 Salomonis
550 1893 714 1970 Sapientiae
723 1895 825 1954 divina
836 1897 1003 1954 auctoritas.
1015 1891 1410 1980 Lhrotertio,ltcclesiestici
1420 1890 1449 1963 (4)

379 1991 470 2050 verba
486 1992 597 2066 profert
608 1992 722 2051 dicens:
743 1993 898 2069 «Denique
912 1995 955 2052 sic
969 1995 1110 2068 scriptum
1126 1997 1184 2050 est:
1196 2022 1209 2034 ·
1218 1987 1450 2066 quemadmodum

379 2106 458 2166 aqua
470 2091 616 2166 extinguit
627 2093 741 2166 ignem,
766 2093 809 2148 sio
828 2091 1013 2168 eleemosyna
1033 2092 1179 2167 extinguit
1193 2094 1359 2164 peccatum.
1380 2109 1392 2135 i
1410 2085 1450 2142 Eo

379 2186 447 2246 dem
467 2186 542 2244 libro
565 2186 744 2263 scripturam
768 2189 901 2246 eamdem
927 2191 1044 2263 repetit:
1064 2187 1160 2261 «Quia
1181 2185 1257 2245 illud
1275 2201 1295 2242 a
1315 2183 1450 2242 Salomone

379 2284 491 2342 discere
511 2285 646 2360 noluisti,
666 2285 745 2361 quod
760 2288 816 2344 ait:
835 2285 873 2361 (5)
889 2285 1068 2344 -bbsconde
1085 2299 1192 2361 panem
1206 2285 1240 2341 in
1258 2281 1347 2341 corde
1360 2294 1448 2354 paupe

382 2383 440 2457 ris,
456 2387 485 2440 at
499 2385 561 2457 ipse
574 2399 628 2458 pro
644 2390 674 2442 te
690 2384 840 2460 rogabit.»
857 2383 969 2443 Ibidem
984 2387 1093 2459 pariter
1105 2383 1214 2442 Tobiae
1233 2381 1385 2440 historiam
1399 2393 1450 2436 nar·

380 2486 428 2538 rat
440 2484 563 2556 mystice
575 2481 693 2540 docens:
713 2481 930 2540 «Traducentas
943 2481 1046 2539 advos
1059 2497 1166 2557 aquam
1179 2482 1320 2555 antiquae
1329 2476 1447 2553 piscinae

382 2579 434 2640 sed
451 2583 548 2640 nescio
566 2597 606 2640 an
622 2597 690 2638 cum
706 2581 758 2639 illo
774 2583 869 2656 pisce,
890 2583 940 2655 qul
957 2579 1090 2638 Christus
1108 2579 1302 2654 intelligitur,
1317 2576 1406 2652 quiin
1418 2573 1447 2629 la·

381 2675 686 2758 ctionePatriarohae,
703 2679 809 2754 legitur
825 2681 857 2736 in
868 2677 985 2754 Tigride
994 2677 1115 2736 flumine
1133 2676 1326 2752 praehensus,
1336 2668 1447 2749 cujusicl

382 2781 413 2832 et
427 2778 512 2850 jecur
531 2777 599 2834 tulit
613 2776 721 2836 'lobias
740 2776 778 2835 ad
796 2777 919 2836 tutelam
932 2777 1076 2836 foeminae
1090 2775 1204 2850 Sarrae,
1223 2781 1255 2834 et
1271 2774 1311 2832 ad
1323 2771 1447 2830 illumina·

381 2872 491 2930 tionem
507 2874 616 2932 Tobiae
628 2890 689 2933 non
701 2875 838 2950 videntis3
852 2875 981 2951 ejusdem
993 2877 1080 2950 piscis
1092 2873 1255 2932 visceribus
1268 2867 1446 2930 Hasmodaeut

382 2971 507 3032 daemon
524 2988 542 3030 a
558 2972 645 3034 Sarra
664 2973 762 3051 puella
774 2972 898 3051 fugatus
911 2980 973 3049 est,
989 2991 1064 3051 quae
1077 2973 1249 3048 intelligitur
1275 2969 1411 3040 Ecclesia,
1427 2969 1448 3020 et

382 3072 507 3130 coecitas
525 3087 543 3129 a
558 3071 650 3130 Tobia
660 3072 780 3132 exclusa
797 3079 850 3131 est.
866 3073 922 3132 llio
935 3079 979 3132 est
995 3075 1098 3148 piscia,
1113 3075 1164 3148 qui
1180 3073 1213 3129 in
1225 3070 1395 3145 baptismate
1409 3076 1447 3137 lif

383 3171 613 3246 invocationem,
637 3171 796 3230 fontalibus
814 3171 902 3230 undis
920 3174 1073 3245 mserihu,
1095 3177 1129 3229 ut
1151 3185 1228 3245 quae
1245 3183 1323 3244 aqua
1338 3165 1447 3223 fuerata

381 3270 461 3342 pisce
473 3270 562 3326 etiam
573 3271 685 3343 piscina
692 3271 846 3329 vocitatur.
859 3294 873 3319 ι»
889 3270 978 3328 Libro
989 3272 1122 3346 septimo,
1136 3285 1153 3326 e
1165 3266 1405 3325 Machabacorum
1418 3255 1445 3330 (ὅ)

382 3363 505 3426 historia
523 3368 581 3423 ait:
599 3391 612 3415 «ι
625 3366 674 3425 Sic
694 3374 839 3444 tyrannus
858 3367 1019 3426 Antiochus
1037 3367 1165 3425 fructum
1187 3361 1376 3440 malignitatis
1394 3367 1447 3413 suae

383 3457 490 3521 habere
507 3479 568 3521 non
578 3467 691 3540 potuit,
708 3465 779 3523 dum
793 3471 907 3540 praeter
920 3472 1029 3540 septem
1039 3465 1162 3539 fratres,
1176 3469 1207 3522 et
1217 3477 1310 3520 unum
1327 3457 1445 3516 seniorem

383 3575 502 3620 carnem
523 3561 640 3620 suillam
656 3562 833 3622 manducare
845 3564 1055 3637 detractantes,
1070 3562 1184 3620 nullum
1194 3559 1336 3635 judaeum
1351 3548 1445 3618 morit

384 3663 414 3714 et
432 3659 480 3717 lex
497 3662 591 3733 perire
607 3675 668 3718 non
683 3663 788 3735 potuit.
799 3685 812 3710 u
827 3661 991 3719 Sententiae
1007 3665 1077 3718 sunt
1089 3661 1178 3734 istae,
1199 3673 1274 3734 quas
1290 3659 1386 3714 conha
1396 3646 1446 3703 hat

384 3756 507 3814 reticum
526 3755 649 3830 Optatus
666 3773 683 3814 e
698 3757 854 3832 scripturis
870 3756 1010 3815 Secundis
1029 3757 1188 3830 excerpsit,
1203 3761 1314 3812 ceteros
1331 3753 1399 3808 inter
1410 3741 1446 3800 lli-

383 3854 511 3914 bhorum
530 3856 637 3930 libros,
658 3857 811 3915 amborum
831 3857 1067 3915 contendentium
1083 3855 1141 3914 lide
1158 3854 1313 3914 roboratis.

424 3953 452 4028 S.
476 3954 557 4012 Vlll.
580 3955 665 4014 Nunc
683 3956 788 4029 nohiS,
808 3954 953 4014 Ecclesiae
968 3960 1086 4013 sanctae
1107 3953 1225 4027 lumen,
1249 3947 1410 4028 apostolicae
1425 3940 1445 3992 tl

384 4051 550 4112 Catholicae
563 4052 712 4112 doctrinae
727 4053 997 4130 propugnaculum,
1011 4054 1175 4111 incivitate
1187 4047 1344 4127 tagastensi
1360 4044 1442 4104 ortus,

413 4265 448 4325 (1)
462 4263 561 4314 bibliot.
582 4265 683 4314 Patium
698 4278 761 4314 saca
780 4267 823 4313 lv.
839 4291 870 4302 -
888 4264 922 4326 (2)
938 4267 995 4326 Sap.
1016 4277 1039 4311 o.
1061 4264 1082 4311 l.
1095 4268 1132 4311 ia.
1151 4287 1182 4300 -
1204 4259 1239 4323 (3)
1256 4262 1312 4322 sap,
1331 4269 1351 4304 ο,
1372 4250 1408 4302 lv.
1424 4249 1440 4291 t.

377 4347 461 4411 *tlt
476 4346 542 4396 Ecd-
554 4359 576 4396 c·
589 4348 632 4396 111.
644 4352 682 4396 aa
695 4344 770 4407 -t⁵)
786 4345 851 4394 roci.
862 4358 884 4394 a.
896 4345 982 4395 iiii.
996 4349 1034 4394 rs.
1045 4367 1075 4380 -
1086 4341 1216 4404 (etauio
1229 4353 1251 4389 c.
1263 4339 1317 4390 vn.
1346 4347 1351 4351 ·
