3086 5182
599 381 739 434 ...5-

124 491 191 552 alils
212 489 377 569 scripturae
396 491 491 570 libris,
511 493 665 570 scriptores
682 492 837 570 inspiratos
855 491 1070 554 observandum
1086 497 1142 571 est,
1156 496 1207 554 aii·

124 590 245 667 mando
266 590 413 668 simplices
433 590 506 651 adeo
523 590 640 652 decadi
661 591 765 651 modos
786 607 940 667 servasse,
960 597 995 652 ut
1012 591 1052 652 ab
1071 591 1208 654 omnibus

125 692 158 749 in
180 690 217 748 ils
239 691 354 767 seriptis
375 689 505 767 legendis
526 689 612 750 facile
636 697 818 767 caperenturr.
846 689 889 752 dc
913 705 1015 770 reapse
1036 691 1136 750 omnia
1158 689 1211 750 Dei

126 786 267 848 attributa
284 788 316 846 in
332 787 441 848 diuinis
458 787 614 864 scripturis
633 787 705 848 adeo
722 788 806 850 nobis
825 788 1021 866 objiciuntur,
1041 794 1075 847 ut
1093 803 1152 848 noo
1167 787 1209 848 di·

126 887 229 946 amam
251 883 446 944 substantiam
465 885 645 962 simplicem,
672 901 766 963 neque
780 887 931 963 spirltum,
951 885 1045 960 Deum
1067 888 1210 946 exisume·

126 997 214 1058 mus,
235 981 287 1041 sed
305 979 397 1042 veluti
415 997 539 1059 corpus,
560 983 680 1044 acideo
701 981 855 1060 omnibus,
875 989 905 1042 et
922 985 1012 1042 vmils
1028 983 1142 1044 uicibus
1162 984 1212 1044 ob-

3 1145 5 1158 ,
126 1082 285 1156 noxium,
300 1078 407 1156 qulbus
429 1095 520 1157 genus
541 1079 703 1140 humanum
728 1078 828 1140 subiit.
855 1079 946 1145 Modo
967 1081 1097 1156 anim,a
1119 1084 1211 1142 sacris

125 1177 317 1255 scriptoribus
336 1179 467 1255 pingitur
485 1177 587 1255 Deus,
607 1179 700 1238 monti
721 1175 803 1238 Sinai
816 1177 948 1255 adstans,
969 1193 1021 1238 seu
1036 1178 1210 1256 ambulans,

2 1307 6 1319 ·
125 1275 203 1338 allas
225 1275 348 1354 legimus
367 1272 460 1358 Deum
481 1278 582 1338 striato
601 1291 671 1338 ense
689 1291 879 1353 persumere,
900 1283 930 1337 et
947 1275 1113 1353 deperdere
1129 1293 1212 1337 exer·

5 1425 7 1435 .
127 1377 232 1451 eitum,
253 1391 333 1442 nunc
351 1379 385 1434 ut
402 1390 501 1452 regem
520 1376 595 1435 solio
611 1375 796 1452 assidentem,
815 1391 895 1436 nune
911 1381 945 1436 ut
957 1374 1104 1451 judicem,
1125 1376 1212 1436 modo

127 1474 219 1533 veluti
239 1472 386 1533 hominem
402 1473 495 1534 oeulis
503 1473 718 1551 perspicacibus
730 1472 866 1549 ditatum,
885 1475 936 1550 qul
952 1488 1053 1533 omnes
1066 1473 1211 1534 humanos

125 1575 212 1631 aetna
232 1571 386 1647 intuetur,
403 1577 518 1648 praeter
538 1570 612 1632 alias
633 1571 801 1649 hujusmoffl
825 1575 954 1649 speeies,
976 1570 1082 1649 quibus
1101 1588 1120 1631 a
1139 1571 1211 1632 Pro·

126 1668 224 1746 puetis
244 1666 329 1728 nobis
351 1666 498 1728 revelatur
516 1667 603 1728 Deus.
625 1667 765 1746 Nunquid
783 1669 939 1729 dicendum
955 1675 1032 1729 asset
1052 1672 1093 1729 ita
1109 1685 1141 1730 se
1159 1670 1212 1730 ha·

126 1765 196 1825 bere
209 1763 315 1841 Deum,
336 1765 582 1842 quemadmodum
597 1767 628 1826 la
645 1765 760 1826 biblicis
777 1769 927 1826 sententiis
944 1767 1114 1844 profertur?
1132 1767 1213 1827 Idem

124 1863 285 1940 generatim
305 1863 446 1940 probatur
464 1862 501 1924 de
520 1864 585 1922 allis
603 1863 774 1941 spiritibus,
795 1879 920 1940 quorum
939 1880 1021 1925 mens
1034 1871 1138 1926 nostra
1152 1879 1213 1932 non

1 2041 2 2046 ἵ
123 1963 207 2036 capit
224 1963 400 2037 essemiam,
421 1967 451 2020 et
475 1960 645 2022 usensibus
665 1964 772 2023 nostris
793 1963 968 2024 mauman.

167 2058 224 2119 Sed
243 2065 319 2120 esset
334 2073 501 2135 ue,quaesu
517 2059 642 2118 alterum
658 2057 795 2136 loquendi
812 2076 904 2136 genus
920 2060 957 2120 de
973 2057 1212 2136 huiusmodlspi·
1307 2020 1310 2029 ἱ
1345 2065 1348 2072 “

126 2157 254 2233 ritibus,
274 2173 364 2232 quam
386 2173 444 2232 quo
465 2162 589 2216 utuntur
605 2156 700 2215 divim
718 2157 897 2234 scriptores?
914 2149 1066 2230 Quomodo
1085 2157 1215 2217 emelia

125 2257 217 2316 homo
236 2255 377 2348 disserere
394 2262 488 2331 potest
506 2254 543 2314 de
560 2255 728 2331 hujusmodi
748 2255 917 2314 substantiis
936 2243 1028 2326 nsua
1044 2261 1151 2316 natura
1169 2255 1213 2315 di·

0 2343 7 2362 ³
127 2355 234 2430 uersis,
244 2355 301 2413 nisi
319 2351 470 2412 vocabulis
481 2367 572 2429 usus,
587 2367 663 2428 quae
680 2351 719 2412 ab
731 2351 851 2428 objectis
869 2351 1067 2411 materialibus
1075 2351 1214 2428 petItacd
1250 2425 1252 2430 ,

1 2481 2 2484 ¹
126 2467 185 2528 ea,
198 2466 273 2528 quae
292 2449 455 2527 spiritualia
477 2454 565 2526 sunt,
586 2449 770 2526 explananda
791 2449 982 2510 condoleant?
1001 2449 1097 2509 Homo
1115 2451 1214 2526 enim,

0 2541 6 2552 “’
127 2565 204 2626 quae
222 2551 350 2626 primum
377 2547 510 2616 sensibus
529 2551 665 2622 expertus
692 2553 755 2622 est,
776 2553 873 2606 mente
897 2547 1030 2622 colligit,
1055 2561 1091 2604 aa
1110 2545 1214 2605 deinde
1296 2541 1307 2566 ⁸

2 2627 7 2665 ³
127 2663 226 2707 rerum
242 2647 397 2724 qualitates
414 2645 601 2720 discernens,
622 2660 672 2704 eas
689 2647 806 2704 nomine
823 2645 965 2722 appellat,
981 2647 1100 2720 iusuper
1113 2646 1144 2702 vi
1158 2646 1214 2720 spi·

0 2731 4 2760 ⁵
125 2747 229 2808 rituali
245 2745 398 2826 praeditus
418 2750 447 2804 et
466 2759 529 2803 sese
546 2744 703 2804 aterrenis
720 2741 905 2819 dbmahens,
928 2742 986 2802 iliis
1004 2743 1110 2802 eisdem
1129 2758 1215 2802 voea-

125 2845 205 2905 bulis
222 2861 269 2904 ras
286 2841 545 2921 suprannaturales
559 2845 722 2918 nuncupat;
738 2839 897 2917 eademque
909 2839 973 2917 lege
984 2855 1085 2899 omnes
1099 2855 1215 2917 quoquc

0 2943 3 2950 ”
127 2943 284 3004 facultates
315 2944 431 3020 spiritui
452 2943 613 3018 propriae,
636 2938 733 3000 verbis
757 2938 955 3016 metaphorica
976 2939 1062 3001 dietis
1084 2983 1093 3017 ‚
1118 2940 1158 3000 ab
1178 2955 1214 2999 eo

126 3040 359 3115 describuntur,
384 3037 476 3098 ueluti
498 3037 617 3111 spiritus
638 3036 704 3096 illas
724 3037 914 3112 proprietates
936 3035 1114 3113 possideret,
1141 3051 1210 3095 eum

2 3118 7 3157 ²
126 3151 313 3214 nequaquam
326 3136 384 3196 diei
395 3135 497 3212 possit,
511 3133 565 3190 bas
579 3133 744 3208 spirituales
758 3130 935 3192 substantias
948 3133 1117 3210 hujusmodi
1129 3139 1212 3194 amus

127 3235 277 3313 perlicere.
299 3235 380 3296 Ilaec
398 3229 576 3292 consuetudo
594 3232 754 3290 universim
772 3229 930 3307 Scripturis
953 3232 1063 3290 sanatis
1085 3246 1213 3291 commu·

126 3335 177 3393 nis
194 3331 336 3408 effamur,
361 3345 485 3408 quarum
507 3335 639 3390 auctores
654 3329 722 3390 licet
740 3328 862 3387 scientia
883 3311 999 3388 coelesti
1012 3327 1116 3403 dieti,
1139 3331 1212 3386 aita-

127 3447 199 3492 men
219 3433 276 3492 nisi
297 3431 449 3491 hominum
475 3429 577 3516 lingua
599 3424 764 3504 significare
791 3431 910 3502 potuere
933 3424 986 3485 Dei
1010 3424 1211 3502 uoluntmem,

127 3529 307 3590 dictionibus
324 3543 427 3604 nempe
444 3543 480 3588 ae
494 3525 650 3604 phrasibus
667 3527 731 3599 usi,
750 3539 825 3599 quae
842 3525 917 3584 iuter
934 3511 1211 3584 homines'eonveu·

1 3613 3 3632 ’
129 3629 210 3687 tione
230 3630 366 3687 invomae
386 3632 456 3686 sunt
476 3624 514 3686 ad
534 3625 662 3685 invicem
684 3623 815 3698 proprios
836 3637 907 3681 usus
926 3619 1142 3698 exprimendos.
1164 3619 1212 3680 ld.

129 3723 212 3784 oireo
230 3729 309 3784 reete
330 3723 480 3783 Abenenra
500 3722 591 3782 verba
612 3721 706 3781 Exodi
726 3723 950 3796 interpretatus:
979 3719 1043 3779 «Et
1064 3717 1213 3779 descendit

128 3819 273 3882 Dominus
297 3836 384 3898 super
406 3826 534 3879 montem
555 3817 635 3878 Sinai
651 3844 664 3870 υ
688 3819 792 3879 docet:
819 3843 832 3870 ιι
847 3817 884 3878 Et
903 3817 1022 3894 quando
1042 3816 1107 3896 uult
1126 3816 1214 3875 homo

130 3919 213 3996 loqui
236 3919 273 3980 de
295 3917 555 3997 praestantioribus
581 3933 638 3992 se,
666 3931 742 3994 quae
763 3923 832 3978 sunt
852 3916 889 3976 de
915 3915 1026 3976 mundo
1046 3914 1213 3992 superiori,

130 4017 305 4078 descendere
324 4017 396 4078 iacit
408 4017 599 4076 elevationem
616 4019 715 4074 eornm
733 4029 826 4090 nsque
847 4014 918 4074 dum
940 4012 1135 4074 assimilentur
1159 4009 1212 4068 bo·

130 4117 224 4192 mini,
246 4131 281 4174 ac
300 4117 327 4174 si
345 4119 442 4176 essent
460 4111 626 4172 hominibus
646 4110 770 4186 similia3
791 4117 820 4170 et
833 4111 889 4170 hoc
908 4110 960 4186 lit,
980 4116 1014 4168 ut
1034 4109 1154 4168 audiens
1168 4109 1213 4166 in·

130 4213 256 4290 telligat,
267 4229 315 4272 ex.
332 4229 376 4290 gr.
392 4211 432 4272 Os
444 4212 560 4270 Domini
572 4211 702 4269 locutum
716 4214 770 4282 est,
789 4207 887 4268 vultus
899 4207 1016 4266 Domini
1030 4208 1061 4264 ln
1074 4204 1213 4264 fatientes

131 4313 264 4387 malum,
284 4319 313 4370 ct
333 4310 481 4370 deseendit
500 4309 663 4383 Dondnns3
684 4311 712 4365 et
734 4305 877 4365 similia.»
906 4304 960 4366 llis
981 4300 1211 4376 animadversis,
