3094 5176
591 327 771 378 -188-

182 439 324 516 insuper,
345 437 442 514 moad
461 434 667 514 Apostolorum
687 436 868 512 docuinam,
889 437 961 494 siin
974 443 1161 500 cantantum
1174 455 1219 499 re·

144 539 303 615 maneriae
316 537 488 613 provincia,
503 536 566 594 slva
580 534 699 611 speciali
713 534 791 594 orhis
805 534 958 596 christiani
971 535 1093 597 ecclesm
1107 543 1221 614 reperta

143 643 173 696 at
192 635 359 712 praedicata
384 633 495 694 fuerim
518 633 587 694 talis
607 633 643 693 de
663 633 836 711 Purgatorio
865 633 938 694 ddes
959 641 989 694 at
1016 636 1066 711 pia
1085 637 1221 696 urorum

144 735 289 794 nstitntio
309 749 362 810 pm
387 735 510 792 moraris
534 732 660 808 orandi3
687 738 759 791 tunc
779 731 1015 808 quodammodo,
1043 745 1095 792 seu
1119 733 1156 793 de
1174 733 1221 794 his

144 831 314 907 dubitandi,
335 831 382 890 vel
401 830 540 908 negandi,
555 830 661 906 aliquis
678 829 789 890 subiret
807 835 987 907 praetextas.
1003 830 1060 892 Sed
1072 832 1103 890 ld
1116 831 1153 891 dc
1165 832 1221 896 hoe

144 933 318 1007 argumento
338 929 397 988 dici
417 930 528 1004 neqoh.
551 928 733 1004 &madonis
753 927 850 987 lacum
871 930 902 985 in
923 927 1015 989 altero
1036 931 1170 1000 saeculo,
1192 937 1222 990 at

146 1029 282 1088 vivorum
294 1030 431 1104 pietatem
445 1029 476 1084 ln
490 1028 605 1085 animas
616 1023 839 1102 defunctorum,
853 1042 891 1086 ex
906 1026 1113 1102 Apostolorum
1128 1027 1221 1105 ohitu,

144 1128 175 1185 in
190 1125 291 1185 Africa
304 1125 456 1184 christiani
470 1124 639 1199 archieps,
661 1125 813 1201 aegyptii,
834 1130 865 1183 et
878 1126 1055 1184 mauruslaci
1068 1141 1128 1184 ana
1140 1143 1219 1185 man·

143 1231 195 1302 te,
218 1231 248 1284 et
266 1239 327 1284 una
345 1223 403 1282 tide
415 1223 640 1298 praedicarunt,
660 1229 695 1281 ut
709 1237 798 1298 supra
810 1223 921 1282 dictum
934 1231 988 1282 est.
1005 1225 1039 1282 ln
1053 1222 1142 1284 Asiae
1154 1241 1220 1301 pro·

144 1324 267 1398 vinclis,
291 1324 321 1380 in
337 1321 501 1382 Palaestina
514 1319 675 1397 Eusebius,
697 1328 727 1380 et
739 1319 883 1399 cyrillus,
905 1323 936 1380 ln
954 1321 1056 1399 Syriae
1070 1323 1221 1382 orientalis

144 1419 253 1481 lintbus
272 1419 474 1496 Ephraamus,
495 1419 527 1478 in
546 1417 644 1498 Cypro
663 1419 862 1496 Epiphanius,
889 1421 921 1478 in
941 1418 1027 1498 Syria
1047 1421 1220 1482 occidentali

146 1517 372 1596 chrysostomus
392 1517 500 1594 aliique
519 1517 597 1576 idem
617 1517 830 1593 expleverunt,
852 1523 882 1581 et
901 1517 1072 1577 docuerunt.
1092 1519 1167 1578 Item
1187 1521 1219 1578 in

145 1617 281 1693 Europa,
302 1616 434 1693 Romae,
454 1615 505 1676 ahl
525 1631 585 1676 vox
604 1614 684 1675 Petri
704 1617 853 1692 resonuit,
874 1621 904 1674 et
923 1617 1032 1676 veritm
1050 1616 1217 1678 traditionis

145 1714 306 1791 solidatur,
327 1713 526 1798 Hippolytus,
547 1714 621 1773 Acta
641 1713 688 1773 Ss.
704 1713 863 1774 Felicitatis
876 1719 906 1774 et
925 1713 1102 1792 Perpetuus,
1117 1722 1147 1776 et
1160 1715 1215 1776 Ar·

143 1812 270 1889 noblus,
292 1811 414 1890 allisque
433 1815 465 1872 in
492 1811 657 1872 Occidentis
675 1813 834 1888 modoetia
854 1811 1052 1888 Ambrosius,
1076 1816 1219 1890 ceterique

144 1910 271 1986 emera.
293 1911 423 1970 Maxime
443 1915 541 1970 autam
555 1916 657 1970 notatu
678 1910 801 1988 dignum
814 1912 846 1969 ln
859 1911 988 1970 recitatis
1002 1913 1219 1986 primaevorum

145 2015 261 2086 patrum
280 2009 454 2068 testimoniis
467 2015 530 2085 cst,
551 2007 665 2068 nullum
689 2008 767 2068 hauc
789 2008 952 2069 doctrinam
973 2023 1144 2086 aggressum
1158 2024 1220 2068 essa

145 2106 400 2186 lnvmdgandm,
422 2109 484 2166 siue
504 2106 699 2183 firmandam,
721 2105 772 2166 sed
794 2123 915 2183 omnes,
936 2112 972 2167 ut
985 2113 1083 2166 actum
1101 2109 1218 2166 univer·

145 2206 200 2264 sim
213 2206 245 2264 in
259 2205 395 2264 omnihus
409 2205 487 2264 orbis
501 2205 654 2265 christiani
668 2204 796 2264 ecclesiis
810 2211 925 2281 ratum,
947 2211 977 2264 et
991 2205 1138 2281 expletum
1153 2221 1220 2264 con·

147 2309 280 2382 matema,
291 2304 478 2380 simpliciter,
500 2309 529 2362 et
541 2301 650 2380 ohlter,
664 2309 751 2380 prout
764 2319 862 2379 cmm,
878 2309 907 2363 at
919 2305 1156 2364 chaumatantiae
1169 2319 1220 2362 cx·

145 2401 351 2478 postularunt,
373 2400 411 2460 de
431 2401 486 2459 hoc
506 2399 618 2459 locutos
630 2416 703 2460 csse.
726 2400 864 2477 Insuper,
885 2402 1038 2460 memorati
1059 2402 1117 2460 utri
1134 2400 1221 2460 valde

145 2499 222 2558 inter
243 2513 275 2558 se
294 2498 405 2575 divisi,
426 2504 456 2558 et
475 2514 607 2558 sermone
627 2499 735 2575 alieni,
756 2505 785 2558 et
805 2505 866 2558 tam
885 2499 1003 2560 dhsltas
1023 2501 1156 2576 regiones
1175 2499 1220 2556 in-

145 2597 293 2674 colentes,
314 2597 367 2656 vix
387 2598 439 2657 uni
459 2596 495 2655 dc
515 2597 634 2657 alterius
655 2598 810 2657 existentia
829 2599 982 2673 certiores,
1004 2595 1150 2673 quomodo
1169 2612 1220 2671 po·

144 2701 241 2756 terant
260 2711 320 2755 una
340 2697 495 2755 mnaenira
524 2695 691 2773 huiusmodi
716 2711 805 2756 causa
826 2695 1020 2756 instituendae
1045 2694 1221 2755 domninae?

147 2799 177 2853 et
188 2796 318 2854 maxime
336 2795 415 2870 illas,
430 2797 569 2871 inquam,
590 2795 641 2871 qui
655 2794 800 2872 synodum
814 2797 967 2854 nicaenam
980 2793 1221 2870 praecesserant?

187 2889 214 2964 s.
237 2891 290 2949 xl.
313 2893 414 2968 Neque
433 2891 551 2952 tandem
571 2892 797 2970 excogitandum
817 2899 883 2968 est,
905 2892 961 2952 hoc
980 2891 1084 2951 fecisse
1103 2891 1219 2950 christi·

147 2984 247 3046 ildeles
267 3003 304 3046 ax
324 2988 452 3064 quadam
472 2990 680 3049 cmsuetudine
704 2987 795 3049 v'arits
815 2990 966 3066 gendliom
994 2991 1072 3048 circa
1091 2993 1222 3048 mortuos

146 3085 311 3160 praestigiis
330 3086 451 3160 vinctu
473 3085 511 3144 ah
530 3085 577 3145 his
590 3089 669 3144 enim
689 3086 774 3144 valde
789 3085 985 3145 abhorrebant
1005 3087 1176 3161 christiani,
1191 3091 1221 3145 et

145 3178 209 3240 deri
229 3183 349 3242 omnino
368 3197 428 3241 non
447 3189 579 3259 poterat,
601 3189 635 3243 ut
655 3188 871 3243 sacrosanctum
891 3183 1090 3242 Eucharistiae
1109 3181 1220 3259 Myste-

149 3279 226 3338 rium
246 3285 307 3339 mm
327 3279 446 3340 ludricis
465 3280 648 3342 ethnicorum
669 3281 774 3340 ritihus
793 3281 958 3357 pollutum,
986 3280 1140 3340 offerretur
1160 3280 1221 3340 Deo

146 3394 164 3438 a
184 3377 364 3440 christianis.
387 3379 496 3457 Nulla,
517 3380 850 3459 inquam,ethnicorum
868 3379 1069 3454 consuetudo,
1090 3394 1144 3438 nac
1163 3380 1221 3438 viri

143 3631 212 3692 tant,
227 3633 320 3682 etcum
330 3645 435 3696 paupere
446 3631 602 3682 manducant.
614 3634 643 3682 lc
655 3631 756 3694 litteris,
772 3631 884 3696 insuper,
899 3627 1103 3681 heremodissimi
1114 3627 1219 3690 Triocha

150 3709 282 3774 Babylonis
298 3711 404 3776 episcopi
421 3713 542 3776 (Annali,
557 3713 691 3775 utsupra,
708 3709 776 3763 lasci.
792 3719 832 3764 aa.
849 3725 875 3776 p.
893 3711 952 3774 at.)
974 3711 1079 3774 legiturr
1107 3709 1151 3759 «ll
1169 3711 1218 3759 lia·

147 3787 247 3840 mon
263 3792 277 3842 h
292 3803 326 3842 un
338 3805 403 3844 masc
413 3792 439 3842 di
456 3794 602 3856 panitcuaa3
618 3793 649 3845 ed
665 3794 713 3843 alle
734 3791 809 3856 gulde
824 3805 875 3842 noa
888 3791 958 3856 piace
971 3792 1047 3841 molto
1059 3789 1085 3840 di
1095 3789 1219 3854 viaggmc

148 3868 267 3934 digium
284 3871 330 3923 che
341 3886 368 3924 se
383 3876 473 3937 spania
489 3874 513 3924 al
529 3873 577 3924 lina
592 3873 617 3924 la
631 3887 713 3924 nuova
728 3874 787 3924 luna
802 3873 982 3926 ιιιιιιιιιίιῑιίιε
997 3873 1037 3924 del
1053 3871 1125 3924 dilui
1136 3869 1216 3926 israu-

148 3963 199 4014 oe;
215 3962 273 4001 acco
288 3965 359 4016 sorge
373 3953 391 4004 il
408 3953 434 4004 dl
449 3955 591 4006 oomaorato
606 3954 655 4004 alla
670 3955 796 4020 praphicra
815 3955 855 4019 pei
870 3955 963 4018 moni,
983 3953 1014 4004 ed
1030 3953 1088 4016 ogni
1107 3951 1147 4016 pio
1163 3953 1229 4016 Mu,

149 4031 262 4082 salmana
276 4045 309 4084 va
325 4033 435 4085 debitore
450 4036 477 4086 dt
493 4049 543 4085 una
557 4037 631 4086 visita
647 4036 694 4086 alle
709 4037 792 4087 tomba
808 4037 871 4099 degli
887 4037 936 4087 avi.
950 4055 962 4078 a
1208 4021 1210 4027 ¹

186 4113 422 4178 Quomodocumquc
437 4129 495 4166 uero
511 4117 537 4166 hi
552 4115 723 4180 ethnicorum,
739 4118 764 4167 et
778 4119 904 4168 turcamm
919 4119 988 4168 actus
1009 4129 1066 4179 erga
1085 4115 1213 4164 deiunctae

150 4204 202 4242 sese
216 4195 333 4258 habeam,
350 4196 485 4260 putandum
496 4197 597 4262 quidem
613 4200 671 4261 cst,
688 4213 730 4250 eos
743 4198 883 4262 huiusmodi
894 4197 1046 4260 collumbae,
1062 4196 1174 4258 credere,
1192 4195 1225 4243 vi·

148 4284 193 4320 vos
208 4287 280 4336 possa
298 4278 402 4328 mortuis
418 4277 546 4339 suflragari
