3070 5180
522 377 563 392 *⁸*
583 366 653 408 xvll
674 380 716 394 *-

88 465 340 574 Augustinus
379 465 434 542 ait
462 483 692 543 recurratur
724 461 775 543 ad
805 492 989 572 graecum
1012 466 1164 573 pande-

4 591 5 594 *
87 618 204 697 cten,
246 599 320 706 qui
350 626 509 677 omnem
542 598 668 706 legem
704 595 880 677 divinam
915 597 1165 706 dignoscitur

87 733 297 812 continere
315 731 540 830 collectam,
571 731 634 809 vel
658 731 809 838 quibus
830 731 1019 838 possibile
1046 731 1167 815 fuerit
1266 742 1269 751 '

88 867 306 946 hebraeam
327 863 594 973 Scripturam,
619 863 681 942 vel
711 864 796 970 ejus
823 861 1006 944 doctores
1033 841 1168 974 requi·

87 1026 174 1078 rere
187 1027 277 1078 non
294 997 526 1078 detrectent.
545 1000 669 1098 Decet
692 998 798 1077 enim
820 1013 883 1095 ut,
907 997 1002 1076 inde
1021 997 1071 1078 ad
1092 1027 1165 1080 nos

87 1133 199 1212 venit
219 1133 403 1211 salutaris
420 1129 644 1228 translatio,
670 1129 764 1210 inde
784 1131 929 1209 iterum
951 1130 1085 1210 redeat
1104 1131 1169 1212 de·

88 1293 185 1344 cora
210 1266 421 1344 eorrectio.
453 1264 598 1359 Merito
614 1263 720 1342 enim
746 1262 929 1370 patribus
953 1265 1099 1343 nostris
1115 1262 1167 1343 de

89 1399 166 1478 hae
198 1426 245 1476 re
274 1398 446 1476 maxima
475 1424 573 1475 eura
602 1395 704 1494 brit,
741 1424 792 1474 ne
821 1398 959 1476 tunica
991 1395 1164 1496 domini,

89 1559 215 1638 quam
236 1530 476 1610 truculentis
497 1529 690 1608 militibus
712 1528 893 1610 scindere
920 1559 1004 1609 non
1030 1530 1164 1629 licuit,

89 1663 312 1744 lectoribus
343 1664 545 1772 subjaceat
576 1664 783 1772 imperitis.
817 1661 967 1742 Audiat
998 1662 1168 1771 Spiritus

90 1797 263 1878 Sanctus
286 1796 567 1893 sincerissima,
593 1824 698 1904 quae
713 1795 897 1893 donavit,
919 1797 1085 1903 recipiat
1102 1797 1169 1876 illa

91 1930 228 2028 beata,
256 1957 362 2037 quae
382 1929 565 2009 contulit.

149 2063 311 2144 Saeculi
342 2064 470 2142 octavi
499 2063 625 2142 initio·
646 2064 789 2142 claruit
821 2061 926 2142 Beda
959 2063 1169 2172 presbyter

91 2199 248 2307 anglus.
271 2198 309 2276 Is
337 2197 380 2276 in
420 2214 589 2277 tractatu.
618 2195 668 2275 de
692 2197 839 2304 linguis
865 2199 1043 2304 gentium
1071 2199 1168 2276 haec

91 2333 239 2412 habet:
269 2360 289 2404 u
318 2331 416 2409 Tres
443 2347 538 2409 sunt
570 2349 702 2409 autem
736 2330 897 2436 linguae
918 2357 1078 2427 sacrae,
1099 2332 1169 2408 he-

91 2466 215 2546 braea
244 2464 410 2562 scilicet,
443 2493 605 2572 graeca,
645 2465 788 2561 latina,
819 2491 924 2571 quae
951 2479 1037 2544 toto
1072 2464 1171 2543 orbe

92 2600 268 2679 maxime
300 2599 515 2678 excellunt.
548 2599 620 2676 His
651 2599 757 2676 enim
778 2596 910 2675 tribus
931 2597 1078 2705 linguis
1105 2626 1172 2677 su·

92 2761 165 2840 per
196 2759 359 2812 crucem
393 2733 554 2814 Domini
585 2760 607 2810 a
642 2729 770 2809 Pilato
805 2729 881 2808 fuit
913 2759 1032 2809 causa
1067 2731 1172 2809 illius

93 2865 256 2974 scripta.
288 2864 430 2964 Unde,
464 2875 504 2944 et
525 2882 692 2973 propter
726 2863 1013 2943 obscuritatem
1045 2892 1172 2943 sacra-

94 3027 184 3076 rum
204 2997 532 3106 Scripturarum,
563 2999 706 3076 harum
734 2983 910 3104 cognitio
927 3033 928 3036 ¹
945 2998 1065 3077 trium
1097 2999 1172 3076 lin-

95 3160 267 3238 guarum
295 3107 521 3210 necessaria
538 3149 618 3229 est,
650 3148 696 3209 ut
722 3129 771 3210 ad
800 3131 962 3210 alteram
991 3158 1172 3210 recurra-

93 3281 195 3362 tur,
230 3263 328 3342 dum
372 3266 528 3371 siquam
560 3263 853 3344 dubitationem
885 3265 1080 3361 nominis,
1111 3264 1173 3341 vel

95 3399 436 3506 interpretationis
456 3426 585 3477 sermo
610 3398 732 3476 unius
757 3398 917 3505 linguae
939 3398 1169 3478 attulerit.»

96 3530 356 3639 Quicumque
375 3530 551 3639 ejusdem
565 3529 694 3611 Bedae
712 3532 852 3641 legerit
865 3533 908 3609 in
926 3511 1062 3610 dirina
1080 3533 1174 3612 scri-

95 3681 164 3770 pta
182 3665 484 3762 commentaria,
513 3665 656 3745 viderit
679 3692 762 3772 qua
785 3663 1015 3763 sedulitate,
1046 3663 1172 3744 etfre-

99 3799 268 3904 quentia
294 3825 455 3904 graecos
479 3798 636 3878 codices
658 3798 904 3894 Bibliorum,
934 3815 975 3878 et
1000 3798 1176 3908 Aquilae

98 3927 326 4036 Symmachi
346 3933 562 4032 versiones,
584 3952 741 4040 praeter
754 3931 1028 4040 Septuaginta,
1046 3931 1176 4012 adive-

99 4063 167 4160 rit,
196 4079 238 4144 et
262 4063 470 4145 hebraicos
493 4065 623 4145 fontes
647 4066 882 4164 contulerit,
913 4083 958 4145 ut
982 4088 1091 4145 sacer
1116 4083 1174 4142 te-

101 4215 193 4279 xtus
215 4198 440 4304 legentibus
460 4200 586 4307 magis
607 4199 826 4306 patefieret.
858 4200 1045 4308 Egregios
1073 4199 1177 4275 insu·

854 4363 873 4422 b
