3022 5178
518 406 701 461 2175-—

107 515 187 578 lnter
199 517 308 594 scripta
325 517 387 575 dlvi
399 516 553 576 Athanasii
567 521 697 595 exsurgit
714 518 835 593 epistola
849 519 990 596 synodica
1010 518 1147 583 ecelesiae

72 618 258 694 aegyptiacae
276 621 469 690 congregatae
483 632 500 672 e
515 614 682 692 Thebaide,
706 615 801 692 Libya
821 622 850 674 et
866 615 1036 695 Pentapoli,
1054 624 1147 678 omni·
1198 691 1201 698 1

70 713 120 772 hus
134 715 277 789 episcopis
290 712 435 770 Ecclesiae
447 711 612 770 Catholicae
626 715 736 787 missa,
761 729 835 788 quae
849 713 921 772 haec
932 714 1095 790 Sapientiae
1108 717 1146 794 (l)

69 811 132 870 libri
145 811 227 869 dicta
240 809 346 869 Offei't:
366 810 433 864 «Ου’
455 809 581 882 φοβοῦται
607 811 633 862 δέ
651 811 680 864 τό
694 809 718 862 ἕν
736 814 794 874 ταῖς
809 809 899 882 ἁγίαις
909 815 1022 884 γραφαῖς
1033 835 1151 888 puppespu-

67 908 148 979 μένον·
178 905 278 979 μάρτυς
295 906 393 975 ψευδές
412 907 463 979 οὐχ
479 906 640 979 ἀτιμώρητος
664 908 757 971 ἔσται,
778 909 821 962 καί
844 908 932 981 στόμα
952 911 1152 980 καταψευδόμε-

66 1020 103 1053 aar
120 999 220 1071 elapsi
239 995 332 1070 dcxlv
344 1036 351 1061 ‚
365 1001 386 1056 l.
403 1015 429 1057 e.
446 998 506 1056 Nec
525 1001 629 1057 timent
651 999 728 1075 quod
749 1001 780 1058 in
798 1002 907 1058 sanetis
924 1000 1079 1076 Scripturis
1098 1001 1150 1060 de·

66 1098 210 1172 scriptum
228 1103 282 1154 est:
299 1096 419 1154 -Testis
447 1095 540 1154 falsus
560 1112 620 1153 non
638 1103 682 1154 est
700 1099 872 1173 impunitus,
888 1102 917 1156 et
932 1115 964 1158 os
982 1099 1061 1174 quod
1073 1115 1151 1158 men-

66 1196 138 1253 titur
156 1193 263 1252 occidit
285 1195 424 1252 annuam.
445 1192 570 1252 »Paulo
591 1200 657 1269 post
677 1196 709 1252 in
731 1195 831 1253 cadem
854 1195 975 1271 epistola
993 1196 1090 1272 angeli
1110 1195 1149 1254 ad

66 1289 192 1350 ’lobiam
210 1291 354 1366 loquantis
366 1290 403 1366 (a)
420 1289 509 1348 verba
523 1291 666 1366 quaedam
682 1291 773 1350 relata
787 1298 856 1350 sunt
869 1292 924 1351 hoe
935 1293 1041 1352 modo:
1070 1317 1082 1342 «
1098 1295 1150 1346 ilai

65 1389 109 1443 οὐκ
131 1387 308 1461 αἰσχύνονται
327 1389 411 1442 ταῦτα
429 1386 472 1444 e’att'
493 1389 692 1461 κατηχουμὲνων
707 1423 718 1457 ,‹
738 1389 783 1442 κα(
801 1388 863 1459 τόγε
882 1387 1016 1462 χείριστον
1027 1427 1037 1456 ,
1050 1388 1094 1444 ἔπί
1109 1391 1153 1444 ἕλ-

64 1479 143 1540 Maur
163 1483 350 1552 τραγῳδοῦντες
370 1482 402 1532 ταὶ
417 1481 558 1552 μυστήρια·
581 1480 634 1533 δέον
649 1481 681 1543 ὥς
695 1482 842 1553 γέγραπται
862 1482 1000 1554 μυστήριον
1020 1481 1147 1547 βασιλέως

64 1571 145 1626 καλὸν
167 1571 304 1645 κρύπτειν,
328 1572 372 1626 καὶ
396 1573 488 1647 etc.,i.
505 1588 531 1630 e.
547 1572 607 1630 Nec
627 1589 676 1630 eos
693 1573 781 1648 pudet
796 1590 894 1632 coram
917 1575 1148 1651 catechumenis,

69 1675 96 1728 et
118 1670 200 1747 quod
217 1673 299 1746 pejus
317 1674 361 1728 est
380 1685 479 1728 eoram
498 1670 620 1730 ethnicis
642 1671 713 1728 haec
733 1671 884 1730 traducere
902 1675 1064 1748 mysterla;
1084 1689 1151 1732 eum

65 1774 220 1845 oporteat,
240 1771 315 1826 sicut
341 1770 481 1842 scriptum
513 1775 576 1844 est,
605 1771 775 1846 mysterium
794 1772 870 1846 regis
892 1769 1002 1828 bonum
1029 1770 1151 1829 abscon·

68 1866 158 1942 dere,
180 1873 265 1926 etc.»

103 1965 307 2024 Theodoretus
331 1963 406 2024 libro
425 1982 463 2022 11.
484 1965 629 2024 Historiae
658 1967 871 2026 ecclesiasticae
897 1965 1014 2042 collegit
1040 1966 1151 2025 litteras

65 2063 175 2140 synodi
194 2064 326 2124 sardicae
346 2081 421 2139 quae
439 2064 478 2122 ad
493 2067 584 2122 totius
606 2064 685 2123 orbis
714 2067 863 2138 episcopos
890 2067 996 2122 missae
1015 2064 1151 2140 fumum,

66 2178 147 2220 anno
169 2161 278 2248 Christi
297 2161 417 2220 aliubi
434 2161 598 2237 Sapientiae
614 2163 813 2220 testimonium
833 2163 939 2236 legitur
959 2162 995 2218 de
1012 2161 1079 2220 Filii
1095 2162 1150 2238 hy-

65 2261 197 2334 postasi,
214 2259 293 2334 quod
310 2276 347 2318 ex
364 2275 414 2318 ora
431 2260 522 2333 ipsius
536 2259 698 2318 divinitatis
716 2261 944 2334 pronunciatur:
965 2255 1045 2312 «Ὅτι
1062 2259 1151 2332 φησίν·

64 2357 81 2416 η’
99 2356 198 2410 πάντων
215 2360 329 2430 τεχνῖτις
349 2355 450 2422 aalma*
463 2379 496 2428 με
513 2357 611 2428 eopia,
630 2358 650 2414 i.
667 2374 693 2416 c.
712 2357 856 2429 Quoniam
878 2356 967 2415 dicit:
985 2356 1151 2416 -Omnium

67 2453 175 2512 ardlex
187 2453 225 2530 (4)
240 2455 339 2514 docuit
352 2472 399 2513 me
412 2455 576 2531 Sapientia:
594 2485 606 2498 ·
621 2454 675 2514 Cui
692 2453 842 2530 subjungit
857 2454 1003 2512 loannes:
1020 2486 1032 2497 -
1047 2454 1153 2512 Omnia

66 2569 119 2627 per
140 2554 238 2627 ipsum
256 2553 333 2612 facta
351 2561 429 2612 sunt.
445 2579 457 2602 »

107 2650 144 2708 In
163 2667 275 2709 canone
288 2659 392 2728 quarto
410 2651 531 2711 Concilii
546 2652 687 2710 valentini
698 2649 735 2726 (5)
747 2652 844 2725 primi,
870 2668 946 2709 anno
959 2651 1075 2708 Domini
1093 2657 1149 2708 374

65 2747 232 2823 Sapientiae
241 2749 278 2824 (6)
292 2750 441 2825 Scriptura
449 2751 606 2810 extollitur:
627 2749 679 2808 «Et
695 2748 798 2824 (Deus)
814 2755 875 2807 tam
894 2749 975 2807 dives
992 2750 1153 2808 misericor-

65 2847 138 2922 dia,
157 2849 192 2905 ut
213 2863 298 2906 nemo
312 2847 452 2923 desperet.
470 2847 567 2922 Deua,
586 2850 679 2922 enim,
695 2853 817 2905 mortem
841 2865 899 2905 non
921 2847 1007 2922 lecit,
1023 2863 1075 2904 nec
1095 2847 1152 2904 lae·

68 2951 149 3004 latur
169 2947 200 3002 in
219 2945 380 3020 perditione
397 2948 542 3005 vivorum.
558 2971 570 2996 »
954 2950 957 2956 '

108 3043 137 3116 s.
161 3042 214 3102 IV.
235 3044 322 3101 Initio
340 3044 449 3102 saeculi
468 3045 582 3119 quinti,
600 3045 710 3102 llomae
726 3042 895 3121 pontificatu
910 3043 1048 3117 fungente
1067 3043 1153 3099 Inno-

67 3142 165 3198 centio
187 3141 268 3217 Papa
285 3143 309 3199 Ι.
334 3144 483 3217 episcopus
511 3141 660 3198 tolosanus
680 3140 906 3215 Exupe1·iuS,ei
930 3140 1006 3196 datis
1030 3139 1153 3212 litteris,

67 3239 105 3296 de
122 3241 213 3297 variis
232 3240 375 3315 consulit,
397 3243 428 3296 in
450 3239 555 3315 quihus
571 3241 659 3296 etiam
680 3238 716 3296 de
730 3237 847 3296 Canone
863 3237 1033 3294 divinorum
1051 3236 1155 3294 Biblio

68 3353 157 3412 rum;
172 3339 220 3395 cui
241 3339 284 3395 sic
302 3337 454 3412 respondet
469 3338 673 3394 Innocentius:
695 3361 707 3386 «
720 3335 889 3394 Consulenti
907 3334 981 3409 tihi,
1002 3334 1091 3391 frater
1106 3351 1152 3392 ca-

70 3437 202 3510 rissime,
218 3435 289 3511 quid
303 3434 338 3494 de
354 3437 500 3510 proposito
513 3437 607 3509 specie
625 3449 799 3510 unaquaque
817 3436 974 3508 sentirem,
996 3449 1048 3506 pro
1067 3439 1153 3506 captu

67 3533 277 3608 intelligentiae
306 3549 411 3608 meae,
438 3540 599 3608 quaesunt
628 3535 711 3606 visa,
742 3531 898 3606 respondi,
930 3529 1000 3606 quid
1031 3545 1153 3605 sequen·

68 3633 161 3708 dum,
178 3632 226 3690 vel
240 3631 362 3690 lucidior
382 3633 455 3690 ratio
474 3630 674 3706 persuaderet,
690 3631 736 3687 rel
752 3631 908 3687 auctoritas
927 3629 1048 3688 lectione
1062 3633 1155 3686 osten-

69 3731 169 3805 deret,
192 3730 240 3786 vel
272 3729 417 3787 custodita
439 3732 527 3788 series
554 3735 716 3804 temporum
739 3727 960 3785 demonstraret.
986 3727 1023 3784 Et
1039 3726 1156 3802 quidem

69 3828 188 3888 dilectio
200 3834 253 3886 tua
269 3828 435 3886 institutum
449 3834 548 3886 secuta
561 3826 746 3902 prudentium
757 3826 765 3900 (
776 3826 832 3898 vel,
842 3830 929 3901 juxta
948 3826 1020 3883 alios
1031 3823 1155 3898 mdices,

72 4023 174 4070 Petrum
193 4033 252 4068 cum
273 4019 420 4082 Plriloaopllo
440 4019 528 4070 Arlano
553 4017 661 4067 ‹leleclae
685 4019 743 4065 sunt
765 4055 771 4078 ‚
795 4031 899 4078 utrarum
926 4017 972 4066 nisi
995 4015 1097 4078 obsequi
1116 4027 1156 4064 ue·

74 4099 104 4148 lle
117 4099 280 4160 auctoritati,
306 4099 397 4162 quippe
412 4111 507 4162 quaen
533 4097 633 4148 nicaena
657 4096 768 4146 doctrina
796 4097 887 4146 alienae
917 4098 996 4156 drrnt,
1025 4094 1155 4156 antiquita-

73 4183 123 4230 tem
140 4181 229 4230 aaltent
241 4193 364 4228 reiterare,
377 4180 449 4243 -(ι)
461 4179 526 4229 Edit.
540 4179 643 4229 lilanrin.
660 4180 719 4228 torn.
734 4181 752 4226 l.
775 4192 798 4239 p.
820 4184 873 4228 125.
885 4201 915 4214 -
928 4175 962 4238 (2)
975 4179 1030 4238 Sap.
1049 4189 1070 4223 c.
1084 4177 1103 4222 i.
1120 4181 1155 4224 iu.

73 4285 103 4296 -
114 4259 147 4322 (3)
157 4259 220 4308 Toh.
234 4273 256 4309 c.
268 4261 322 4308 llll.
335 4264 358 4310 7.
372 4288 401 4297 -
421 4261 454 4322 (1)
468 4263 523 4322 Sap.
536 4274 557 4308 e.
573 4263 595 4308 7.
611 4265 665 4309 aar.
688 4285 718 4294 -
729 4256 761 4318 (5)
773 4258 861 4307 Lahhel
879 4261 939 4306 torn.
960 4260 990 4306 ll.
1004 4281 1033 4293 —
1052 4255 1086 4318 (6)
1099 4258 1147 4316 Sap

75 4341 165 4391 clu.
183 4347 219 4390 13.
