2964 5174
826 377 986 428 ..γρ-

366 501 415 544 eos
428 492 527 545 tamen
538 488 569 544 in
579 486 790 560 auctoritatem,
802 487 929 544 maxime
942 484 1127 545 occidentalis
1141 484 1192 561 (1),
1203 487 1361 561 antiquitus
1371 504 1437 549 rece

368 586 411 658 pit
425 583 570 659 Ecclesia,
589 599 713 660 quorum
733 586 764 642 in
781 599 840 644 uno
858 586 1038 660 apertissime
1052 586 1148 660 passio
1167 583 1275 644 Christi
1296 585 1438 662 propheta·

365 687 424 740 tur.
439 705 451 731 ι
468 682 512 740 Αε
528 682 648 757 prolatis
663 681 825 758 Sapientiae
842 687 871 740 et
886 682 1078 742 Ecclesiastiei
1092 681 1268 758 ‹prlbusdam
1286 686 1437 764 sententiis,

364 794 438 854 quae
447 778 605 838 Salvator-is
613 781 777 855 passionem
790 781 1010 855 praenunciant,
1018 781 1147 854 explicit:
1166 780 1284 856 «Hanc,
1292 782 1407 856 optandi
1415 791 1440 842 et

365 877 501 951 precandi
521 880 626 953 specie,
647 878 829 953 prophetiam
846 895 898 952 per
914 877 1015 938 lesum
1031 877 1180 937 Christum
1196 879 1332 938 videmus
1349 881 1440 955 imple·

365 981 443 1050 tam3
465 975 516 1034 sed
532 975 672 1034 adversus
690 975 918 1034 contradictores
931 989 992 1034 non
1005 980 1089 1034 tanta
1101 975 1237 1035 firmitate
1250 976 1440 1054 proferuntur,

365 1087 440 1148 quae
453 1075 561 1148 scripta
572 1089 631 1132 non
645 1081 714 1132 sunt
727 1076 759 1132 in
772 1073 889 1133 Conona
902 1073 1085 1149 judaeorum.
1096 1099 1109 1124 »
1123 1072 1204 1132 Idem
1218 1073 1290 1132 alibi
1301 1075 1439 1150 asseritis)

364 1173 401 1231 de
422 1171 585 1247 Sapientiae
601 1170 693 1230 libro:
713 1172 803 1231 «Ista
822 1172 858 1230 dc
877 1171 959 1230 libris
978 1173 1128 1247 posuimus
1143 1188 1218 1247 quos
1237 1178 1268 1231 et
1279 1172 1382 1248 judaei
1399 1190 1439 1232 ea·

364 1271 485 1329 nonicos
500 1268 619 1344 babent,
632 1269 676 1344 (et
688 1268 869 1345 paulopost)
882 1267 934 1328 sed
946 1284 1007 1327 non
1019 1274 1089 1328 sunt
1100 1269 1252 1328 omittendi
1268 1274 1299 1328 et
1315 1269 1363 1346 hi,
1377 1287 1441 1346 quos

364 1367 482 1444 quidem
504 1373 571 1426 ante
590 1366 750 1426 Salvateris
775 1366 935 1426 adventum
955 1371 1070 1426 constat
1094 1382 1157 1426 csse
1180 1369 1379 1443 conscriptes,
1399 1369 1440 1428 sed

365 1485 414 1528 eos
427 1483 487 1525 non
498 1473 628 1540 receptos
637 1482 655 1524 a
665 1465 792 1542 judaeis3
798 1467 901 1540 recipit
913 1471 1013 1524 tamen
1030 1464 1159 1541 ejusdem
1174 1463 1337 1526 Salvateris
1351 1467 1437 1526 Eccle-

367 1570 422 1626 sia.
435 1566 576 1658 sPariter
586 1565 622 1623 de
635 1564 879 1624 Maehabaeorum
890 1564 972 1623 libris
983 1569 1105 1624 testetru
1115 1565 1147 1621 in
1159 1563 1179 1622 l.
1193 1564 1230 1624 de
1239 1563 1329 1624 Civit.
1339 1565 1399 1624 Dei:
1409 1567 1440 1642 (3)

367 1664 446 1736 Quos
465 1680 525 1723 non
538 1663 658 1740 judaei,
676 1663 727 1722 sed
737 1663 867 1722 Ecclesia
886 1679 939 1738 pro
954 1661 1108 1722 canonicis
1126 1661 1232 1737 habet,
1247 1667 1366 1738 propter
1377 1680 1439 1739 quo·

365 1764 501 1823 rumdam
513 1769 677 1840 martyrum
696 1763 845 1837 passiones
865 1760 1054 1820 vehementes
1065 1766 1094 1819 et
1113 1760 1281 1837 mirabiles,
1302 1763 1352 1838 qui
1370 1767 1438 1819 ante-

367 1877 457 1937 quam
472 1860 605 1920 Christus
622 1863 749 1920 venisset
761 1863 793 1918 iu
809 1875 943 1936 earnem,
958 1875 1050 1936 usque
1062 1858 1100 1918 ad
1112 1865 1236 1918 mortem
1251 1875 1307 1934 pro
1324 1858 1385 1935 lege
1394 1857 1437 1917 Ilei

367 1965 562 2041 certauerunt.

406 2047 538 2115 Tandem
551 2059 681 2115 maxima
694 2057 896 2116 observatione
917 2057 1039 2133 dignam
1050 2062 1095 2116 est
1105 2055 1247 2132 quidquid
1258 2060 1377 2115 sanctus
1391 2055 1438 2129 epi·

365 2169 469 2230 scopus
485 2155 589 2214 litteris
606 2155 711 2213 Hilarii
724 2155 894 2232 respondet,
912 2157 964 2233 qui
977 2173 1044 2215 eum
1063 2161 1215 2214 monuerat
1232 2155 1435 2228 massilienses,

366 2255 496 2329 aliosque
513 2254 675 2314 Galliamm
686 2255 825 2330 populos,
840 2255 953 2314 haeresi
969 2255 1122 2331 pelagiana
1143 2259 1315 2329 corruptos,
1333 2251 1436 2327 Sapien-

365 2354 423 2410 tiae
441 2352 547 2410 librum
563 2367 624 2410 non
641 2354 768 2427 recipere
785 2357 819 2410 ut
843 2354 1026 2411 eanomeum.
1059 2353 1197 2425 Quaestio
1215 2357 1316 2410 autem
1334 2356 1392 2408 tota
1411 2351 1436 2406 ln

365 2449 444 2507 illius
459 2448 527 2507 libri
541 2449 626 2508 dietis
641 2449 831 2510 versabatur:
852 2449 989 2524 «Raptus
1004 2454 1064 2526 est,
1079 2452 1190 2525 inquit,
1205 2465 1244 2506 ne
1256 2446 1370 2507 malitia
1382 2461 1434 2504 ruu-

364 2549 439 2604 tarst
455 2546 633 2604 intellectum
647 2550 721 2623 ejus,
738 2547 846 2622 placita
858 2549 936 2605 enim
947 2553 1010 2606 erat
1024 2548 1084 2606 Deo
1103 2551 1201 2606 anima
1214 2546 1315 2622 illius,
1333 2550 1435 2621 propter

365 2642 421 2701 hoc
431 2647 598 2718 properavit
609 2661 676 2703 eum
692 2645 834 2704 Dominus
845 2645 967 2704 educere
976 2645 1013 2704 de
1024 2646 1120 2704 medio
1131 2647 1330 2720 iniquitatum.
1345 2643 1435 2715 nouae

365 2743 506 2798 sententia
515 2740 552 2798 ab
565 2741 623 2800 illis
636 2741 788 2801 haereticis
800 2745 831 2800 in
843 2744 1043 2802 auctoritatem
1052 2758 1112 2800 non
1125 2741 1332 2817 accipiebatur,
1345 2757 1380 2800 ex
1389 2755 1436 2814 quo

365 2843 483 2896 sanetus
496 2838 571 2896 libro
587 2841 681 2914 primo
694 2839 731 2898 de
743 2840 1009 2900 Praedestinatione
1026 2839 1197 2900 Sanctorum
1211 2855 1276 2914 cap.
1301 2855 1365 2897 xiv.
1381 2852 1435 2894 cen·

364 2940 411 2994 tra
432 2935 547 2994 eosdem
563 2938 663 3012 irruit,
681 2954 716 2996 ae
733 2938 821 2996 simul
847 2938 1022 2996 catholicum
1041 2939 1207 3014 episcopum
1224 2937 1326 2996 docet:
1345 2935 1434 3007 «Quae

363 3048 431 3091 eum
446 3035 489 3091 ita
506 3035 565 3092 sint
584 3051 644 3092 non
655 3034 754 3094 debuit
768 3034 805 3110 (4)
815 3034 961 3110 repudiari
978 3037 1120 3094 sententia
1136 3033 1205 3092 libri
1216 3033 1378 3109 Sapientiae
1393 3031 1433 3106 qul

388 3258 423 3322 (l)
443 3261 510 3310 Haeo
527 3273 542 3310 a
562 3260 711 3324 Hieronymo
731 3260 819 3311 didicit
835 3262 1003 3324 Augustinus,
1027 3273 1084 3310 nam
1106 3274 1177 3324 saepe
1205 3259 1344 3310 Stridonius
1363 3257 1435 3306 doctu

363 3339 415 3388 suis
429 3339 526 3402 seriptis
545 3340 647 3390 inseruit
660 3341 782 3404 quaedam
801 3339 876 3390 dubia
890 3340 921 3390 de
931 3340 970 3391 his
989 3341 1121 3404 scripturis
1135 3353 1166 3390 eo
1182 3339 1250 3403 qued
1260 3337 1359 3389 hebraei
1375 3348 1432 3386 esre

361 3419 461 3469 canone
477 3420 534 3472 illos
553 3421 734 3482 rescinderint,
752 3422 777 3472 et
792 3411 904 3470 nonnulli
921 3421 954 3470 ob
972 3423 1019 3471 hoo
1041 3421 1115 3470 eliam
1132 3421 1267 3472 enmlales
1286 3417 1430 3476 asserebam,

362 3497 408 3548 ear
427 3513 477 3548 non
501 3503 642 3564 respuerent
662 3500 771 3552 divinam
790 3501 889 3551 illarum
912 3502 1083 3552 auctoritateret
1094 3539 1102 3564 ,
1123 3502 1151 3550 ut
1173 3501 1238 3550 inira
1263 3499 1375 3562 dicetur,
1398 3494 1429 3544 bit

362 3577 492 3640 scripturis
510 3579 653 3629 contradici.
674 3581 859 3631 Observandum
876 3583 958 3630 tamen
972 3583 1024 3643 est,
1047 3583 1102 3630 tum
1117 3581 1149 3631 de
1168 3581 1337 3644 Hieronymo,
1356 3579 1381 3626 ut
1397 3588 1428 3624 su·

362 3670 407 3719 pra
423 3657 517 3707 dietum
533 3660 585 3720 est,
607 3661 661 3708 turn
679 3659 710 3714 de
730 3661 884 3724 Augustino,
904 3661 933 3710 ut
952 3675 1011 3710 mox
1033 3661 1160 3724 legemus,
1182 3661 1228 3710 hae
1252 3659 1279 3709 in
1300 3656 1428 3722 mraestions

362 3735 538 3798 Hieronymum
552 3737 652 3788 cessisse
671 3740 806 3802 Augustino
817 3777 824 3802 ,
837 3740 897 3790 dum
913 3739 1007 3803 primus
1027 3740 1167 3803 opinionem
1178 3739 1277 3789 ineunte
1289 3739 1365 3788 aetate
1380 3736 1430 3783 tem·

360 3817 446 3877 perat,
466 3818 491 3865 et
502 3816 677 3868 ecclesiasticos
692 3819 787 3881 priores
800 3819 912 3870 dectores
927 3821 1058 3870 veneratur
1069 3857 1076 3882 ‚
1087 3820 1130 3882 qui
1145 3819 1172 3868 in
1185 3819 1297 3870 divium
1310 3813 1427 3867 auemrila·

359 3894 409 3943 tem
427 3897 583 3958 sumpserunt
601 3897 646 3946 has
665 3897 820 3961 Scripturas,
838 3900 868 3948 ut
883 3899 935 3962 ipse
950 3899 1059 3962 latetur,
1074 3900 1194 3948 etcontra
1208 3897 1334 3947 Bullinum
1352 3895 1381 3944 de
1396 3889 1429 3940 ad·

362 3971 496 4024 ditioribus
523 3976 618 4025 Danieli
634 3977 682 4026 boc
701 3977 767 4026 idem
786 3977 863 4039 magis
882 3978 996 4040 explieat.
1022 3979 1098 4028 Aliter
1122 3992 1181 4028 vero
1208 3972 1429 4040 augustinusait,

359 4053 403 4114 qut
419 4053 541 4116 integrum
560 4058 684 4105 canonem
702 4057 814 4105 nostrum
832 4057 963 4119 probavit,
982 4071 1011 4108 ao
1032 4058 1065 4106 ad
1083 4059 1188 4107 mortem
1215 4071 1294 4120 usque
1318 4056 1385 4105 firmo
1401 4052 1428 4100 te-

362 4132 426 4182 nuit.
439 4159 469 4170 -
478 4133 513 4196 (a)
532 4137 602 4184 Tem.
612 4136 655 4184 ΠΙ.
669 4148 694 4198 p.
710 4141 761 4184 133.
773 4161 804 4172 -
815 4134 849 4197 (3)
859 4138 920 4198 Aug.
937 4136 980 4188 lib.
992 4140 1081 4187 xvlll.
1095 4163 1126 4174 -
1136 4137 1170 4200 (l)
1182 4139 1310 4186 Hemaeus
1329 4135 1350 4200 §.
1363 4136 1391 4182 ll.
1402 4143 1426 4178 ex

359 4212 433 4262 cosm
449 4213 476 4262 iu
493 4213 595 4264 historia
608 4213 734 4275 canonis,
752 4213 838 4264 asserit
854 4213 992 4278 Scripturas
1011 4218 1130 4266 Deuteras
1152 4217 1178 4266 in
1196 4215 1306 4268 eeclesiis
1325 4225 1370 4264 non
1387 4207 1425 4268 liii

359 4290 390 4340 ab
409 4290 531 4356 episeopis
546 4295 572 4343 et
589 4293 753 4356 presbyteris,
775 4293 819 4344 sed
835 4306 849 4343 a
866 4294 961 4346 clericis
976 4295 1001 4346 in
1020 4297 1075 4346 loeo
1091 4296 1200 4350 interiori
1216 4297 1290 4360 sitis3
1307 4297 1332 4346 el
1345 4293 1375 4344 ad
1392 4291 1427 4340 bu·
