3094 5176
814 365 996 416 -120-

250 483 252 488 '
364 479 440 540 inter
459 489 596 536 romuucc
615 480 645 536 et
663 473 843 536 Antiochum
868 475 989 534 saucius
1009 472 1046 534 de
1070 473 1159 552 hujus
1185 489 1301 550 reguo,
1332 475 1444 534 minime

364 576 504 634 mentitus
523 580 567 633 est
587 588 668 634 moer
682 573 840 634 historicus
853 572 977 648 umus,
993 579 1079 649 capto
1091 570 1260 647 Antiocho,
1278 573 1444 632 universum

364 673 442 734 iliius
463 685 587 750 regnum
606 673 793 734 tributarium
812 675 947 734 evasisse
965 674 1105 738 romanis.
1132 671 1295 748 Nunquid,
1327 673 1444 746 acceptis

365 769 404 828 ab
421 769 568 830 Antiocho
587 770 823 844 conditionibus,
845 786 965 830 neccsse
985 776 1070 845 erat,
1092 776 1126 830 ut
1145 771 1253 830 milites
1274 771 1399 828 romani
1413 770 1444 828 ut

364 875 412 928 tra
429 867 1446 946 &vrimeehiedisemetsuqeemlndmnirrupusentndius

364 965 575 1044 expugnandas
595 969 718 1046 gmtesi
734 967 855 1028 Minime
867 971 1000 1044 iuquam.
1023 966 1132 1028 Omnes
1147 969 1228 1028 euim
1245 967 1344 1028 Aetne
1357 966 1446 1043 popuii

364 1082 424 1126 nou
439 1064 534 1124 enimn
549 1071 651 1143 ructu,
672 1065 724 1126 sed
738 1073 841 1142 sponte
853 1068 962 1142 etiam,
983 1073 1013 1126 et
1029 1065 1184 1142 uacuus,
1206 1072 1238 1124 ct
1249 1064 1447 1126 mutemus

366 1164 404 1230 cd
415 1166 560 1240 muham,
581 1180 613 1224 ec
627 1180 658 1224 sa
670 1166 800 1226 romanis
813 1164 1008 1238 dediderunt,
1031 1163 1160 1240 undique
1171 1165 1388 1222 conuenientes
1400 1178 1444 1236 pes

366 1262 477 1338 legem
495 1279 586 1338 euos,
608 1269 642 1325 ut
654 1265 685 1322 in
699 1278 799 1325 corum
813 1261 900 1324 fidem
915 1264 1133 1338 reciperentur,
1153 1261 1265 1338 opinati
1279 1259 1321 1318 oh
1336 1259 1448 1328 illorum
1531 1271 1532 1298 ²

366 1361 632 1438 magnificentium,
653 1363 808 1436 pietatem,
829 1367 859 1420 ct
876 1361 1027 1438 regiminis
1041 1359 1231 1434 firmitatem,
1246 1364 1388 1418 muman
1399 1357 1449 1416 sihi

366 1461 595 1536 comparandum
614 1461 670 1522 suh
689 1460 858 1524 eorumdem
874 1463 976 1537 siguis.
999 1461 1046 1518 lta
1066 1458 1158 1518 tradit
1177 1461 1285 1518 citatus
1305 1457 1448 1533 Polybius
1532 1532 1533 1544 ,

365 1559 525 1636 legatione
546 1575 620 1618 xxv.
647 1558 836 1636 «Appetente
845 1561 910 1635 jem
928 1563 1039 1618 aestate
1057 1563 1125 1633 post
1143 1558 1288 1616 victuma
1308 1556 1449 1617 Romanis

365 1658 568 1734 Antiochum,
595 1675 647 1718 rex
667 1659 835 1732 Eurncnes,
855 1663 885 1718 at
905 1655 1046 1734 Antiochi
1065 1655 1175 1733 iegati,
1196 1671 1232 1716 ac
1253 1653 1448 1730 rhodiorum,

367 1755 548 1833 aiiarnmqne
568 1757 637 1816 item
659 1758 807 1832 gentium,
817 1755 943 1816 nonnam
957 1759 1111 1816 venerunt.
1128 1752 1236 1812 Omnes
1250 1754 1333 1812 enim
1347 1769 1449 1828 prope·

367 1853 508 1929 mum,
529 1856 581 1931 qui
603 1853 706 1914 Asiam
729 1854 855 1930 coiunt,
880 1854 1005 1930 popuii,
1034 1854 1135 1914 statim
1160 1867 1179 1910 a
1200 1853 1353 1927 victorin,
1385 1867 1451 1912 snus

368 1951 494 2015 uomere
511 1951 622 2028 iegntm
641 1954 768 2028 misere,
791 1967 858 2012 cum
879 1967 981 2015 omnes
999 1965 1065 2026 apes
1088 1965 1156 2022 suns
1168 1951 1199 2010 in
1212 1938 1375 2025 posterum
1388 1951 1450 2010 uni·

369 2051 446 2110 nemi
467 2052 498 2110 in
519 2048 626 2112 Seuetu
649 2050 782 2117 Romano
803 2050 944 2111 haherent
964 2052 1046 2110 situs.
1074 2075 1086 2100 υ
1109 2048 1146 2108 Et
1173 2049 1272 2111 omnia
1290 2047 1335 2106 ed
1354 2063 1448 2106 amne

368 2149 425 2207 sim
448 2147 567 2208 divinoe
586 2147 772 2224 scriptume,
793 2163 868 2223 quae
887 2147 928 2208 ibi
948 2147 1020 2206 dicit
1043 2145 1081 2221 (1)
1107 2163 1114 2204 :
1142 2169 1154 2194 a
1178 2144 1254 2204 Cum
1274 2146 1382 2205 muisis
1405 2160 1450 2204 au

368 2252 427 2306 teur
446 2247 530 2322 sius,
551 2251 581 2306 ct
598 2247 701 2324 esitio
721 2248 762 2308 eie
783 2248 913 2322 requiem
933 2243 1092 2320 hebebant,
1105 2248 1359 2318 ccnoervavcruut
1381 2244 1448 2302 ami-

367 2345 510 2406 citium»

408 2441 490 2502 Adeo
508 2445 626 2520 insuper
647 2444 795 2519 praedicis
815 2443 1060 2505 Maccahaeorum
1081 2442 1171 2503 subu
1191 2442 1270 2502 eirca
1291 2440 1412 2500 obsides
1424 2445 1450 2498 et

367 2540 511 2604 tributum
530 2541 568 2600 eh
588 2541 737 2604 Antiocho
757 2543 886 2619 Μαειιο,
906 2545 1026 2618 susque
1038 2540 1254 2602 successorihus
1274 2539 1449 2598 solvendum

367 2641 517 2715 romanis,
538 2646 604 2700 reta
623 2640 789 2717 hahentur,
815 2647 849 2702 ut
868 2643 900 2700 in
920 2640 1021 2702 eadem
1047 2640 1170 2700 historia
1189 2653 1275 2698 sacra
1299 2637 1360 2696 hoc
1386 2653 1450 2696 cen·

367 2745 465 2798 seatsu
485 2738 642 2814 expletum.
665 2739 699 2798 in
720 2739 815 2814 capite
834 2756 859 2798 s.
880 2739 919 2814 (2)
938 2738 976 2803 dc
989 2737 1135 2799 Antiocho
1149 2736 1302 2812 Epiphane
1317 2735 1448 2794 dicitur:

372 2835 560 2898 «Antiochus
581 2836 707 2902 illustris
726 2837 806 2898 fiius
825 2837 964 2898 Antiochi
978 2840 1055 2914 regis
1064 2879 1074 2912 ,
1095 2839 1147 2914 qui
1159 2835 1257 2896 munt
1272 2835 1389 2896 Romae
1402 2833 1451 2892 oh

367 2947 414 2996 tce
433 2941 489 2998 etc.
509 2960 522 2986 u
545 2936 576 2994 it
589 2951 693 3012 nempe
711 2943 796 3012 eret,
816 2953 904 3013 quom
924 2936 1051 2998 iccderis
1067 2933 1248 2996 condiu'ones
1261 2935 1342 2992 inter
1356 2949 1451 2992 roma·

366 3047 422 3093 nos
441 3039 471 3094 ct
489 3032 668 3097 Antiochum
696 3033 855 3112 Magnum,
876 3034 1125 3112 expostularunt,
1152 3034 1264 3108 etipse
1284 3030 1452 3092 Antiochus

367 3134 559 3207 praestiterat.
582 3133 617 3192 In
637 3135 732 3210 capite
752 3150 827 3192 viu.
843 3133 912 3192 iibri
926 3150 965 3192 11.
983 3131 1126 3193 habetur:
1152 3156 1165 3182 s
1179 3130 1342 3191 Constituit
1356 3136 1453 3190 autem

366 3228 495 3290 Nicanor
506 3235 542 3290 nt
553 3233 615 3308 regi
628 3231 790 3308 muamus,
805 3231 884 3310 quod
897 3233 1028 3292 romanis
1040 3236 1105 3291 eret
1117 3229 1267 3305 dandum,
1282 3228 1347 3288 duo
1360 3227 1453 3286 miliia

365 3326 542 3388 talentorum
570 3329 607 3388 dc
637 3330 808 3405 captivitate
828 3328 1005 3405 judaeorum
1031 3328 1221 3404 suppleret.»
1251 3327 1306 3386 His
1328 3326 1454 3402 adjicies

366 3423 466 3484 medos
480 3431 509 3484 et
521 3437 634 3504 persas,
649 3440 723 3503 quos
739 3425 884 3486 Antiocho
898 3425 1008 3504 Magno
1019 3425 1151 3486 subditos
1166 3427 1296 3485 restituit
1308 3425 1453 3499 senatus,

364 3526 401 3604 ¹ut
414 3521 487 3600 dixi,
506 3523 603 3582 adhuc
616 3521 861 3584 Machabaeorum
877 3529 987 3601 aetate,
1002 3524 1139 3583 Antiochi
1154 3525 1375 3584 successoribus
1389 3540 1455 3600 per·

366 3616 656 3698 minuscularum,
671 3625 755 3698 cujus
767 3638 836 3698 pars
850 3624 979 3680 romanis
994 3621 1171 3699 assignanda
1185 3629 1257 3682 eret:
1273 3621 1312 3697 (3)
1329 3647 1342 3671 «ι
1354 3623 1391 3681 iit
1406 3638 1453 3680 oo·

366 3719 513 3776 sumaim
530 3724 592 3777 erat
614 3717 794 3794 (Antiochus
816 3717 998 3798 Epiphanes)
1021 3723 1120 3779 enimc
1138 3720 1243 3797 valde,
1265 3726 1296 3779 et
1309 3722 1454 3798 cogitavit

366 3813 410 3876 ire
433 3814 465 3872 in
483 3806 654 3894 Pin-uidem,
680 3823 710 3878 et
729 3818 859 3894 accipere
883 3816 994 3876 tributa
1017 3818 1193 3894 regionum,
1221 3823 1251 3878 et
1271 3833 1456 3894 congregare

367 3917 524 3988 argentm
546 3913 712 3974 mettium.»
741 3915 827 3988 Quod
854 3930 955 3990 reapse
978 3916 1076 3976 innuit
1099 3913 1249 3974 Persidem
1275 3915 1455 3992 vecdgaiem

367 4007 459 4070 inisse
471 4007 617 4089 Epiphuni
632 4029 669 4073 ex
683 4012 822 4073 Antiochi
835 4012 938 4090 Magni
953 4027 1044 4091 nevo,
1059 4013 1152 4074 donec
1165 3999 1362 4074 seditionihue¹
1378 4015 1455 4072 ortis

361 4109 443 4168 inter
462 4121 643 4172 successores
663 4105 801 4172 Antiochi
820 4111 971 4188 illustris,
997 4118 1027 4171 et
1050 4109 1187 4188 foedere,
1208 4111 1288 4188 quod
1313 4125 1382 4171 cum
1403 4109 1455 4169 Se·

394 4279 429 4368 u)
446 4313 469 4358 r.
481 4307 543 4355 uae.
557 4319 580 4355 c.
591 4308 657 4356 vui.
677 4314 714 4358 η.
727 4331 756 4344 -
773 4307 812 4372 (t)
830 4313 851 4358 ι.
865 4309 929 4358 uec.
944 4320 967 4358 c.
979 4310 999 4358 1.
1017 4313 1054 4358 rr.
1070 4331 1100 4344 -
1112 4305 1147 4370 (o)
1163 4314 1185 4358 1.
1200 4307 1265 4356 uae.
1278 4307 1322 4354 111.
1337 4293 1376 4354 si.
