2964 5174
501 402 663 452 ...71-

55 513 110 571 dem
132 511 320 573 (lanstantem
346 525 519 570 conversus:
538 509 636 570 «Cum
654 509 922 570 Nabuchodonosor
941 491 1127 574 lloloienrem

1 629 2 694 ,
56 611 158 668 virtutis
181 625 252 668 suaa
273 610 432 683 principem
456 609 594 684 misisset,
615 615 644 668 et
664 608 844 667 Hierusalem
867 609 1032 685 obsideret,
1056 612 1128 687 quid

53 714 107 766 orat
121 707 227 766 Judith
240 705 354 766 Deum?
369 707 478 782 Nempe
496 711 531 765 ut
547 707 707 765 destrueret
726 710 860 766 inimicos
872 708 973 766 Israel.
988 709 1127 786 Nunquid

54 805 134 864 dixit?
157 805 281 864 Custodi
295 807 478 884 insurgentes
501 803 642 863 adversus
660 804 781 862 domum
798 805 906 864 lsrael:
924 805 962 881 (1)
978 837 990 848 ·
1005 805 1128 866 Domine

54 902 118 960 Deus
134 905 229 977 patris
247 905 304 960 mel
322 901 454 978 Simeon,
473 904 525 979 qui
542 902 648 962 dedisti
669 902 799 978 gladium
817 904 848 961 in
864 903 974 962 ultione
989 905 1128 981 alienige-

53 1015 164 1075 narum,
179 1001 232 1076 qui
243 999 427 1058 violaverunt
439 1000 562 1059 vulvam
573 1001 696 1074 virginis
706 1002 737 1056 in
746 1002 1024 1077 coinquinationem,
1033 1007 1062 1060 et
1079 1002 1130 1061 de·
1158 1077 1161 1084 Ι

53 1097 229 1155 nudaverunt
245 1096 339 1155 femur
359 1099 390 1154 in
408 1099 673 1171 consumationem,
692 1103 722 1154 11
738 1099 1001 1173 coinquinaverunt
1025 1101 1126 1157 matri-

52 1211 104 1252 cem
117 1196 150 1251 in
164 1195 381 1270 improperium.
392 1194 500 1253 Dixisti
513 1197 604 1270 anim,
617 1210 675 1252 non
690 1196 732 1252 sic
745 1196 800 1252 erit
813 1200 868 1253 etc.
886 1225 899 1238 ·
913 1194 989 1267 Quid
1003 1195 1042 1254 ad
1055 1197 1129 1255 hacc

52 1291 169 1366 prudens
183 1307 266 1350 mens
279 1299 330 1350 tua
344 1295 451 1351 sentire
463 1291 652 1368 dignabitur?
670 1290 809 1367 Nunquid
826 1307 896 1350 nam
909 1294 1016 1367 poteris
1034 1293 1131 1354 dicere

52 1394 107 1462 post
124 1388 204 1447 hanc
221 1389 281 1447 Dec
298 1389 396 1448 fusam
410 1395 512 1447 contra
529 1388 677 1465 religionis
691 1387 788 1446 hostes
803 1387 1042 1448 obsecrationem.
1057 1415 1069 1440 υ
1085 1390 1133 1448 In·
1202 1399 1204 1404 ’

51 1485 131 1545 iarius
149 1489 183 1544 in
202 1487 337 1546 eumdem
361 1489 577 1564 imperatorem,
590 1487 725 1564 sacrilegi
751 1485 888 1545 Antiochi
911 1488 1043 1564 exemplo
1061 1505 1130 1547 eum

52 1587 154 1660 arguit:
175 1584 340 1660 «Loquitur
358 1599 442 1644 sacra
459 1583 609 1660 Scriptura
629 1585 728 1643 dicens
749 1585 779 1644 in
798 1583 1044 1645 Machabaeorum
1069 1589 1128 1661 pri-

53 1699 91 1740 no
107 1681 199 1742 libro:
217 1683 255 1758 (1)
270 1714 283 1728 -
296 1683 334 1742 Et
350 1685 466 1758 scripsit
478 1699 530 1742 rex
541 1685 621 1742 omni
634 1698 725 1758 regno
740 1697 809 1758 suo,
827 1689 862 1741 ut
881 1689 956 1742 esset
972 1686 1128 1743 universus

52 1781 167 1856 populus
188 1797 281 1857 unus,
299 1787 329 1840 et
349 1781 544 1856 relinquerent
560 1783 760 1856 unusquisque
782 1781 924 1858 legittima
944 1797 1008 1840 sua.
1031 1782 1067 1840 Et
1085 1799 1129 1842 rc·

51 1885 184 1954 ceperunt
195 1894 297 1938 omnes
311 1884 410 1954 gentes
424 1878 587 1966 'secundum
597 1876 721 1938 verbum
732 1880 827 1955 regis,
846 1883 875 1937 et
891 1879 977 1937 multi
990 1895 1026 1938 ex
1039 1878 1130 1940 Israel

51 1983 252 2036 consenserunt
268 1977 355 2034 simul
372 1992 440 2035 cum
456 1977 533 2052 lllls,
552 1981 581 2034 et
597 1975 763 2051 polluerunt
782 1975 936 2034 sabbatum
953 1983 1009 2035 etc.
1024 2002 1037 2027 »
1054 1977 1128 2037 Inde

51 2080 153 2148 septam
180 2073 306 2133 fratrum
329 2073 575 2134 Machabaeorum
590 2077 766 2152 martyrium
785 2090 823 2132 ex
843 2071 919 2132 libro
938 2074 1066 2133 secundo
1088 2074 1127 2151 (a)

51 2177 170 2230 enarrat:
186 2171 327 2244 «Quintus
341 2187 456 2248 quoque
466 2189 534 2231 cum
547 2171 681 2231 admotus
695 2171 808 2245 luisset,
818 2176 847 2229 et
859 2177 994 2245 vexatus,
1007 2171 1129 2248 dixisse,

53 2267 173 2344 loquitur
188 2267 349 2345 Scriptura,
368 2269 457 2346 Regi:
474 2301 486 2312 -
501 2269 676 2329 Potestatem
695 2271 771 2327 inter
787 2259 919 2327 homines
936 2267 1043 2344 habes,
1062 2283 1131 2328 cum

53 2367 86 2424 sis
104 2366 316 2442 corruptibilis,
332 2366 405 2426 iacis
423 2367 502 2443 quod
513 2369 559 2426 vls
572 2373 653 2426 ato.»
671 2366 729 2425 Pro
745 2372 846 2424 sancto
863 2365 1039 2442 Athanasio,
1053 2366 1129 2426 libro

54 2464 149 2538 primo,
171 2462 322 2522 Susannae
344 2464 494 2523 historiam
509 2470 640 2523 revocate
660 2464 789 2538 «Accipe
809 2479 884 2540 quae
901 2462 1008 2522 referat
1026 2462 1129 2523 Daniel

54 2559 117 2620 liber
123 2561 161 2620 de
170 2559 300 2622 vindicta
308 2561 467 2622 Susannae:
478 2563 728 2639 (ll-Exclamavit
736 2569 834 2621 autem
841 2561 975 2621 Susanna
986 2577 1059 2620 voce
1068 2577 1130 2620 ma-

56 2675 123 2736 gna,
141 2667 173 2720 et
192 2661 286 2737 dixit,
301 2662 378 2722 Deus
394 2669 526 2739 aeterne,
554 2665 605 2738 qui
620 2661 856 2720 absconditorum
874 2677 904 2720 es
919 2663 1067 2738 cognitor,
1081 2663 1132 2737 qui

55 2761 216 2819 adomnia
232 2766 300 2819 ante
315 2763 529 2836 generationem
547 2777 663 2835 eorum,
681 2756 719 2819 tu'
732 2763 789 2818 scis
804 2762 944 2835 quoniam
964 2747 1072 2818 falsum
1086 2766 1128 2819 te·

54 2858 216 2915 stimonium
226 2865 329 2917 contra
347 2875 395 2918 me
410 2859 566 2934 dixerunt,
587 2866 617 2918 et
635 2874 701 2918 ecce
722 2861 847 2933 morior,
870 2873 946 2934 quae
969 2857 1044 2916 nlhd
1074 2859 1131 2918 feci

55 2968 162 3030 eorum,
183 2971 259 3030 quae
278 2955 310 3014 hi
331 2958 452 3032 maligni
471 2957 621 3015 linxerunt
642 2962 807 3015 1111111111
824 2963 880 3015 etc.
896 2981 908 3006 1
928 2956 966 3032 (5)

88 3053 129 3112 Ex
148 3053 196 3112 his
214 3056 389 3114 testimoniis
417 3057 543 3130 cuipiam
563 3055 681 3113 obviam
699 3057 755 3114 erit
775 3055 902 3114 Luciferi
920 3054 956 3112 de
974 3053 1131 3129 Scripturis
1158 3089 1162 3098 ι

56 3154 153 3210 nostris
173 3153 291 3226 opinio,
307 3166 381 3227 quae
394 3155 469 3211 tenti
483 3133 638 3211 habebitur
653 3157 797 3228 quantum
813 3133 1035 3226 llllus'munus,
1053 3151 1131 3227 lega·
1160 3229 1161 3236 ἵ

56 3250 157 3323 hones,
177 3250 298 3324 itinera,
320 3249 428 3325 aliique
446 3249 524 3310 illius
543 3251 647 3308 aetatis
665 3250 810 3308 Ecclesiae
828 3247 959 3306 doctores
973 3247 1057 3305 nobis
1077 3247 1134 3306 hae

57 3345 82 3402 in
102 3347 272 3421 quaestione
300 3352 466 3422 praestant,
484 3349 617 3422 sepositis
640 3347 676 3406 de
692 3347 770 3406 illius
793 3345 949 3404 schismate
965 3347 1131 3420 sententiis,

58 3457 122 3516 quae
139 3447 171 3502 in
192 3459 224 3502 re
240 3451 341 3504 nostra
361 3445 459 3503 minus
475 3446 586 3504 valent.

91 3541 115 3615 S.
137 3541 205 3600 VII.
227 3540 314 3600 Anno
331 3537 440 3600 Christi
457 3551 531 3618 360,
551 3543 653 3603 Milevi
673 3544 871 3618 episcopusin
891 3539 992 3599 Airicn
1010 3539 1132 3598 catholi-

59 3653 102 3696 cae
119 3639 270 3698 doctrinae
289 3647 488 3716 propugnator
505 3649 624 3700 sanctus
645 3641 768 3716 Optatus
778 3640 823 3706 ‚de
844 3639 1000 3698 schismate
1013 3637 1133 3696 Donati-

60 3741 162 3796 starum
176 3737 318 3796 adversus
337 3737 563 3797 Parmenianum
585 3738 675 3798 libros
692 3745 802 3814 septem
828 3738 962 3813 reliquit,
989 3751 1006 3793 e
1031 3734 1137 3811 quibus

60 3831 215 3910 Scripturas
230 3835 533 3896 Deutero-Canonicae
556 3837 698 3896 divinitus
725 3839 883 3912 inspiratae
905 3835 1029 3894 elucent.
1048 3835 1136 3893 Libro

85 4081 115 4144 (1)
130 4083 246 4134 ludilhc.
259 4087 301 4134 tx.
314 4093 338 4134 2.
349 4112 379 4122 -
397 4083 431 4148 (2)
452 4093 473 4134 1.
485 4087 547 4134 11111.
559 4098 581 4133 c.
593 4087 614 4134 I.
635 4111 665 4122 —
678 4083 712 4148 (3)
724 4091 747 4133 2.
760 4087 822 4132 blac.
835 4098 857 4132 c.
869 4085 922 4132 l'll.
935 4109 965 4118 -
986 4081 1020 4144 (l)
1039 4081 1133 4130 Daniel.

62 4165 202 4215 11111111.
215 4165 293 4227 -151
308 4165 430 4214 Ecclesiae
444 4165 571 4215 Airioarrae
588 4166 654 4214 hunc
674 4165 816 4226 scriptorem
832 4163 935 4226 adposui
951 4162 983 4211 ob
998 4175 1028 4210 ea
1042 4161 1136 4221 multa,

63 4253 118 4300 quae
132 4247 190 4294 tuuc
208 4245 326 4310 temporls
343 4245 406 4295 inter
421 4245 492 4297 Atros
509 4248 534 4296 11
551 4245 688 4297 Sardiniam
710 4245 806 4294 inerant
826 4243 921 4305 negotia
942 4240 1094 4301 1111111111,
1114 4242 1139 4290 ea

63 4323 222 4376 oeclaiedica.
