3022 5178
818 391 858 402 ...
879 357 934 434 195·
958 379 1011 402 a..

345 479 459 540 tutem
480 464 506 538 is
526 477 564 536 ad
581 464 728 554 synodum
744 475 927 534 laodicenam
946 473 1099 551 pervenit,
1118 473 1262 551 descripto
1278 492 1382 536 canone
1397 483 1428 538 sl

361 584 396 636 ut
415 593 521 654 supra,
542 574 674 635 scholion
698 573 818 650 adponit
837 573 938 632 dicens
957 573 994 631 de
1018 573 1140 648 psalmis
1159 575 1300 649 privatis:
1319 575 1430 637 «Patres

362 689 432 752 ergo
450 691 499 734 ecs
518 675 648 750 privatos
661 674 862 747 nominantes,
878 677 1054 747 statuerunt,
1069 677 1103 730 ut
1115 687 1209 748 neque
1225 674 1247 730 ii
1258 714 1267 748 ,
1280 689 1370 749 neque
1387 675 1431 734 ati-

360 772 433 852 quid
447 771 528 831 aliud
544 770 715 830 inEoclesia
731 770 856 846 legatur,
870 768 950 845 quod
962 785 1021 827 non
1036 770 1075 826 sit
1090 785 1128 826 ex
1141 770 1189 844 iis,
1204 785 1279 845 quae
1296 777 1361 828 sunt
1373 787 1431 831 enu-

361 876 474 930 merata
495 873 527 928 in
546 871 725 945 octogesimo
746 870 850 944 quinto
873 882 984 925 canone
1008 867 1204 942 apostolico.»
1227 867 1331 926 Postea
1346 868 1432 928 Balsa·

362 985 431 1032 mon
452 974 551 1028 censet
569 982 712 1027 canonem
730 967 960 1042 sexagesimum,
983 970 1012 1024 et
1024 963 1175 1040 sigillatim
1194 965 1320 1040 explicat
1335 965 1432 1043 libros,

361 1069 414 1146 qui
427 1067 457 1124 in
471 1065 602 1124 Ecclesia
611 1063 726 1140 legendi
739 1068 843 1137 erant,
863 1078 922 1138 quo
935 1063 1088 1138 explicito,
1103 1061 1216 1120 nnllam
1237 1063 1363 1138 glossam
1378 1081 1433 1123 con

364 1165 432 1228 tulit
449 1167 526 1241 ipse,
541 1165 704 1240 quinimmo
719 1162 757 1221 ad
777 1167 873 1220 cetera
891 1163 1007 1220 transit.
1027 1161 1149 1236 Insuper
1162 1161 1318 1220 Balsamon
1328 1161 1364 1220 oh
1379 1177 1433 1224 ocu

365 1263 411 1323 los
432 1263 536 1322 habuit
554 1264 693 1320 continuo
718 1259 774 1318 hac
794 1262 824 1317 in
840 1260 1029 1318 conciliorum
1048 1259 1218 1335 collatione,
1233 1258 1330 1318 Photii
1345 1260 1434 1322 Nono

362 1379 503 1431 canonem
513 1404 522 1437 ,
532 1363 563 1419 in
581 1376 639 1437 quo
652 1375 793 1437 magnum
806 1375 879 1432 opos
898 1360 1089 1433 consumpsit,
1102 1360 1132 1414 in
1146 1357 1367 1432 interpretandis
1375 1360 1431 1437 illis,

364 1477 439 1537 quae
458 1461 490 1517 in
511 1474 545 1518 eo
565 1457 800 1531 cpntinenantnr.
829 1454 923 1531 Supra
940 1455 1068 1514 vidimus
1084 1455 1183 1514 Photii
1200 1455 1433 1516 Nemo-canonem

361 1573 423 1617 non
440 1555 577 1619 exhibere
595 1555 744 1614 decretum
765 1556 980 1630 sexagesimum
993 1553 1107 1612 concilii
1122 1553 1267 1613 laodiceni
1279 1554 1316 1612 de
1335 1565 1433 1617 sancto·

361 1671 428 1714 rum
447 1655 592 1714 librorum
614 1668 757 1728 nurnero,
776 1651 855 1727 quod
876 1667 978 1727 reapse
998 1654 1112 1728 innuit,
1136 1651 1342 1711 Balsamonem
1359 1656 1432 1714 aZo·
1489 1725 1490 1728 Ἴ

361 1769 437 1812 nara
451 1753 498 1812 vel
517 1751 554 1810 ab
573 1751 631 1810 alio
648 1756 815 1810 mutuatum
830 1767 893 1809 esse
911 1748 994 1809 illum
1008 1767 1169 1827 canonem,
1184 1758 1213 1810 et
1230 1753 1307 1810 inter
1325 1751 1432 1812 laodice
1489 1749 1490 1810 Ψ

323 1920 327 1929 ¹
360 1867 414 1910 nos
433 1849 640 1925 descripsisse,
662 1864 696 1906 ac
716 1853 831 1930 postero
848 1854 977 1923 tempore
992 1852 1023 1907 in
1041 1849 1170 1909 Ecclesia
1187 1851 1348 1910 christiana
1365 1851 1432 1910 hahi-

360 1954 424 2007 tum
443 1947 533 2006 inissa
550 1953 584 2004 ut
601 1961 743 2005 canonem
764 1963 801 2028 ex
821 1945 898 2023 illis,
922 1949 973 2022 qui
986 1964 1004 2005 a
1018 1947 1150 2022 patribus
1165 1947 1326 2008 laodicenis
1344 1952 1430 2008 sanciti

360 2046 452 2107 fuere.
479 2045 516 2104 Et
534 2061 636 2104 revera
656 2043 764 2102 dehoc
780 2060 890 2103 canone
910 2048 1087 2104 mentionem
1109 2049 1170 2122 agit
1189 2053 1292 2122 postea
1312 2047 1432 2108 Arsenius

360 2143 522 2204 monachus
539 2141 835 2218 hierosolymitanus,
857 2145 909 2219 qui
924 2144 1039 2203 saeculo
1061 2145 1173 2204 decimo
1191 2147 1278 2204 tertio
1294 2151 1357 2220 post
1375 2147 1431 2204 cele

358 2244 605 2312 bratosjauctores
621 2242 715 2318 vixit,
736 2243 768 2298 in
795 2257 849 2299 sna
866 2230 1055 2300 conciliorum
1075 2248 1195 2320 synopsi
1225 2243 1339 2322 synodo
1354 2245 1429 2302 laodi-
1489 2241 1490 2326 l

361 2359 450 2401 cenae
462 2341 542 2400 hunc
558 2350 594 2398 60
610 2356 752 2400 canonem
765 2345 950 2399 connectens.
961 2340 1042 2399 Idem
1057 2342 1106 2400 alii
1121 2341 1253 2403 iecerunt
1268 2343 1307 2401 ad
1319 2349 1429 2402 nostran
1489 2383 1490 2432 4

365 2456 459 2516 usque
475 2446 610 2499 aetatem.

403 2537 536 2613 Denique
549 2540 627 2596 circa
652 2538 740 2614 hujus
763 2542 883 2598 canonis
907 2541 1111 2616 antiquitatem
1129 2542 1371 2600 etauctoritatem
1387 2539 1431 2597 duo

362 2634 436 2692 rnihi
455 2634 551 2709 placet
571 2636 671 2694 lectori
701 2637 838 2712 objicere.
856 2637 1006 2713 Primum,
1027 2645 1085 2696 tres
1103 2638 1249 2698 Ecclesiae
1272 2641 1428 2714 scriptores,

367 2733 418 2808 qui
436 2733 552 2794 saeculo
570 2740 652 2792 sexto
673 2736 788 2812 vixere,
810 2735 969 2813 Dionysius
989 2737 1099 2794 scilicet
1132 2735 1282 2812 Exiguus,
1308 2737 1431 2794 Martinus

363 2829 524 2890 dumiensis
537 2835 567 2888 et
579 2831 707 2891 loannes
723 2833 913 2892 antiochenos
931 2835 962 2891 in
976 2836 1097 2910 synopsi
1113 2833 1316 2910 conciliorum,
1331 2850 1380 2892 nec
1395 2848 1430 2890 ca-

366 2943 474 2986 nonem
492 2931 707 3005 sexagesir'num
723 2929 925 3007 laodicenum,
938 2948 1033 3007 neqrre
1052 2948 1205 2990 numerum
1222 2932 1385 2991 divinormn
1395 2931 1431 2988 lli·
1489 2951 1490 2998 t

364 3023 491 3084 bliornm
510 3027 548 3085 ah
566 3027 622 3086 hac
642 3028 756 3105 synodo
781 3032 947 3107 sancitum,
975 3045 1160 3088 memorasse.
1181 3029 1327 3107 Secundo,
1346 3035 1430 3087 notan·

364 3121 435 3182 dum
451 3129 510 3202 est,
524 3124 588 3183 fieri
603 3142 664 3184 non
678 3143 763 3202 posse
779 3145 797 3186 a
812 3127 944 3203 patribus
960 3127 1117 3186 laodicenis
1134 3130 1315 3186 sanctionem
1332 3128 1431 3186 canonis
1489 3167 1490 3188 r

366 3225 559 3298 sexagesimi,
579 3226 686 3300 qnippe
701 3227 752 3301 qui
769 3226 944 3286 universalis
959 3225 1104 3284 Ecclesiae
1122 3228 1300 3285 institutioni
1319 3225 1431 3284 adversa·
1489 3275 1490 3280 ,

364 3319 470 3397 batur,
489 3337 557 3379 cum
572 3321 721 3396 proditum
735 3325 773 3382 sit
784 3326 872 3400 juxto
886 3323 978 3382 relata
993 3326 1025 3381 in
1042 3323 1178 3383 omnibus
1191 3323 1301 3383 Christi
1324 3322 1430 3382 ecclesiis

364 3416 421 3494 legi
431 3417 595 3494 Scripturas
610 3435 726 3496 omncs,
742 3420 1066 3482 nonProtocanonicas
1083 3427 1217 3497 tantum,
1233 3438 1309 3498 quaa
1321 3420 1384 3479 huic
1394 3433 1429 3475 ca·

367 3517 438 3574 noni
459 3518 584 3576 insertae
598 3525 687 3594 sunt,
704 3535 806 3578 verum
820 3521 909 3578 etiam
922 3519 1017 3578 Biblia
1031 3519 1327 3596 DenteroCanonica,
1347 3532 1429 3594 quan·
1489 3511 1490 3558 ἶ

364 3615 411 3672 vis
430 3615 469 3673 ob
490 3616 683 3677 hebraeorum
699 3625 729 3677 et
746 3633 847 3679 eorum
863 3619 1078 3697 proselytorum
1094 3620 1305 3694 offensionem,
1323 3616 1429 3696 quadan

364 3713 476 3770 ratione
489 3715 531 3772 eis
544 3717 705 3774 occultatae
723 3724 825 3793 erant,
837 3725 867 3776 et
880 3721 912 3777 in
926 3721 1128 3777 auctoritatem
1146 3725 1248 3777 contra
1261 3717 1373 3777 eosdem
1382 3728 1428 3772 non

364 3807 597 3884 proferebantur.
624 3813 746 3889 Insuper
771 3817 810 3873 sit
838 3821 941 3874 notum
963 3822 992 3874 et
1014 3831 1154 3874 canonem
1177 3815 1429 3891 quinquagesinum
1489 3859 1490 3904 y

363 3922 474 3966 nonum
484 3908 543 3968 illis
558 3910 666 3986 verbis,
682 3912 864 3971 solummodo
885 3912 1100 3989 scripturarum
1111 3913 1266 3972 lectionem
1278 3915 1310 3970 in
1319 3907 1428 3969 ecclesiis

362 4007 538 4081 respexisse,
556 4024 617 4065 non
640 4015 738 4066 autem
761 4027 862 4068 earum
889 4014 1111 4086 auctoritatem,
1135 4010 1206 4069 dicit
1225 4013 1318 4068 enim:
1337 4001 1427 4079 «Quod

364 4119 425 4160 non
441 4109 554 4179 oportet
572 4107 702 4180 privatos
720 4106 847 4181 psalmos
862 4111 894 4166 in
916 4109 1043 4168 ecclesiis
1067 4109 1144 4185 legi,
1164 4125 1258 4185 neque
1274 4108 1376 4180 libros,
1389 4101 1427 4177 qil

364 4206 434 4260 sunt
452 4208 537 4260 extra
556 4218 707 4262 canonem.
724 4229 736 4253 ι»
755 4203 871 4265 Alicubi
889 4209 969 4265 enim
982 4224 1075 4283 prava
1090 4208 1269 4267 consuetudo
1285 4204 1426 4265 inoleverat
1489 4249 1490 4256 ,

369 4299 400 4355 in
427 4299 555 4359 ecclesiis
576 4301 713 4360 cantandi
738 4309 852 4376 praeter
876 4303 966 4364 libros
985 4312 1015 4366 et
1033 4321 1131 4367 sacros
1149 4307 1295 4384 nymnos,
1321 4300 1427 4379 mmmm
1489 4335 1490 4338 ,
