3094 5184
562 385 721 436 ..51-

97 512 247 558 sacrorum
264 497 404 557 librorum
420 493 537 558 veteris
547 497 725 560 Testamenti
739 514 915 575 numerum,
946 499 1081 560 audiatur
1095 502 1176 577 quid-
1200 473 1204 494 ¹

97 595 168 673 quid
186 595 307 673 prologo
329 598 360 654 in
382 596 535 657 Canticum
557 596 742 658 Cautioorum
763 599 899 674 scripsit:
925 599 1110 676 «Operosum
1134 609 1178 664 est
1230 589 1232 602 ’

96 701 217 770 autem,
243 697 296 770 ait,
320 702 349 756 et
370 696 470 770 procul
496 697 534 756 ab
556 713 643 772 opere
665 699 832 773 proposito,
857 700 883 758 si
903 698 1027 760 velimus
1046 707 1076 761 et
1098 717 1177 762 nunc

5 833 6 854 l
96 795 264 872 inquirere,
285 809 376 871 quare
396 795 554 855 multorum
574 795 715 856 librorum
732 799 969 858 commemoratio
985 798 1039 859 dat
1055 801 1087 858 iu
1100 798 1176 860 Scri·

8 2109 20 2149 ,ιι-ὃ
5 2005 19 2046 a
5 1905 18 1968 ‘fl
5 1807 15 1866 ἀ
5 1709 16 1750 ’ἦ
5 1593 16 1652 π»
5 1501 11 1550 -—⁴
5 1401 13 1452 -Α
5 1307 13 1352 ,ιτ
5 1199 12 1254 ...Α
5 1142 6 1154 ᾈ

5 2211 20 2252 Γ

5 2295 20 2352 t

6 2399 21 2450 'a

5 2497 21 2550 'a

5 2601 21 2650 n

6 2705 20 2750 a

6 2803 22 2848 o

6 2893 23 2950 'u

6 3001 23 3050 3.

96 895 192 970 pturis
214 893 343 970 divinis,
364 909 489 970 quorum
509 893 595 954 lectio
614 894 697 954 nulla
712 895 797 956 nobis
814 900 860 956 est
875 895 1003 971 hadita,
1019 895 1072 956 sed
1084 913 1177 974 nomae

96 991 176 1068 apud
198 991 321 1069 judaeos
343 990 444 1052 haberi
464 992 581 1068 quidem
605 1008 692 1052 usum
723 993 881 1068 reporimus
910 1007 975 1054 eam
1003 994 1176 1071 lectionemy

96 1107 172 1169 quos
181 1094 244 1152 slve
256 1107 310 1168 pro
319 1107 354 1151 ao
364 1090 442 1168 quod
455 1091 555 1169 aliqua
567 1107 655 1167 supra
668 1091 827 1152 humanam
843 1092 1064 1170 intelligentiam
1086 1097 1178 1154 conti·

96 1189 225 1264 nebant,
250 1187 360 1264 placuit
373 1187 493 1264 Spiritui
507 1187 614 1248 Sancto
626 1188 735 1248 auhrri
747 1189 784 1248 de
795 1189 902 1266 medio,
911 1193 974 1250 sive
989 1191 1068 1268 quod
1080 1198 1177 1252 essent

96 1285 133 1344 de
156 1271 313 1360 Scrlpurris
337 1284 404 1360 his,
431 1301 507 1360 quas
529 1285 711 1361 appellantur
734 1287 919 1364 apocryphae
941 1304 994 1362 pro
1017 1303 1072 1364 eo,
1099 1288 1177 1364 quod

95 1382 190 1440 multa
213 1384 243 1439 in
263 1383 305 1440 eis
324 1388 479 1458 corrupta,
499 1388 603 1442 contra
622 1382 710 1442 lldem
731 1400 832 1444 veram
849 1388 1038 1446 inveniuntur
1055 1389 1177 1463 amajo

95 1480 179 1540 ribus
189 1479 339 1557 traditam,
360 1497 419 1540 non
428 1481 538 1557 placuit
551 1482 593 1540 ets
606 1480 693 1558 dare,
714 1497 768 1540 nec
782 1481 896 1542 admitti
912 1483 949 1544 ad
963 1485 1174 1544 auctoritatem.

96 1579 194 1655 Supra
212 1595 267 1642 nos
288 1586 333 1640 est
355 1583 549 1656 pronunciare
571 1580 607 1640 de
629 1580 747 1640 talibus.
770 1581 847 1642 Illud
870 1589 968 1641 tamen
991 1581 1088 1658 palam
1112 1589 1176 1656 est,

97 1679 192 1738 multa
214 1679 260 1738 vel
283 1678 322 1737 ab
342 1679 508 1754 Apostolis,
530 1679 577 1737 vel
600 1678 637 1738 ab
657 1679 851 1756 Evangelistis
874 1680 1006 1754 exempla
1025 1695 1088 1738 esse
1110 1695 1176 1754 pro·

98 1777 178 1855 lata,
208 1783 237 1837 et
255 1793 333 1838 novo
354 1778 540 1838 testamento
556 1779 684 1853 inserta,
705 1793 780 1854 quae
799 1780 831 1836 in
847 1777 893 1838 his
907 1777 1083 1854 Scripturis,
1105 1793 1178 1854 quas

97 1874 261 1938 Canonicos
288 1875 450 1952 habemus,
480 1891 630 1952 nunquam
654 1875 797 1954 legimus,
824 1878 855 1934 ln
879 1875 1054 1953 apocryphis
1080 1881 1178 1937 umen

97 1975 305 2050 inveniuntur,
332 1980 362 2033 st
382 1974 530 2034 evidenter
556 1986 593 2033 cx
616 1975 688 2050 ipsis
713 1974 906 2034 ostenduntur
930 1980 1100 2049 assumpta,
1126 1975 1180 2034 scd

97 2086 135 2130 ne
154 2071 199 2129 sic
217 2070 334 2146 quidem
356 2070 437 2130 locus
460 2071 635 2148 apocryphis
651 2070 766 2130 dandus
780 2078 843 2146 est3
861 2085 921 2130 non
937 2073 1015 2130 enim
1027 2077 1179 2132 transeun-

98 2169 129 2228 di
147 2175 218 2229 suut
236 2171 374 2245 termini,
395 2185 469 2246 quos
490 2175 650 2245 posuerunt
666 2174 763 2245 patres
779 2171 882 2230 nostri.
905 2169 1005 2229 Potuit
1023 2171 1100 2230 enlm
1114 2169 1180 2230 llari

98 2273 135 2328 ul
156 2265 307 2343 Apostoli,
335 2273 365 2327 et
388 2267 592 2343 Evangelistae
619 2265 729 2342 Spiritu
757 2265 864 2326 Sancto
890 2265 991 2342 repleti
1017 2269 1180 2343 sciuerint,

99 2363 179 2442 quod
200 2364 407 2424 assumendum
428 2370 503 2426 osset
521 2382 559 2424 ex
576 2365 634 2426 lllls
647 2364 824 2441 scripturis,
842 2365 957 2443 quodve
971 2364 1176 2443 refutandum

98 2463 183 2522 nohls
204 2469 300 2522 autem
322 2479 382 2522 nou
403 2470 448 2524 est
471 2462 580 2539 absque
604 2461 733 2539 periculo
754 2463 865 2540 aliquid
890 2464 949 2524 talc
972 2479 1174 2541 praesumere,

98 2559 206 2637 qulbus
225 2569 284 2620 noh
297 2565 433 2622 ssttanta
451 2562 572 2637 spiritus
593 2560 812 2621 abundantia.»
836 2559 991 2636 Speoiatim
1010 2559 1059 2620 hic
1078 2566 1179 2622 noten-

100 2663 150 2718 tur
172 2673 207 2716 ea
227 2657 327 2718 verba.
354 2681 367 2708 o
380 2657 448 2718 Non
469 2659 547 2716 enlm
567 2657 737 2716 transeundi
754 2662 823 2718 sunt
838 2659 974 2734 termini,
991 2675 1066 2734 quos
1078 2673 1179 2734 posuc-

99 2760 170 2814 runt
186 2760 282 2831 patras
295 2757 417 2815 nostrl»
450 2757 640 2832 congruentia
662 2755 742 2831 illis,
770 2772 844 2831 quae
863 2755 1000 2834 leguntur
1021 2758 1054 2816 iu
1075 2756 1180 2816 litteris

99 2853 138 2913 ad
157 2851 350 2931 Africanum,
370 2854 421 2914 ubi
444 2857 578 2930 exposuit
599 2852 739 2931 Origenes
762 2855 946 2915 divinitatem
966 2855 1105 2916 historiae
1124 2853 1179 2916 Su·

98 2965 230 3026 monae,
252 2951 433 3012 additionum
453 2951 558 3012 Esther
577 2957 607 3010 ct
625 2951 766 3012 librorum
781 2951 903 3027 ludith,
925 2967 960 3012 ao
979 2951 1105 3028 Tobiae,
1125 2954 1180 3012 etsi

99 3047 283 3108 obstantibus
298 3049 429 3125 Judaeh,
450 3049 621 3126 significans
642 3048 699 3110 illis
719 3049 816 3124 dietis,
838 3055 871 3109 ut
890 3049 1006 3108 divinas
1031 3046 1180 3110 habendas

100 3145 266 3220 praedictas
286 3145 462 3222 Scripturas,
483 3162 550 3206 cum
564 3147 705 3221 primaevi
718 3152 814 3222 patres
834 3161 884 3204 eas
903 3147 944 3206 ila
958 3146 1178 3222 propugnarlnt

98 3243 154 3304 llis
163 3261 200 3304 ex
213 3245 329 3320 uerbis,
355 3245 489 3321 Origeuis
502 3244 610 3304 fiducia
624 3284 633 3319 ,
646 3243 769 3303 aliorum
779 3245 811 3302 in
820 3243 978 3304 Ecclesiam
1003 3241 1182 3304 Catholloam

8 3333 22 3429 ⁸,
102 3341 242 3402 ilduciam
263 3348 390 3419 augeat,
411 3349 440 3402 et
459 3341 586 3418 ejusdem
607 3341 722 3400 decreta
741 3341 874 3399 venerari
893 3340 1007 3398 ducant
1024 3339 1075 3415 (t).

140 3439 169 3514 S.
192 3439 258 3502 vu.
283 3439 438 3516 Postquam
458 3440 648 3500 disseruimus
668 3438 705 3498 de
720 3438 837 3498 Conone
850 3437 1051 3498 Ecclesiastico
1065 3435 1179 3496 divino-

7 3528 21 3550 ''
99 3553 168 3598 rum
187 3537 367 3613 Bibliorum,
388 3544 582 3613 opportunum
603 3537 717 3596 videtur
740 3535 851 3612 aliquid
871 3535 976 3596 addere
995 3536 1074 3594 circa
1093 3533 1177 3594 illum

8 3628 21 3734 ι’
99 3639 165 3692 tam
188 3635 360 3712 vulgatum,
382 3641 411 3694 et
429 3635 466 3694 ab
485 3635 659 3694 adversariis
676 3634 761 3694 nohis
779 3634 942 3710 objectum,
963 3633 1073 3694 Esdrae
1088 3631 1181 3698 Cunu-

8 3737 20 3823 ¹.
100 3747 182 3808 nem,
199 3747 285 3808 quun
294 3731 410 3792 hebraei
427 3733 551 3808 primum
572 3733 737 3794 christianis
752 3737 959 3808 opposuerunt.
976 3730 1078 3790 Canon
1091 3729 1181 3790 eadn-

8 3929 18 4015 ’4
125 3934 163 4000 (1)
178 3935 204 3984 si
221 3947 280 3986 uero
296 3937 322 3988 lu
336 3937 462 3988 nonnullis
477 3935 615 3999 arguendus
630 3937 663 3988 sit
677 3939 805 4000 origenes,
821 3939 846 3988 et
857 3935 977 4000 quaedam
991 3937 1059 3988 illius
1071 3935 1183 4000 rejioiru·

8 4019 18 4044 ⁹
99 4015 147 4080 da,
168 4017 270 4068 ulintu
284 4017 345 4068 alios
359 4016 456 4068 disserit
468 4018 641 4080 Hieronymus,
655 4018 717 4068 scito
731 4020 814 4070 tamen
826 4018 941 4068 eumdem
955 4015 1081 4067 doctorem
1098 4018 1184 4066 contra

98 4097 218 4148 Rufinum
235 4097 299 4148 libro
315 4099 388 4150 tertio
406 4099 529 4164 appellare
544 4097 672 4162 origenem
690 4097 770 4148 virum
786 4097 979 4148 eruditissimum
995 4099 1021 4146 at
1034 4096 1065 4145 ab
1081 4095 1187 4146 infantia

99 4177 177 4228 sacris
196 4178 285 4228 litteris
304 4177 459 4241 institutum
487 4180 511 4228 ct
526 4177 600 4242 paulo
613 4179 668 4240 post
678 4175 765 4227 addit:
790 4198 801 4220 ιι
812 4179 841 4228 ln
853 4176 955 4241 origene
975 4175 1093 4225 miramur
1105 4175 1182 4225 scien·

99 4261 160 4310 tiam
181 4261 380 4324 scripturarum,
399 4261 424 4312 et
443 4263 524 4310 umen
546 4259 687 4323 dogmatum
708 4271 757 4308 non
776 4259 907 4322 recipimus
926 4259 1065 4310 salsitatem.
1078 4276 1090 4299 a
1113 4259 1183 4315 Quae

100 4353 186 4390 rovere
205 4339 254 4389 alia
272 4343 364 4392 eranla
381 4341 508 4404 doctrina,
525 4353 600 4406 quam
616 4339 657 4393 hic
674 4341 814 4390 statuimus.
