<?xml version="1.0" encoding="UTF-8"?>
<!DOCTYPE html PUBLIC "-//W3C//DTD XHTML 1.0 Transitional//EN"
    "http://www.w3.org/TR/xhtml1/DTD/xhtml1-transitional.dtd">
<html xmlns="http://www.w3.org/1999/xhtml" xml:lang="en" lang="en">
 <head>
  <title>
</title>
<meta http-equiv="Content-Type" content="text/html;charset=utf-8" />
  <meta name='ocr-system' content='tesseract 3.04.00' />
  <meta name='ocr-capabilities' content='ocr_page ocr_carea ocr_par ocr_line ocrx_word'/>
</head>
<body>
  <div class='ocr_page' id='page_1' title='image "./sessioquartacon00vincgoog_0160.png"; bbox 0 0 2964 5174; ppageno 0'>
   <div class='ocr_carea' id='block_1_1' title="bbox 527 335 707 393">
    <p class='ocr_par' dir='ltr' id='par_1_1' title="bbox 527 335 707 393">
     <span class='ocr_line' id='line_1_1' title="bbox 527 335 707 393; baseline -0.011 0"><span class='ocrx_word' id='word_1_1' title='bbox 527 335 707 393; x_wconf 47' lang='lat' dir='ltr'><strong>*lob-</strong></span> 
     </span>
    </p>
   </div>
   <div class='ocr_carea' id='block_1_2' title="bbox 76 447 1166 3968">
    <p class='ocr_par' dir='ltr' id='par_1_2' title="bbox 76 447 1166 3968">
     <span class='ocr_line' id='line_1_2' title="bbox 87 447 1159 530; baseline 0.003 -19"><span class='ocrx_word' id='word_1_2' title='bbox 87 463 139 530; x_wconf 77' lang='lat' dir='ltr'><strong>mro</strong></span> <span class='ocrx_word' id='word_1_3' title='bbox 149 452 289 528; x_wconf 89' lang='lat' dir='ltr'><strong>scripturo</strong></span> <span class='ocrx_word' id='word_1_4' title='bbox 303 455 362 512; x_wconf 88' lang='lat' dir='ltr'><strong>cst:</strong></span> <span class='ocrx_word' id='word_1_5' title='bbox 379 481 392 496; x_wconf 90' lang='lat'><strong>·</strong></span> <span class='ocrx_word' id='word_1_6' title='bbox 405 449 569 512; x_wconf 78' lang='lat' dir='ltr'><strong>Benedicita</strong></span> <span class='ocrx_word' id='word_1_7' title='bbox 580 454 679 512; x_wconf 90' lang='lat' dir='ltr'><strong>omnia</strong></span> <span class='ocrx_word' id='word_1_8' title='bbox 691 467 780 527; x_wconf 89' lang='lat' dir='ltr'><strong>opera</strong></span> <span class='ocrx_word' id='word_1_9' title='bbox 796 451 914 510; x_wconf 87' lang='lat' dir='ltr'><strong>Domini</strong></span> <span class='ocrx_word' id='word_1_10' title='bbox 930 447 1072 529; x_wconf 88' lang='lat' dir='ltr'><strong>Domino,</strong></span> <span class='ocrx_word' id='word_1_11' title='bbox 1097 454 1159 514; x_wconf 89' lang='lat' dir='ltr'><strong>lau·</strong></span> 
     </span>
     <span class='ocr_line' id='line_1_3' title="bbox 86 549 1159 627; baseline -0.002 -16"><span class='ocrx_word' id='word_1_12' title='bbox 86 553 189 611; x_wconf 87' lang='lat' dir='ltr'><strong>dnteet</strong></span> <span class='ocrx_word' id='word_1_13' title='bbox 206 549 419 625; x_wconf 81' lang='lat' dir='ltr'><strong>superexaltate</strong></span> <span class='ocrx_word' id='word_1_14' title='bbox 432 565 499 608; x_wconf 89' lang='lat' dir='ltr'><strong>eum</strong></span> <span class='ocrx_word' id='word_1_15' title='bbox 517 551 548 607; x_wconf 92' lang='lat' dir='ltr'><strong>in</strong></span> <span class='ocrx_word' id='word_1_16' title='bbox 569 549 695 610; x_wconf 90' lang='lat' dir='ltr'><strong>saecula.</strong></span> <span class='ocrx_word' id='word_1_17' title='bbox 720 549 841 609; x_wconf 76' lang='lat' dir='ltr'><strong>»Libro</strong></span> <span class='ocrx_word' id='word_1_18' title='bbox 860 567 915 609; x_wconf 83' lang='lat'>111.</span> <span class='ocrx_word' id='word_1_19' title='bbox 937 550 1037 610; x_wconf 88' lang='lat' dir='ltr'><strong>eadem</strong></span> <span class='ocrx_word' id='word_1_20' title='bbox 1061 551 1096 609; x_wconf 90' lang='lat' dir='ltr'><strong>de</strong></span> <span class='ocrx_word' id='word_1_21' title='bbox 1116 568 1159 627; x_wconf 87' lang='lat' dir='ltr'><strong>re,</strong></span> 
     </span>
     <span class='ocr_line' id='line_1_4' title="bbox 85 648 1164 725; baseline 0.004 -16"><span class='ocrx_word' id='word_1_22' title='bbox 85 667 142 724; x_wconf 86' lang='lat' dir='ltr'><strong>cap.</strong></span> <span class='ocrx_word' id='word_1_23' title='bbox 157 657 187 706; x_wconf 82' lang='lat'><strong>³.</strong></span> <span class='ocrx_word' id='word_1_24' title='bbox 203 648 399 708; x_wconf 87' lang='lat' dir='ltr'><strong>Ecclesiastici</strong></span> <span class='ocrx_word' id='word_1_25' title='bbox 418 650 591 708; x_wconf 79' lang='lat' dir='ltr'><strong>sentemiam</strong></span> <span class='ocrx_word' id='word_1_26' title='bbox 602 648 719 708; x_wconf 90' lang='lat' dir='ltr'><strong>disserit</strong></span> <span class='ocrx_word' id='word_1_27' title='bbox 732 651 882 725; x_wconf 90' lang='lat' dir='ltr'><strong>inquiens:</strong></span> <span class='ocrx_word' id='word_1_28' title='bbox 902 648 939 725; x_wconf 84' lang='lat'><strong>(1)</strong></span> <span class='ocrx_word' id='word_1_29' title='bbox 959 675 971 700; x_wconf 74' lang='grc' dir='ltr'><em>α</em></span> <span class='ocrx_word' id='word_1_30' title='bbox 990 649 1164 721; x_wconf 67' lang='lat' dir='ltr'><strong>respiratura</strong></span> 
     </span>
     <span class='ocr_line' id='line_1_5' title="bbox 84 746 1158 824; baseline 0.002 -23"><span class='ocrx_word' id='word_1_31' title='bbox 84 753 104 802; x_wconf 76' lang='grc' dir='ltr'><strong>δὲ</strong></span> <span class='ocrx_word' id='word_1_32' title='bbox 126 749 171 810; x_wconf 77' lang='grc' dir='ltr'><strong>τῆς</strong></span> <span class='ocrx_word' id='word_1_33' title='bbox 198 749 308 818; x_wconf 75' lang='grc' dir='ltr'><strong><em>σοφίας,</em></strong></span> <span class='ocrx_word' id='word_1_34' title='bbox 322 746 390 818; x_wconf 75' lang='grc' dir='ltr'><strong><em>φημί</em></strong></span> <span class='ocrx_word' id='word_1_35' title='bbox 410 749 455 810; x_wconf 76' lang='grc' dir='ltr'><strong>τῆς</strong></span> <span class='ocrx_word' id='word_1_36' title='bbox 473 747 498 799; x_wconf 75' lang='grc' dir='ltr'><strong>ἕν</strong></span> <span class='ocrx_word' id='word_1_37' title='bbox 513 749 546 822; x_wconf 69' lang='grc' dir='ltr'><strong>τῇ</strong></span> <span class='ocrx_word' id='word_1_38' title='bbox 555 746 638 802; x_wconf 74' lang='grc' dir='ltr'><strong><em>κτίσει</em></strong></span> <span class='ocrx_word' id='word_1_39' title='bbox 655 746 698 801; x_wconf 80' lang='grc' dir='ltr'><strong>ὅτε</strong></span> <span class='ocrx_word' id='word_1_40' title='bbox 715 749 865 818; x_wconf 70' lang='grc' dir='ltr'><strong><em>σοφώτατος</em></strong></span> <span class='ocrx_word' id='word_1_41' title='bbox 885 748 942 810; x_wconf 75' lang='grc' dir='ltr'><strong>υἶὸς</strong></span> <span class='ocrx_word' id='word_1_42' title='bbox 959 749 1057 824; x_wconf 75' lang='grc' dir='ltr'><strong><em>Σιίραχ</em></strong></span> <span class='ocrx_word' id='word_1_43' title='bbox 1076 751 1158 822; x_wconf 70' lang='grc' dir='ltr'><strong><em>λέγειε</em></strong></span> 
     </span>
     <span class='ocr_line' id='line_1_6' title="bbox 82 839 1163 914; baseline 0 -19"><span class='ocrx_word' id='word_1_44' title='bbox 82 841 184 912; x_wconf 69' lang='grc' dir='ltr'><strong>προτέρα</strong></span> <span class='ocrx_word' id='word_1_45' title='bbox 199 842 296 895; x_wconf 76' lang='grc' dir='ltr'><strong><em>πάντων</em></strong></span> <span class='ocrx_word' id='word_1_46' title='bbox 310 839 428 894; x_wconf 76' lang='grc' dir='ltr'><strong>ἔκτισται</strong></span> <span class='ocrx_word' id='word_1_47' title='bbox 442 839 523 912; x_wconf 76' lang='grc' dir='ltr'><strong><em>σοφία</em></strong></span> <span class='ocrx_word' id='word_1_48' title='bbox 538 839 583 894; x_wconf 71' lang='lat' dir='ltr'><strong>zai</strong></span> <span class='ocrx_word' id='word_1_49' title='bbox 598 839 701 903; x_wconf 75' lang='grc' dir='ltr'><strong><em>σύνεσις</em></strong></span> <span class='ocrx_word' id='word_1_50' title='bbox 716 843 854 914; x_wconf 74' lang='grc' dir='ltr'><em>φρονήσεος</em></span> <span class='ocrx_word' id='word_1_51' title='bbox 872 842 900 908; x_wconf 75' lang='grc' dir='ltr'><strong>ἐξ</strong></span> <span class='ocrx_word' id='word_1_52' title='bbox 916 841 1007 906; x_wconf 74' lang='grc' dir='ltr'><strong><em>αἰῶνος</em></strong></span> <span class='ocrx_word' id='word_1_53' title='bbox 1021 885 1028 905; x_wconf 83' lang='grc'>,</span> <span class='ocrx_word' id='word_1_54' title='bbox 1042 845 1063 901; x_wconf 86' lang='lat' dir='ltr'><strong>i.</strong></span> <span class='ocrx_word' id='word_1_55' title='bbox 1077 861 1103 901; x_wconf 85' lang='lat' dir='ltr'><strong>e.</strong></span> <span class='ocrx_word' id='word_1_56' title='bbox 1120 843 1163 902; x_wconf 80' lang='lat' dir='ltr'><strong>De</strong></span> 
     </span>
     <span class='ocr_line' id='line_1_7' title="bbox 84 937 1164 1018; baseline 0.004 -22"><span class='ocrx_word' id='word_1_57' title='bbox 84 939 134 996; x_wconf 85' lang='lat' dir='ltr'><strong>ista</strong></span> <span class='ocrx_word' id='word_1_58' title='bbox 156 944 258 998; x_wconf 88' lang='lat' dir='ltr'><strong>autem</strong></span> <span class='ocrx_word' id='word_1_59' title='bbox 283 938 450 1015; x_wconf 87' lang='lat' dir='ltr'><strong>Sapientia,</strong></span> <span class='ocrx_word' id='word_1_60' title='bbox 473 937 523 998; x_wconf 91' lang='lat' dir='ltr'><strong>illa</strong></span> <span class='ocrx_word' id='word_1_61' title='bbox 544 941 681 1016; x_wconf 89' lang='lat' dir='ltr'><strong>inquam,</strong></span> <span class='ocrx_word' id='word_1_62' title='bbox 702 955 777 1014; x_wconf 86' lang='lat' dir='ltr'><strong>quac</strong></span> <span class='ocrx_word' id='word_1_63' title='bbox 801 945 845 998; x_wconf 89' lang='lat' dir='ltr'><strong>est</strong></span> <span class='ocrx_word' id='word_1_64' title='bbox 864 941 895 997; x_wconf 93' lang='lat' dir='ltr'><strong>in</strong></span> <span class='ocrx_word' id='word_1_65' title='bbox 913 947 1064 1016; x_wconf 89' lang='lat' dir='ltr'><strong>creatura,</strong></span> <span class='ocrx_word' id='word_1_66' title='bbox 1085 942 1164 1018; x_wconf 91' lang='lat' dir='ltr'><strong>quod</strong></span> 
     </span>
     <span class='ocr_line' id='line_1_8' title="bbox 82 1034 1160 1111; baseline 0.005 -18"><span class='ocrx_word' id='word_1_67' title='bbox 82 1041 108 1093; x_wconf 89' lang='lat' dir='ltr'><strong>et</strong></span> <span class='ocrx_word' id='word_1_68' title='bbox 123 1037 358 1111; x_wconf 81' lang='lat' dir='ltr'><strong>sapiendssimus</strong></span> <span class='ocrx_word' id='word_1_69' title='bbox 371 1035 449 1095; x_wconf 86' lang='lat' dir='ltr'><strong>illius</strong></span> <span class='ocrx_word' id='word_1_70' title='bbox 467 1034 570 1095; x_wconf 88' lang='lat' dir='ltr'><strong>Siracb</strong></span> <span class='ocrx_word' id='word_1_71' title='bbox 585 1035 666 1094; x_wconf 88' lang='lat' dir='ltr'><strong>dicit:</strong></span> <span class='ocrx_word' id='word_1_72' title='bbox 678 1035 775 1094; x_wconf 90' lang='lat' dir='ltr'><strong>·Priar</strong></span> <span class='ocrx_word' id='word_1_73' title='bbox 788 1036 924 1096; x_wconf 87' lang='lat' dir='ltr'><strong>omnibus</strong></span> <span class='ocrx_word' id='word_1_74' title='bbox 937 1045 1035 1096; x_wconf 89' lang='lat' dir='ltr'><strong>creata</strong></span> <span class='ocrx_word' id='word_1_75' title='bbox 1052 1046 1095 1097; x_wconf 88' lang='lat' dir='ltr'><strong>est</strong></span> <span class='ocrx_word' id='word_1_76' title='bbox 1109 1039 1160 1098; x_wconf 92' lang='lat' dir='ltr'><strong>Sa-</strong></span> 
     </span>
     <span class='ocr_line' id='line_1_9' title="bbox 81 1133 1161 1213; baseline 0.004 -21"><span class='ocrx_word' id='word_1_77' title='bbox 81 1137 204 1210; x_wconf 81' lang='lat' dir='ltr'><strong>pientia,</strong></span> <span class='ocrx_word' id='word_1_78' title='bbox 222 1141 251 1194; x_wconf 90' lang='lat' dir='ltr'><strong>et</strong></span> <span class='ocrx_word' id='word_1_79' title='bbox 262 1135 423 1194; x_wconf 88' lang='lat' dir='ltr'><strong>intellectus</strong></span> <span class='ocrx_word' id='word_1_80' title='bbox 436 1133 607 1209; x_wconf 82' lang='lat' dir='ltr'><strong>prudentiae</strong></span> <span class='ocrx_word' id='word_1_81' title='bbox 616 1149 634 1192; x_wconf 92' lang='lat' dir='ltr'><strong>a</strong></span> <span class='ocrx_word' id='word_1_82' title='bbox 643 1135 787 1194; x_wconf 77' lang='lat' dir='ltr'><strong>saeculo.»</strong></span> <span class='ocrx_word' id='word_1_83' title='bbox 800 1136 835 1194; x_wconf 91' lang='lat' dir='ltr'><strong>In</strong></span> <span class='ocrx_word' id='word_1_84' title='bbox 851 1134 940 1194; x_wconf 90' lang='lat' dir='ltr'><strong>Libro</strong></span> <span class='ocrx_word' id='word_1_85' title='bbox 956 1137 993 1212; x_wconf 80' lang='lat'><strong>(2)</strong></span> <span class='ocrx_word' id='word_1_86' title='bbox 1006 1138 1043 1195; x_wconf 92' lang='lat' dir='ltr'><strong>de</strong></span> <span class='ocrx_word' id='word_1_87' title='bbox 1051 1137 1161 1213; x_wconf 92' lang='lat' dir='ltr'><strong>Spiritu</strong></span> 
     </span>
     <span class='ocr_line' id='line_1_10' title="bbox 80 1230 1159 1310; baseline 0.003 -20"><span class='ocrx_word' id='word_1_88' title='bbox 80 1230 184 1292; x_wconf 85' lang='lat' dir='ltr'><strong>Sancto</strong></span> <span class='ocrx_word' id='word_1_89' title='bbox 205 1231 282 1307; x_wconf 91' lang='lat' dir='ltr'><strong>apud</strong></span> <span class='ocrx_word' id='word_1_90' title='bbox 298 1233 402 1292; x_wconf 87' lang='lat' dir='ltr'><strong>divum</strong></span> <span class='ocrx_word' id='word_1_91' title='bbox 421 1234 634 1310; x_wconf 84' lang='lat' dir='ltr'><strong>Hieronymum</strong></span> <span class='ocrx_word' id='word_1_92' title='bbox 651 1232 689 1291; x_wconf 94' lang='lat' dir='ltr'><strong>ad</strong></span> <span class='ocrx_word' id='word_1_93' title='bbox 706 1232 841 1292; x_wconf 89' lang='lat' dir='ltr'><strong>eumdem</strong></span> <span class='ocrx_word' id='word_1_94' title='bbox 861 1234 969 1294; x_wconf 91' lang='lat' dir='ltr'><strong>librum</strong></span> <span class='ocrx_word' id='word_1_95' title='bbox 988 1239 1159 1295; x_wconf 86' lang='lat' dir='ltr'><strong>revertitur:</strong></span> 
     </span>
     <span class='ocr_line' id='line_1_11' title="bbox 83 1330 1163 1411; baseline 0.005 -21"><span class='ocrx_word' id='word_1_96' title='bbox 83 1331 256 1406; x_wconf 75' lang='lat' dir='ltr'><strong>«Sapientia</strong></span> <span class='ocrx_word' id='word_1_97' title='bbox 275 1335 373 1390; x_wconf 89' lang='lat' dir='ltr'><strong>autem</strong></span> <span class='ocrx_word' id='word_1_98' title='bbox 396 1337 426 1390; x_wconf 86' lang='lat' dir='ltr'><strong>et</strong></span> <span class='ocrx_word' id='word_1_99' title='bbox 446 1330 624 1405; x_wconf 88' lang='lat' dir='ltr'><strong>intellectus,</strong></span> <span class='ocrx_word' id='word_1_100' title='bbox 651 1347 726 1407; x_wconf 88' lang='lat' dir='ltr'><strong>quae</strong></span> <span class='ocrx_word' id='word_1_101' title='bbox 738 1334 770 1389; x_wconf 92' lang='lat' dir='ltr'><strong>in</strong></span> <span class='ocrx_word' id='word_1_102' title='bbox 795 1331 903 1408; x_wconf 82' lang='lat' dir='ltr'><strong>Spiritu</strong></span> <span class='ocrx_word' id='word_1_103' title='bbox 921 1333 1028 1394; x_wconf 90' lang='lat' dir='ltr'><strong>Sancto</strong></span> <span class='ocrx_word' id='word_1_104' title='bbox 1044 1342 1163 1411; x_wconf 87' lang='lat' dir='ltr'><strong>sunt,a</strong></span> 
     </span>
     <span class='ocr_line' id='line_1_12' title="bbox 78 1428 1162 1511; baseline 0.006 -23"><span class='ocrx_word' id='word_1_105' title='bbox 78 1428 136 1488; x_wconf 88' lang='lat' dir='ltr'><strong>Deo</strong></span> <span class='ocrx_word' id='word_1_106' title='bbox 147 1429 274 1490; x_wconf 79' lang='lat' dir='ltr'><strong>danbu:</strong></span> <span class='ocrx_word' id='word_1_107' title='bbox 289 1430 470 1506; x_wconf 68' lang='lat' dir='ltr'><strong>Dominus,</strong></span> <span class='ocrx_word' id='word_1_108' title='bbox 491 1433 604 1507; x_wconf 89' lang='lat' dir='ltr'><strong>inquit,</strong></span> <span class='ocrx_word' id='word_1_109' title='bbox 626 1429 707 1490; x_wconf 85' lang='lat' dir='ltr'><strong>dabit</strong></span> <span class='ocrx_word' id='word_1_110' title='bbox 724 1431 918 1508; x_wconf 87' lang='lat' dir='ltr'><strong>Sapientiam,</strong></span> <span class='ocrx_word' id='word_1_111' title='bbox 935 1439 963 1491; x_wconf 93' lang='lat' dir='ltr'><strong>et</strong></span> <span class='ocrx_word' id='word_1_112' title='bbox 982 1433 1087 1492; x_wconf 85' lang='lat' dir='ltr'><strong>asaele</strong></span> <span class='ocrx_word' id='word_1_113' title='bbox 1100 1439 1162 1511; x_wconf 92' lang='lat' dir='ltr'><strong>ejus</strong></span> 
     </span>
     <span class='ocr_line' id='line_1_13' title="bbox 78 1529 1159 1610; baseline 0.004 -22"><span class='ocrx_word' id='word_1_114' title='bbox 78 1529 244 1605; x_wconf 81' lang='lat' dir='ltr'><strong>Sapientia,</strong></span> <span class='ocrx_word' id='word_1_115' title='bbox 260 1535 289 1588; x_wconf 90' lang='lat' dir='ltr'><strong>et</strong></span> <span class='ocrx_word' id='word_1_116' title='bbox 303 1529 466 1588; x_wconf 88' lang='lat' dir='ltr'><strong>intellectus</strong></span> <span class='ocrx_word' id='word_1_117' title='bbox 478 1529 644 1605; x_wconf 78' lang='lat' dir='ltr'><strong>propedit.»</strong></span> <span class='ocrx_word' id='word_1_118' title='bbox 663 1529 753 1588; x_wconf 90' lang='lat' dir='ltr'><strong>Libro</strong></span> <span class='ocrx_word' id='word_1_119' title='bbox 767 1545 805 1588; x_wconf 89' lang='lat'><strong>11.</strong></span> <span class='ocrx_word' id='word_1_120' title='bbox 819 1545 883 1606; x_wconf 87' lang='lat' dir='ltr'><strong>cap.</strong></span> <span class='ocrx_word' id='word_1_121' title='bbox 902 1538 951 1588; x_wconf 78' lang='grc'><strong>17.</strong></span> <span class='ocrx_word' id='word_1_122' title='bbox 967 1532 1105 1592; x_wconf 89' lang='lat' dir='ltr'><strong>eTobiae</strong></span> <span class='ocrx_word' id='word_1_123' title='bbox 1121 1535 1159 1610; x_wconf 81' lang='grc'><strong>(3)</strong></span> 
     </span>
     <span class='ocr_line' id='line_1_14' title="bbox 78 1627 1165 1708; baseline 0.002 -22"><span class='ocrx_word' id='word_1_124' title='bbox 78 1627 228 1706; x_wconf 69' lang='lat' dir='ltr'><strong>Scriptura</strong></span> <span class='ocrx_word' id='word_1_125' title='bbox 250 1630 356 1687; x_wconf 79' lang='lat' dir='ltr'><strong>sumit:</strong></span> <span class='ocrx_word' id='word_1_126' title='bbox 376 1653 389 1678; x_wconf 76' lang='lat' dir='ltr'><strong>a</strong></span> <span class='ocrx_word' id='word_1_127' title='bbox 405 1630 524 1686; x_wconf 79' lang='grc' dir='ltr'><em>Νηστειά</em></span> <span class='ocrx_word' id='word_1_128' title='bbox 539 1629 602 1700; x_wconf 66' lang='grc' dir='ltr'><strong>γάρ,</strong></span> <span class='ocrx_word' id='word_1_129' title='bbox 615 1631 706 1700; x_wconf 75' lang='grc' dir='ltr'><strong><em>φησὶν,</em></strong></span> <span class='ocrx_word' id='word_1_130' title='bbox 723 1628 769 1682; x_wconf 71' lang='grc' dir='ltr'><strong>καὶ</strong></span> <span class='ocrx_word' id='word_1_131' title='bbox 784 1633 918 1701; x_wconf 69' lang='grc' dir='ltr'><em>προσευχὴ</em></span> <span class='ocrx_word' id='word_1_132' title='bbox 934 1629 961 1683; x_wconf 77' lang='grc' dir='ltr'><strong>ἐκ</strong></span> <span class='ocrx_word' id='word_1_133' title='bbox 978 1629 1091 1688; x_wconf 71' lang='grc' dir='ltr'><strong>θανάτου</strong></span> <span class='ocrx_word' id='word_1_134' title='bbox 1111 1635 1165 1708; x_wconf 74' lang='lat' dir='ltr'><strong>p&#39;a&#39;e·</strong></span> 
     </span>
     <span class='ocr_line' id='line_1_15' title="bbox 77 1728 1161 1804; baseline 0.011 -26"><span class='ocrx_word' id='word_1_135' title='bbox 77 1749 131 1804; x_wconf 57' lang='lat' dir='ltr'><strong>aar,</strong></span> <span class='ocrx_word' id='word_1_136' title='bbox 140 1729 161 1785; x_wconf 91' lang='lat' dir='ltr'><strong>i.</strong></span> <span class='ocrx_word' id='word_1_137' title='bbox 174 1743 201 1788; x_wconf 87' lang='lat' dir='ltr'><strong>e.</strong></span> <span class='ocrx_word' id='word_1_138' title='bbox 215 1728 364 1802; x_wconf 83' lang='lat' dir='ltr'><strong>Jejunium</strong></span> <span class='ocrx_word' id='word_1_139' title='bbox 372 1728 613 1804; x_wconf 79' lang='lat' dir='ltr'><strong>enim,inqrm,et</strong></span> <span class='ocrx_word' id='word_1_140' title='bbox 626 1731 720 1787; x_wconf 91' lang='lat' dir='ltr'><strong>oratio</strong></span> <span class='ocrx_word' id='word_1_141' title='bbox 734 1745 753 1787; x_wconf 93' lang='lat' dir='ltr'><strong>a</strong></span> <span class='ocrx_word' id='word_1_142' title='bbox 765 1735 859 1788; x_wconf 88' lang='lat' dir='ltr'><strong>morte</strong></span> <span class='ocrx_word' id='word_1_143' title='bbox 872 1729 985 1789; x_wconf 84' lang='lat' dir='ltr'><strong>liberat.</strong></span> <span class='ocrx_word' id='word_1_144' title='bbox 993 1755 1005 1780; x_wconf 76' lang='lat'><strong>1&gt;</strong></span> <span class='ocrx_word' id='word_1_145' title='bbox 1022 1730 1087 1789; x_wconf 86' lang='lat' dir='ltr'><strong>Lib.</strong></span> <span class='ocrx_word' id='word_1_146' title='bbox 1106 1747 1161 1790; x_wconf 87' lang='lat'>111.</span> 
     </span>
     <span class='ocr_line' id='line_1_16' title="bbox 77 1823 1163 1905; baseline 0.002 -18"><span class='ocrx_word' id='word_1_147' title='bbox 77 1836 194 1905; x_wconf 84' lang='lat' dir='ltr'><strong>cap.15.</strong></span> <span class='ocrx_word' id='word_1_148' title='bbox 206 1827 285 1885; x_wconf 88' lang='lat' dir='ltr'><strong>illius</strong></span> <span class='ocrx_word' id='word_1_149' title='bbox 297 1827 355 1885; x_wconf 87' lang='lat' dir='ltr'><strong>viri</strong></span> <span class='ocrx_word' id='word_1_150' title='bbox 368 1825 458 1885; x_wconf 87' lang='lat' dir='ltr'><strong>verba</strong></span> <span class='ocrx_word' id='word_1_151' title='bbox 471 1833 568 1886; x_wconf 90' lang='lat' dir='ltr'><strong>censet</strong></span> <span class='ocrx_word' id='word_1_152' title='bbox 579 1825 629 1903; x_wconf 75' lang='grc'>;(4)</span> <span class='ocrx_word' id='word_1_153' title='bbox 648 1851 661 1878; x_wconf 87' lang='lat'>«</span> <span class='ocrx_word' id='word_1_154' title='bbox 672 1829 723 1881; x_wconf 75' lang='lat' dir='ltr'><strong>Kal</strong></span> <span class='ocrx_word' id='word_1_155' title='bbox 744 1823 758 1882; x_wconf 76' lang='grc' dir='ltr'><em>ὃ</em></span> <span class='ocrx_word' id='word_1_156' title='bbox 776 1829 812 1882; x_wconf 70' lang='grc' dir='ltr'><em>σύ</em></span> <span class='ocrx_word' id='word_1_157' title='bbox 830 1831 931 1901; x_wconf 77' lang='grc' dir='ltr'><strong><em>μισεῖς,</em></strong></span> <span class='ocrx_word' id='word_1_158' title='bbox 951 1827 1021 1898; x_wconf 76' lang='grc' dir='ltr'><strong>ἄλλῳ</strong></span> <span class='ocrx_word' id='word_1_159' title='bbox 1037 1832 1073 1902; x_wconf 73' lang='grc' dir='ltr'><strong>μή</strong></span> <span class='ocrx_word' id='word_1_160' title='bbox 1089 1831 1163 1889; x_wconf 71' lang='grc' dir='ltr'><strong><em>ποιή-</em></strong></span> 
     </span>
     <span class='ocr_line' id='line_1_17' title="bbox 78 1923 1164 1999; baseline 0.001 -17"><span class='ocrx_word' id='word_1_161' title='bbox 78 1947 144 1990; x_wconf 78' lang='grc' dir='ltr'><strong><em>σης,</em></strong></span> <span class='ocrx_word' id='word_1_162' title='bbox 158 1929 181 1984; x_wconf 86' lang='grc'><strong>1,</strong></span> <span class='ocrx_word' id='word_1_163' title='bbox 198 1941 225 1983; x_wconf 86' lang='lat' dir='ltr'><strong>e.</strong></span> <span class='ocrx_word' id='word_1_164' title='bbox 241 1923 326 1996; x_wconf 85' lang='lat' dir='ltr'><strong>Quod</strong></span> <span class='ocrx_word' id='word_1_165' title='bbox 339 1931 373 1983; x_wconf 90' lang='lat' dir='ltr'><strong>tu</strong></span> <span class='ocrx_word' id='word_1_166' title='bbox 384 1923 451 1982; x_wconf 94' lang='lat' dir='ltr'><strong>odio</strong></span> <span class='ocrx_word' id='word_1_167' title='bbox 467 1923 569 1999; x_wconf 81' lang='lat' dir='ltr'><strong>babes,</strong></span> <span class='ocrx_word' id='word_1_168' title='bbox 586 1925 670 1984; x_wconf 88' lang='lat' dir='ltr'><strong>alteri</strong></span> <span class='ocrx_word' id='word_1_169' title='bbox 683 1941 720 1983; x_wconf 91' lang='lat' dir='ltr'><strong>ne</strong></span> <span class='ocrx_word' id='word_1_170' title='bbox 733 1924 835 1984; x_wconf 86' lang='lat' dir='ltr'><strong>iacias.</strong></span> <span class='ocrx_word' id='word_1_171' title='bbox 854 1953 865 1976; x_wconf 89' lang='lat'>»</span> <span class='ocrx_word' id='word_1_172' title='bbox 882 1926 917 1984; x_wconf 92' lang='lat' dir='ltr'><strong>ln</strong></span> <span class='ocrx_word' id='word_1_173' title='bbox 932 1926 1164 1984; x_wconf 83' lang='lat' dir='ltr'><strong>enarrationibus</strong></span> 
     </span>
     <span class='ocr_line' id='line_1_18' title="bbox 77 2021 1162 2102; baseline -0.003 -19"><span class='ocrx_word' id='word_1_174' title='bbox 77 2025 198 2102; x_wconf 88' lang='lat' dir='ltr'><strong>Didymi</strong></span> <span class='ocrx_word' id='word_1_175' title='bbox 221 2021 413 2082; x_wconf 81' lang='lat' dir='ltr'><strong>Alexandrini</strong></span> <span class='ocrx_word' id='word_1_176' title='bbox 433 2023 465 2080; x_wconf 91' lang='lat' dir='ltr'><strong>in</strong></span> <span class='ocrx_word' id='word_1_177' title='bbox 487 2021 623 2097; x_wconf 86' lang='lat' dir='ltr'><strong>epistolas</strong></span> <span class='ocrx_word' id='word_1_178' title='bbox 651 2023 841 2098; x_wconf 87' lang='lat' dir='ltr'><strong>apostolicas,</strong></span> <span class='ocrx_word' id='word_1_179' title='bbox 862 2023 940 2099; x_wconf 91' lang='lat' dir='ltr'><strong>apud</strong></span> <span class='ocrx_word' id='word_1_180' title='bbox 954 2023 1162 2082; x_wconf 81' lang='lat' dir='ltr'><strong>bibliothecam</strong></span> 
     </span>
     <span class='ocr_line' id='line_1_19' title="bbox 78 2119 1165 2198; baseline -0.004 -15"><span class='ocrx_word' id='word_1_181' title='bbox 78 2123 198 2183; x_wconf 80' lang='lat' dir='ltr'><strong>Petrum</strong></span> <span class='ocrx_word' id='word_1_182' title='bbox 219 2121 258 2198; x_wconf 75' lang='grc'><strong>(5)</strong></span> <span class='ocrx_word' id='word_1_183' title='bbox 280 2121 395 2179; x_wconf 90' lang='lat' dir='ltr'><strong>sacculo</strong></span> <span class='ocrx_word' id='word_1_184' title='bbox 420 2127 543 2197; x_wconf 88' lang='lat' dir='ltr'><strong>quarto,</strong></span> <span class='ocrx_word' id='word_1_185' title='bbox 568 2128 597 2179; x_wconf 91' lang='lat' dir='ltr'><strong>et</strong></span> <span class='ocrx_word' id='word_1_186' title='bbox 616 2123 648 2178; x_wconf 93' lang='lat' dir='ltr'><strong>in</strong></span> <span class='ocrx_word' id='word_1_187' title='bbox 670 2119 744 2178; x_wconf 94' lang='lat' dir='ltr'><strong>libro</strong></span> <span class='ocrx_word' id='word_1_188' title='bbox 772 2121 808 2180; x_wconf 89' lang='lat' dir='ltr'><strong>de</strong></span> <span class='ocrx_word' id='word_1_189' title='bbox 830 2121 939 2196; x_wconf 91' lang='lat' dir='ltr'><strong>Spiritu</strong></span> <span class='ocrx_word' id='word_1_190' title='bbox 964 2121 1070 2180; x_wconf 87' lang='lat' dir='ltr'><strong>Sancto</strong></span> <span class='ocrx_word' id='word_1_191' title='bbox 1090 2125 1165 2181; x_wconf 88' lang='lat' dir='ltr'><strong>inter</strong></span> 
     </span>
     <span class='ocr_line' id='line_1_20' title="bbox 78 2218 1164 2298; baseline -0.004 -16"><span class='ocrx_word' id='word_1_192' title='bbox 78 2225 251 2298; x_wconf 89' lang='lat' dir='ltr'><strong>Hieronymi</strong></span> <span class='ocrx_word' id='word_1_193' title='bbox 279 2222 387 2296; x_wconf 90' lang='lat' dir='ltr'><strong>scripta</strong></span> <span class='ocrx_word' id='word_1_194' title='bbox 413 2222 485 2295; x_wconf 87' lang='lat' dir='ltr'><strong>sito,</strong></span> <span class='ocrx_word' id='word_1_195' title='bbox 513 2218 613 2278; x_wconf 91' lang='lat' dir='ltr'><strong>eadem</strong></span> <span class='ocrx_word' id='word_1_196' title='bbox 641 2219 776 2278; x_wconf 88' lang='lat' dir='ltr'><strong>hauritur</strong></span> <span class='ocrx_word' id='word_1_197' title='bbox 800 2236 853 2294; x_wconf 90' lang='lat' dir='ltr'><strong>pro</strong></span> <span class='ocrx_word' id='word_1_198' title='bbox 876 2222 983 2278; x_wconf 90' lang='lat' dir='ltr'><strong>nostris</strong></span> <span class='ocrx_word' id='word_1_199' title='bbox 1007 2219 1164 2295; x_wconf 86' lang='lat' dir='ltr'><strong>Scriptoris</strong></span> 
     </span>
     <span class='ocr_line' id='line_1_21' title="bbox 80 2323 568 2397; baseline -0.006 -17"><span class='ocrx_word' id='word_1_200' title='bbox 80 2323 189 2397; x_wconf 89' lang='lat' dir='ltr'><strong>opinio.</strong></span> <span class='ocrx_word' id='word_1_201' title='bbox 563 2378 568 2388; x_wconf 76' lang='grc'><strong>,</strong></span> 
     </span>
     <span class='ocr_line' id='line_1_22' title="bbox 116 2415 1164 2494; baseline -0.003 -18"><span class='ocrx_word' id='word_1_202' title='bbox 116 2420 143 2493; x_wconf 71' lang='lat' dir='ltr'><strong>S.</strong></span> <span class='ocrx_word' id='word_1_203' title='bbox 177 2418 245 2476; x_wconf 89' lang='lat' dir='ltr'><strong>XII.</strong></span> <span class='ocrx_word' id='word_1_204' title='bbox 274 2417 452 2492; x_wconf 74' lang='lat' dir='ltr'><strong>Thwphilus</strong></span> <span class='ocrx_word' id='word_1_205' title='bbox 482 2415 677 2476; x_wconf 83' lang='lat' dir='ltr'><strong>Alexandriae</strong></span> <span class='ocrx_word' id='word_1_206' title='bbox 707 2421 874 2494; x_wconf 90' lang='lat' dir='ltr'><strong>episcopus,</strong></span> <span class='ocrx_word' id='word_1_207' title='bbox 905 2417 1030 2474; x_wconf 89' lang='lat' dir='ltr'><strong>obeunte</strong></span> <span class='ocrx_word' id='word_1_208' title='bbox 1048 2415 1164 2474; x_wconf 91' lang='lat' dir='ltr'><strong>saeculo</strong></span> 
     </span>
     <span class='ocr_line' id='line_1_23' title="bbox 80 2515 1164 2594; baseline -0.005 -19"><span class='ocrx_word' id='word_1_209' title='bbox 80 2523 199 2594; x_wconf 88' lang='lat' dir='ltr'><strong>quarto,</strong></span> <span class='ocrx_word' id='word_1_210' title='bbox 221 2515 335 2574; x_wconf 89' lang='lat' dir='ltr'><strong>claruit.</strong></span> <span class='ocrx_word' id='word_1_211' title='bbox 358 2517 456 2574; x_wconf 91' lang='lat' dir='ltr'><strong>Pauca</strong></span> <span class='ocrx_word' id='word_1_212' title='bbox 479 2515 562 2574; x_wconf 92' lang='lat' dir='ltr'><strong>nobis</strong></span> <span class='ocrx_word' id='word_1_213' title='bbox 583 2531 620 2574; x_wconf 85' lang='lat' dir='ltr'><strong>ex</strong></span> <span class='ocrx_word' id='word_1_214' title='bbox 641 2517 721 2576; x_wconf 92' lang='lat' dir='ltr'><strong>illius</strong></span> <span class='ocrx_word' id='word_1_215' title='bbox 741 2519 856 2591; x_wconf 89' lang='lat' dir='ltr'><strong>scriptis</strong></span> <span class='ocrx_word' id='word_1_216' title='bbox 879 2520 1049 2590; x_wconf 84' lang='lat' dir='ltr'><strong>supersunt,</strong></span> <span class='ocrx_word' id='word_1_217' title='bbox 1070 2515 1164 2588; x_wconf 88' lang='lat' dir='ltr'><strong>equi-</strong></span> 
     </span>
     <span class='ocr_line' id='line_1_24' title="bbox 79 2611 1161 2693; baseline -0.006 -18"><span class='ocrx_word' id='word_1_218' title='bbox 79 2617 131 2675; x_wconf 91' lang='lat' dir='ltr'><strong>bus</strong></span> <span class='ocrx_word' id='word_1_219' title='bbox 155 2623 256 2675; x_wconf 88' lang='lat' dir='ltr'><strong>tamen</strong></span> <span class='ocrx_word' id='word_1_220' title='bbox 276 2619 306 2674; x_wconf 92' lang='lat' dir='ltr'><strong>in</strong></span> <span class='ocrx_word' id='word_1_221' title='bbox 325 2631 356 2672; x_wconf 93' lang='lat' dir='ltr'><strong>rc</strong></span> <span class='ocrx_word' id='word_1_222' title='bbox 379 2622 479 2675; x_wconf 89' lang='lat' dir='ltr'><strong>nostra</strong></span> <span class='ocrx_word' id='word_1_223' title='bbox 500 2615 702 2693; x_wconf 82' lang='lat' dir='ltr'><strong>investiganda</strong></span> <span class='ocrx_word' id='word_1_224' title='bbox 716 2622 760 2674; x_wconf 92' lang='lat' dir='ltr'><strong>est</strong></span> <span class='ocrx_word' id='word_1_225' title='bbox 773 2615 915 2673; x_wconf 87' lang='lat' dir='ltr'><strong>doctrina.</strong></span> <span class='ocrx_word' id='word_1_226' title='bbox 934 2614 968 2671; x_wconf 91' lang='lat' dir='ltr'><strong>ln</strong></span> <span class='ocrx_word' id='word_1_227' title='bbox 987 2613 1108 2688; x_wconf 89' lang='lat' dir='ltr'><strong>epistola</strong></span> <span class='ocrx_word' id='word_1_228' title='bbox 1124 2611 1161 2687; x_wconf 84' lang='grc'><strong>(6)</strong></span> 
     </span>
     <span class='ocr_line' id='line_1_25' title="bbox 80 2709 1164 2792; baseline -0.006 -18"><span class='ocrx_word' id='word_1_229' title='bbox 80 2715 212 2774; x_wconf 85' lang='lat' dir='ltr'><strong>Paschali</strong></span> <span class='ocrx_word' id='word_1_230' title='bbox 229 2715 266 2773; x_wconf 89' lang='lat' dir='ltr'><strong>ad</strong></span> <span class='ocrx_word' id='word_1_231' title='bbox 286 2715 376 2773; x_wconf 91' lang='lat' dir='ltr'><strong>totius</strong></span> <span class='ocrx_word' id='word_1_232' title='bbox 395 2715 514 2792; x_wconf 78' lang='lat' dir='ltr'><strong>AEgypti</strong></span> <span class='ocrx_word' id='word_1_233' title='bbox 535 2717 701 2789; x_wconf 88' lang='lat' dir='ltr'><strong>episcopos,</strong></span> <span class='ocrx_word' id='word_1_234' title='bbox 725 2711 889 2789; x_wconf 88' lang='lat' dir='ltr'><strong>Sapientiae</strong></span> <span class='ocrx_word' id='word_1_235' title='bbox 903 2711 993 2770; x_wconf 90' lang='lat' dir='ltr'><strong>verba</strong></span> <span class='ocrx_word' id='word_1_236' title='bbox 1015 2716 1114 2768; x_wconf 89' lang='lat' dir='ltr'><strong>censet</strong></span> <span class='ocrx_word' id='word_1_237' title='bbox 1127 2709 1164 2768; x_wconf 93' lang='lat' dir='ltr'><strong>de</strong></span> 
     </span>
     <span class='ocr_line' id='line_1_26' title="bbox 83 2809 1166 2889; baseline -0.003 -17"><span class='ocrx_word' id='word_1_238' title='bbox 83 2814 190 2872; x_wconf 91' lang='lat' dir='ltr'><strong>Divina</strong></span> <span class='ocrx_word' id='word_1_239' title='bbox 212 2813 354 2873; x_wconf 83' lang='lat' dir='ltr'><strong>Scientia:</strong></span> <span class='ocrx_word' id='word_1_240' title='bbox 374 2839 385 2862; x_wconf 93' lang='lat'><strong><em>«</em></strong></span> <span class='ocrx_word' id='word_1_241' title='bbox 399 2814 434 2871; x_wconf 94' lang='lat' dir='ltr'><strong>In</strong></span> <span class='ocrx_word' id='word_1_242' title='bbox 455 2818 516 2889; x_wconf 89' lang='lat' dir='ltr'><strong>ejus</strong></span> <span class='ocrx_word' id='word_1_243' title='bbox 536 2813 688 2871; x_wconf 89' lang='lat' dir='ltr'><strong>haeremus</strong></span> <span class='ocrx_word' id='word_1_244' title='bbox 711 2811 909 2887; x_wconf 86' lang='lat' dir='ltr'><strong>amplexibus,</strong></span> <span class='ocrx_word' id='word_1_245' title='bbox 928 2816 957 2868; x_wconf 92' lang='lat' dir='ltr'><strong>et</strong></span> <span class='ocrx_word' id='word_1_246' title='bbox 978 2812 1004 2867; x_wconf 92' lang='lat' dir='ltr'><strong>si</strong></span> <span class='ocrx_word' id='word_1_247' title='bbox 1022 2809 1166 2869; x_wconf 85' lang='lat' dir='ltr'><strong>Dominus</strong></span> 
     </span>
     <span class='ocr_line' id='line_1_27' title="bbox 79 2911 1165 2988; baseline -0.004 -18"><span class='ocrx_word' id='word_1_248' title='bbox 79 2915 262 2988; x_wconf 81' lang='lat' dir='ltr'><strong>concesserit,</strong></span> <span class='ocrx_word' id='word_1_249' title='bbox 278 2914 410 2971; x_wconf 90' lang='lat' dir='ltr'><strong>viventes</strong></span> <span class='ocrx_word' id='word_1_250' title='bbox 424 2929 491 2970; x_wconf 93' lang='lat' dir='ltr'><strong>cum</strong></span> <span class='ocrx_word' id='word_1_251' title='bbox 506 2928 558 2987; x_wconf 90' lang='lat' dir='ltr'><strong>ea,</strong></span> <span class='ocrx_word' id='word_1_252' title='bbox 571 2917 599 2970; x_wconf 94' lang='lat' dir='ltr'><strong>et</strong></span> <span class='ocrx_word' id='word_1_253' title='bbox 614 2914 644 2969; x_wconf 92' lang='lat' dir='ltr'><strong>in</strong></span> <span class='ocrx_word' id='word_1_254' title='bbox 659 2911 738 2970; x_wconf 92' lang='lat' dir='ltr'><strong>illius</strong></span> <span class='ocrx_word' id='word_1_255' title='bbox 753 2916 969 2987; x_wconf 86' lang='lat' dir='ltr'><strong>perseverantes</strong></span> <span class='ocrx_word' id='word_1_256' title='bbox 984 2925 1083 2967; x_wconf 91' lang='lat' dir='ltr'><strong>amore</strong></span> <span class='ocrx_word' id='word_1_257' title='bbox 1098 2923 1165 2966; x_wconf 90' lang='lat' dir='ltr'><strong>can·</strong></span> 
     </span>
     <span class='ocr_line' id='line_1_28' title="bbox 80 3007 1165 3086; baseline -0.004 -18"><span class='ocrx_word' id='word_1_258' title='bbox 80 3017 185 3069; x_wconf 75' lang='lat' dir='ltr'><strong>mmus:</strong></span> <span class='ocrx_word' id='word_1_259' title='bbox 204 3009 347 3069; x_wconf 83' lang='lat' dir='ltr'><strong>-Amator</strong></span> <span class='ocrx_word' id='word_1_260' title='bbox 360 3011 455 3069; x_wconf 82' lang='lat' dir='ltr'><strong>lactus</strong></span> <span class='ocrx_word' id='word_1_261' title='bbox 469 3027 535 3069; x_wconf 89' lang='lat' dir='ltr'><strong>sum</strong></span> <span class='ocrx_word' id='word_1_262' title='bbox 549 3009 773 3086; x_wconf 89' lang='lat' dir='ltr'><strong>pulchritudinis</strong></span> <span class='ocrx_word' id='word_1_263' title='bbox 784 3010 874 3067; x_wconf 89' lang='lat' dir='ltr'><strong>illius.</strong></span> <span class='ocrx_word' id='word_1_264' title='bbox 892 3033 904 3059; x_wconf 77' lang='grc' dir='ltr'><strong>υ</strong></span> <span class='ocrx_word' id='word_1_265' title='bbox 921 3009 966 3066; x_wconf 86' lang='lat' dir='ltr'><strong>Ex</strong></span> <span class='ocrx_word' id='word_1_266' title='bbox 978 3008 1078 3066; x_wconf 91' lang='lat' dir='ltr'><strong>codem</strong></span> <span class='ocrx_word' id='word_1_267' title='bbox 1090 3007 1165 3065; x_wconf 93' lang='lat' dir='ltr'><strong>libro</strong></span> 
     </span>
     <span class='ocr_line' id='line_1_29' title="bbox 79 3106 1164 3184; baseline -0.005 -18"><span class='ocrx_word' id='word_1_268' title='bbox 79 3108 145 3184; x_wconf 77' lang='lat' dir='ltr'><strong>legit</strong></span> <span class='ocrx_word' id='word_1_269' title='bbox 167 3109 253 3166; x_wconf 91' lang='lat' dir='ltr'><strong>haec:</strong></span> <span class='ocrx_word' id='word_1_270' title='bbox 272 3109 310 3184; x_wconf 83' lang='grc'><strong>(7)</strong></span> <span class='ocrx_word' id='word_1_271' title='bbox 329 3133 341 3159; x_wconf 71' lang='grc' dir='ltr'>α</span> <span class='ocrx_word' id='word_1_272' title='bbox 359 3109 444 3182; x_wconf 88' lang='lat' dir='ltr'><strong>Quod</strong></span> <span class='ocrx_word' id='word_1_273' title='bbox 462 3109 580 3184; x_wconf 88' lang='lat' dir='ltr'><strong>dicens,</strong></span> <span class='ocrx_word' id='word_1_274' title='bbox 596 3108 723 3167; x_wconf 90' lang='lat' dir='ltr'><strong>ostendit</strong></span> <span class='ocrx_word' id='word_1_275' title='bbox 736 3107 842 3166; x_wconf 86' lang='lat' dir='ltr'><strong>Sancto</strong></span> <span class='ocrx_word' id='word_1_276' title='bbox 856 3106 965 3182; x_wconf 88' lang='lat' dir='ltr'><strong>Spiritu</strong></span> <span class='ocrx_word' id='word_1_277' title='bbox 981 3107 1081 3163; x_wconf 89' lang='lat' dir='ltr'><strong>omnia</strong></span> <span class='ocrx_word' id='word_1_278' title='bbox 1094 3121 1164 3162; x_wconf 92' lang='lat' dir='ltr'><strong>con·</strong></span> 
     </span>
     <span class='ocr_line' id='line_1_30' title="bbox 79 3201 1164 3284; baseline -0.006 -20"><span class='ocrx_word' id='word_1_279' title='bbox 79 3209 181 3282; x_wconf 80' lang='lat' dir='ltr'><strong>boeri,</strong></span> <span class='ocrx_word' id='word_1_280' title='bbox 206 3213 235 3265; x_wconf 88' lang='lat' dir='ltr'><strong>et</strong></span> <span class='ocrx_word' id='word_1_281' title='bbox 255 3207 333 3266; x_wconf 90' lang='lat' dir='ltr'><strong>illins</strong></span> <span class='ocrx_word' id='word_1_282' title='bbox 352 3212 503 3284; x_wconf 85' lang='lat' dir='ltr'><strong>majestate</strong></span> <span class='ocrx_word' id='word_1_283' title='bbox 516 3207 708 3281; x_wconf 87' lang='lat' dir='ltr'><strong>circumdari,</strong></span> <span class='ocrx_word' id='word_1_284' title='bbox 723 3207 748 3264; x_wconf 87' lang='lat' dir='ltr'><strong>si</strong></span> <span class='ocrx_word' id='word_1_285' title='bbox 774 3207 873 3264; x_wconf 92' lang='lat' dir='ltr'><strong>amnia</strong></span> <span class='ocrx_word' id='word_1_286' title='bbox 892 3207 924 3262; x_wconf 94' lang='lat' dir='ltr'><strong>in</strong></span> <span class='ocrx_word' id='word_1_287' title='bbox 944 3201 1091 3276; x_wconf 85' lang='lat' dir='ltr'><strong>omnibus,</strong></span> <span class='ocrx_word' id='word_1_288' title='bbox 1108 3203 1164 3259; x_wconf 91' lang='lat' dir='ltr'><strong>oti-</strong></span> 
     </span>
     <span class='ocr_line' id='line_1_31' title="bbox 78 3299 1163 3381; baseline -0.006 -19"><span class='ocrx_word' id='word_1_289' title='bbox 78 3321 131 3379; x_wconf 84' lang='lat' dir='ltr'><strong>que</strong></span> <span class='ocrx_word' id='word_1_290' title='bbox 151 3309 180 3362; x_wconf 90' lang='lat' dir='ltr'><strong>et</strong></span> <span class='ocrx_word' id='word_1_291' title='bbox 200 3305 428 3381; x_wconf 86' lang='lat' dir='ltr'><strong>irrationabilia,</strong></span> <span class='ocrx_word' id='word_1_292' title='bbox 444 3311 473 3363; x_wconf 91' lang='lat' dir='ltr'><strong>et</strong></span> <span class='ocrx_word' id='word_1_293' title='bbox 493 3307 626 3363; x_wconf 89' lang='lat' dir='ltr'><strong>inanima</strong></span> <span class='ocrx_word' id='word_1_294' title='bbox 648 3309 728 3363; x_wconf 89' lang='lat' dir='ltr'><strong>sunt.</strong></span> <span class='ocrx_word' id='word_1_295' title='bbox 742 3304 780 3363; x_wconf 85' lang='lat' dir='ltr'><strong>Et</strong></span> <span class='ocrx_word' id='word_1_296' title='bbox 793 3303 863 3362; x_wconf 89' lang='lat' dir='ltr'><strong>alibi</strong></span> <span class='ocrx_word' id='word_1_297' title='bbox 884 3303 1027 3378; x_wconf 82' lang='lat' dir='ltr'><strong>legimus:</strong></span> <span class='ocrx_word' id='word_1_298' title='bbox 1045 3331 1057 3342; x_wconf 94' lang='lat'>·</span> <span class='ocrx_word' id='word_1_299' title='bbox 1072 3299 1163 3374; x_wconf 90' lang='lat' dir='ltr'><strong>Spiri-</strong></span> 
     </span>
     <span class='ocr_line' id='line_1_32' title="bbox 78 3398 1166 3478; baseline -0.004 -18"><span class='ocrx_word' id='word_1_300' title='bbox 78 3409 122 3460; x_wconf 90' lang='lat' dir='ltr'><strong>tus</strong></span> <span class='ocrx_word' id='word_1_301' title='bbox 139 3403 258 3461; x_wconf 92' lang='lat' dir='ltr'><strong>Domini</strong></span> <span class='ocrx_word' id='word_1_302' title='bbox 278 3405 399 3478; x_wconf 88' lang='lat' dir='ltr'><strong>replcvit</strong></span> <span class='ocrx_word' id='word_1_303' title='bbox 420 3404 520 3462; x_wconf 91' lang='lat' dir='ltr'><strong>orbem</strong></span> <span class='ocrx_word' id='word_1_304' title='bbox 540 3411 701 3462; x_wconf 83' lang='lat' dir='ltr'><strong>terrarum:</strong></span> <span class='ocrx_word' id='word_1_305' title='bbox 714 3435 726 3446; x_wconf 93' lang='lat'>·</span> <span class='ocrx_word' id='word_1_306' title='bbox 739 3402 824 3475; x_wconf 87' lang='lat' dir='ltr'><strong>Quod</strong></span> <span class='ocrx_word' id='word_1_307' title='bbox 844 3416 996 3476; x_wconf 91' lang='lat' dir='ltr'><strong>nunquam</strong></span> <span class='ocrx_word' id='word_1_308' title='bbox 1016 3398 1166 3473; x_wconf 85' lang='lat' dir='ltr'><strong>Scriptura</strong></span> 
     </span>
     <span class='ocr_line' id='line_1_33' title="bbox 80 3498 1166 3577; baseline -0.003 -21"><span class='ocrx_word' id='word_1_309' title='bbox 80 3506 268 3577; x_wconf 84' lang='lat' dir='ltr'><strong>memoraret,</strong></span> <span class='ocrx_word' id='word_1_310' title='bbox 289 3502 346 3559; x_wconf 92' lang='lat' dir='ltr'><strong>nisi</strong></span> <span class='ocrx_word' id='word_1_311' title='bbox 366 3502 578 3561; x_wconf 82' lang='lat' dir='ltr'><strong>irrationabilia</strong></span> <span class='ocrx_word' id='word_1_312' title='bbox 599 3518 747 3577; x_wconf 87' lang='lat' dir='ltr'><strong>quaeque,</strong></span> <span class='ocrx_word' id='word_1_313' title='bbox 779 3507 834 3559; x_wconf 91' lang='lat' dir='ltr'><strong>etc.</strong></span> <span class='ocrx_word' id='word_1_314' title='bbox 851 3525 863 3550; x_wconf 90' lang='lat'>»</span> <span class='ocrx_word' id='word_1_315' title='bbox 881 3499 916 3556; x_wconf 88' lang='lat' dir='ltr'><strong>In</strong></span> <span class='ocrx_word' id='word_1_316' title='bbox 935 3498 1057 3574; x_wconf 89' lang='lat' dir='ltr'><strong>epistola</strong></span> <span class='ocrx_word' id='word_1_317' title='bbox 1080 3499 1166 3554; x_wconf 88' lang='lat' dir='ltr'><strong>tertia</strong></span> 
     </span>
     <span class='ocr_line' id='line_1_34' title="bbox 79 3593 1166 3674; baseline -0.004 -20"><span class='ocrx_word' id='word_1_318' title='bbox 79 3597 113 3655; x_wconf 90' lang='lat' dir='ltr'><strong>ad</strong></span> <span class='ocrx_word' id='word_1_319' title='bbox 138 3597 273 3672; x_wconf 86' lang='lat' dir='ltr'><strong>cosdem,</strong></span> <span class='ocrx_word' id='word_1_320' title='bbox 299 3599 336 3657; x_wconf 90' lang='lat' dir='ltr'><strong>de</strong></span> <span class='ocrx_word' id='word_1_321' title='bbox 360 3599 547 3658; x_wconf 87' lang='lat' dir='ltr'><strong>Machabaeis</strong></span> <span class='ocrx_word' id='word_1_322' title='bbox 569 3616 727 3674; x_wconf 86' lang='lat' dir='ltr'><strong>eorumque</strong></span> <span class='ocrx_word' id='word_1_323' title='bbox 748 3597 927 3674; x_wconf 88' lang='lat' dir='ltr'><strong>martyribus</strong></span> <span class='ocrx_word' id='word_1_324' title='bbox 944 3595 1054 3654; x_wconf 87' lang='lat' dir='ltr'><strong>scribit:</strong></span> <span class='ocrx_word' id='word_1_325' title='bbox 1067 3619 1079 3644; x_wconf 70' lang='lat'><strong>&lt;1</strong></span> <span class='ocrx_word' id='word_1_326' title='bbox 1088 3593 1166 3666; x_wconf 72' lang='lat' dir='ltr'><strong>Quod</strong></span> 
     </span>
     <span class='ocr_line' id='line_1_35' title="bbox 78 3693 1165 3772; baseline -0.004 -20"><span class='ocrx_word' id='word_1_327' title='bbox 78 3713 237 3755; x_wconf 90' lang='lat' dir='ltr'><strong>memorem</strong></span> <span class='ocrx_word' id='word_1_328' title='bbox 261 3699 389 3772; x_wconf 75' lang='lat' dir='ltr'><strong>insignes</strong></span> <span class='ocrx_word' id='word_1_329' title='bbox 414 3697 660 3756; x_wconf 89' lang='lat' dir='ltr'><strong>Machabacorom</strong></span> <span class='ocrx_word' id='word_1_330' title='bbox 683 3695 721 3772; x_wconf 87' lang='lat'><strong>(8)</strong></span> <span class='ocrx_word' id='word_1_331' title='bbox 745 3699 900 3770; x_wconf 85' lang='lat' dir='ltr'><strong>victorias,</strong></span> <span class='ocrx_word' id='word_1_332' title='bbox 929 3697 980 3770; x_wconf 89' lang='lat' dir='ltr'><strong>qui</strong></span> <span class='ocrx_word' id='word_1_333' title='bbox 999 3710 1036 3751; x_wconf 91' lang='lat' dir='ltr'><strong>ne</strong></span> <span class='ocrx_word' id='word_1_334' title='bbox 1056 3693 1165 3751; x_wconf 92' lang='lat' dir='ltr'><strong>illicitis</strong></span> 
     </span>
     <span class='ocr_line' id='line_1_36' title="bbox 78 3787 1166 3873; baseline -0.006 -21"><span class='ocrx_word' id='word_1_335' title='bbox 78 3795 216 3852; x_wconf 89' lang='lat' dir='ltr'><strong>carnibus</strong></span> <span class='ocrx_word' id='word_1_336' title='bbox 239 3801 441 3870; x_wconf 85' lang='lat' dir='ltr'><strong>vescerentur,</strong></span> <span class='ocrx_word' id='word_1_337' title='bbox 461 3801 490 3853; x_wconf 91' lang='lat' dir='ltr'><strong>et</strong></span> <span class='ocrx_word' id='word_1_338' title='bbox 508 3811 677 3853; x_wconf 90' lang='lat' dir='ltr'><strong>communes</strong></span> <span class='ocrx_word' id='word_1_339' title='bbox 696 3799 849 3870; x_wconf 86' lang='lat' dir='ltr'><strong>tangerent</strong></span> <span class='ocrx_word' id='word_1_340' title='bbox 864 3793 960 3868; x_wconf 92' lang='lat' dir='ltr'><strong>cibos,</strong></span> <span class='ocrx_word' id='word_1_341' title='bbox 978 3806 1105 3873; x_wconf 70' lang='lat' dir='ltr'><strong>⁸corpora</strong></span> <span class='ocrx_word' id='word_1_342' title='bbox 1117 3787 1166 3847; x_wconf 93' lang='lat' dir='ltr'><strong>ob·</strong></span> 
     </span>
     <span class='ocr_line' id='line_1_37' title="bbox 76 3887 1165 3968; baseline -0.003 -19"><span class='ocrx_word' id='word_1_343' title='bbox 76 3891 168 3950; x_wconf 78' lang='lat' dir='ltr'><strong>oriere</strong></span> <span class='ocrx_word' id='word_1_344' title='bbox 196 3891 393 3967; x_wconf 87' lang='lat' dir='ltr'><strong>cruciatibus,</strong></span> <span class='ocrx_word' id='word_1_345' title='bbox 423 3893 571 3968; x_wconf 84' lang='lat' dir='ltr'><strong>totiusque</strong></span> <span class='ocrx_word' id='word_1_346' title='bbox 598 3891 677 3951; x_wconf 92' lang='lat' dir='ltr'><strong>orbis</strong></span> <span class='ocrx_word' id='word_1_347' title='bbox 698 3894 729 3950; x_wconf 91' lang='lat' dir='ltr'><strong>in</strong></span> <span class='ocrx_word' id='word_1_348' title='bbox 748 3891 877 3950; x_wconf 89' lang='lat' dir='ltr'><strong>ecclesiis</strong></span> <span class='ocrx_word' id='word_1_349' title='bbox 899 3889 1008 3949; x_wconf 88' lang='lat' dir='ltr'><strong>Christi</strong></span> <span class='ocrx_word' id='word_1_350' title='bbox 1028 3887 1165 3947; x_wconf 92' lang='lat' dir='ltr'><strong>laudibus</strong></span> 
     </span>
    </p>
   </div>
   <div class='ocr_carea' id='block_1_3' title="bbox 77 4097 1164 4330">
    <p class='ocr_par' dir='ltr' id='par_1_3' title="bbox 77 4097 1164 4330">
     <span class='ocr_line' id='line_1_38' title="bbox 103 4097 1164 4167; baseline -0.005 -15"><span class='ocrx_word' id='word_1_351' title='bbox 103 4103 138 4164; x_wconf 87' lang='grc'>(1)</span> <span class='ocrx_word' id='word_1_352' title='bbox 150 4103 216 4152; x_wconf 85' lang='lat' dir='ltr'><strong>Eccl.</strong></span> <span class='ocrx_word' id='word_1_353' title='bbox 228 4117 250 4153; x_wconf 90' lang='lat' dir='ltr'><strong>c.</strong></span> <span class='ocrx_word' id='word_1_354' title='bbox 259 4105 279 4152; x_wconf 86' lang='lat' dir='ltr'><strong>l.</strong></span> <span class='ocrx_word' id='word_1_355' title='bbox 289 4107 317 4152; x_wconf 58' lang='lat' dir='ltr'><strong>lq</strong></span> <span class='ocrx_word' id='word_1_356' title='bbox 326 4130 356 4140; x_wconf 97' lang='lat'>-</span> <span class='ocrx_word' id='word_1_357' title='bbox 366 4103 400 4166; x_wconf 81' lang='grc'>(1)</span> <span class='ocrx_word' id='word_1_358' title='bbox 412 4105 482 4154; x_wconf 86' lang='lat' dir='ltr'><strong>Tam.</strong></span> <span class='ocrx_word' id='word_1_359' title='bbox 493 4107 524 4152; x_wconf 93' lang='lat' dir='ltr'><strong>ll.</strong></span> <span class='ocrx_word' id='word_1_360' title='bbox 536 4102 575 4153; x_wconf 89' lang='lat' dir='ltr'><strong>ed.</strong></span> <span class='ocrx_word' id='word_1_361' title='bbox 587 4105 706 4154; x_wconf 87' lang='lat' dir='ltr'><strong>Veronae.</strong></span> <span class='ocrx_word' id='word_1_362' title='bbox 715 4129 746 4141; x_wconf 91' lang='lat'><em>-</em></span> <span class='ocrx_word' id='word_1_363' title='bbox 756 4101 790 4167; x_wconf 83' lang='lat'><strong>(3)</strong></span> <span class='ocrx_word' id='word_1_364' title='bbox 800 4103 860 4152; x_wconf 89' lang='lat' dir='ltr'><strong>Tob.</strong></span> <span class='ocrx_word' id='word_1_365' title='bbox 869 4115 891 4151; x_wconf 83' lang='lat' dir='ltr'><strong>a.</strong></span> <span class='ocrx_word' id='word_1_366' title='bbox 903 4103 957 4151; x_wconf 89' lang='lat' dir='ltr'>x11.</span> <span class='ocrx_word' id='word_1_367' title='bbox 973 4108 1010 4151; x_wconf 85' lang='lat'><strong>18.</strong></span> <span class='ocrx_word' id='word_1_368' title='bbox 1022 4097 1164 4161; x_wconf 80' lang='lat' dir='ltr'><strong>-(4)Tab.</strong></span> 
     </span>
     <span class='ocr_line' id='line_1_39' title="bbox 77 4179 1164 4248; baseline -0.004 -18"><span class='ocrx_word' id='word_1_369' title='bbox 77 4196 98 4231; x_wconf 81' lang='lat' dir='ltr'><strong>e.</strong></span> <span class='ocrx_word' id='word_1_370' title='bbox 111 4184 153 4232; x_wconf 84' lang='lat' dir='ltr'><strong>lv.</strong></span> <span class='ocrx_word' id='word_1_371' title='bbox 166 4191 204 4234; x_wconf 84' lang='grc'><strong>19.</strong></span> <span class='ocrx_word' id='word_1_372' title='bbox 213 4210 243 4220; x_wconf 98' lang='grc'>-</span> <span class='ocrx_word' id='word_1_373' title='bbox 253 4183 288 4248; x_wconf 80' lang='grc'><strong>(5)</strong></span> <span class='ocrx_word' id='word_1_374' title='bbox 299 4183 361 4234; x_wconf 89' lang='lat' dir='ltr'><strong>Bibl.</strong></span> <span class='ocrx_word' id='word_1_375' title='bbox 372 4185 424 4234; x_wconf 90' lang='lat' dir='ltr'><strong>Pat.</strong></span> <span class='ocrx_word' id='word_1_376' title='bbox 442 4184 473 4234; x_wconf 89' lang='lat' dir='ltr'><strong>de</strong></span> <span class='ocrx_word' id='word_1_377' title='bbox 484 4184 591 4247; x_wconf 78' lang='lat' dir='ltr'><strong>laBigne</strong></span> <span class='ocrx_word' id='word_1_378' title='bbox 601 4197 664 4235; x_wconf 88' lang='lat' dir='ltr'><strong>saec.</strong></span> <span class='ocrx_word' id='word_1_379' title='bbox 678 4186 721 4234; x_wconf 82' lang='lat' dir='ltr'><strong>IV.</strong></span> <span class='ocrx_word' id='word_1_380' title='bbox 734 4209 765 4222; x_wconf 94' lang='lat'>-</span> <span class='ocrx_word' id='word_1_381' title='bbox 775 4183 810 4246; x_wconf 84' lang='grc'><strong>(6)</strong></span> <span class='ocrx_word' id='word_1_382' title='bbox 823 4182 886 4234; x_wconf 77' lang='lat' dir='ltr'><strong>bibl.</strong></span> <span class='ocrx_word' id='word_1_383' title='bbox 896 4181 1050 4243; x_wconf 85' lang='lat' dir='ltr'><strong>Pat.,etsap.</strong></span> <span class='ocrx_word' id='word_1_384' title='bbox 1062 4191 1084 4227; x_wconf 90' lang='lat' dir='ltr'><strong>a.</strong></span> <span class='ocrx_word' id='word_1_385' title='bbox 1098 4179 1164 4227; x_wconf 89' lang='lat' dir='ltr'><strong>Vlll.</strong></span> 
     </span>
     <span class='ocr_line' id='line_1_40' title="bbox 81 4263 622 4330; baseline -0.006 -14"><span class='ocrx_word' id='word_1_386' title='bbox 81 4290 109 4301; x_wconf 95' lang='lat'><em>-</em></span> <span class='ocrx_word' id='word_1_387' title='bbox 118 4264 221 4330; x_wconf 67' lang='lat' dir='ltr'><strong>(7)[Sap.</strong></span> <span class='ocrx_word' id='word_1_388' title='bbox 235 4279 257 4314; x_wconf 90' lang='lat' dir='ltr'><strong>c.</strong></span> <span class='ocrx_word' id='word_1_389' title='bbox 271 4266 291 4314; x_wconf 89' lang='lat' dir='ltr'><strong>l.</strong></span> <span class='ocrx_word' id='word_1_390' title='bbox 303 4269 326 4320; x_wconf 80' lang='grc'><strong>7.</strong></span> <span class='ocrx_word' id='word_1_391' title='bbox 339 4291 369 4302; x_wconf 91' lang='grc'>-</span> <span class='ocrx_word' id='word_1_392' title='bbox 379 4263 413 4328; x_wconf 81' lang='lat'><strong>(8)</strong></span> <span class='ocrx_word' id='word_1_393' title='bbox 425 4272 447 4315; x_wconf 83' lang='lat'><strong>2.</strong></span> <span class='ocrx_word' id='word_1_394' title='bbox 460 4268 522 4316; x_wconf 85' lang='lat' dir='ltr'><strong>blaa.</strong></span> <span class='ocrx_word' id='word_1_395' title='bbox 534 4277 556 4314; x_wconf 86' lang='lat' dir='ltr'><strong>a.</strong></span> <span class='ocrx_word' id='word_1_396' title='bbox 568 4267 622 4313; x_wconf 86' lang='lat' dir='ltr'><strong>Vll.</strong></span> 
     </span>
    </p>
   </div>
   <div class='ocr_carea' id='block_1_4' title="bbox 0 0 1486 5174">
    <p class='ocr_par' dir='ltr' id='par_1_4' title="bbox 0 0 1486 5174">
     <span class='ocr_line' id='line_1_41' title="bbox 0 0 1486 5174; baseline 0 2"><span class='ocrx_word' id='word_1_397' title='bbox 0 0 1486 5174; x_wconf 95' lang='lat' dir='ltr'><strong> </strong></span> 
     </span>
    </p>
   </div>
  </div>
 </body>
</html>
