2964 5174
821 419 1001 470 2102-

373 527 493 602 protulit
511 527 728 586 auctoritatem:
749 551 760 575 «
774 525 967 603 congratulor
986 529 1095 602 optimo
1120 527 1281 604 Sempioni,
1299 533 1346 606 qui
1365 537 1432 593 tanto

374 626 470 684 studio
483 625 631 685 contendit
650 641 713 684 sese
732 627 822 683 sacris
837 643 942 684 ornare
961 625 1109 702 moribus,
1128 629 1233 703 quique
1250 644 1266 686 e
1284 632 1368 703 patris
1385 647 1433 690 me-

376 727 472 782 moria*
491 723 607 782 laudem
629 722 764 782 conciliat
775 727 805 780 in
819 724 895 782 dies:
911 723 1081 782 Ἐτελεύτησε
1095 727 1159 798 γάρ,
1173 727 1204 786 ὥς
1216 747 1265 780 που
1285 727 1363 800 tired
1378 731 1430 798 φησὶ

373 822 518 896 Ὑραφῆ,ὁ
545 821 633 894 πατὴρ
653 821 757 885 αὐτοῦ,
786 823 828 876 καὶ
857 823 888 884 ὦς
914 825 957 877 ou'rt
988 822 1112 878 ἀπέθανε·
1139 825 1259 880 κατέλιπε
1284 801 1332 898 γάῤ
1350 829 1380 894 τῷ
1402 827 1438 898 βίῳ

375 915 554 987 μνημόσυνον
575 915 596 971 i.
613 930 639 973 e.
656 911 791 973 Mortuus
804 920 848 973 est
861 917 957 992 enim,
973 917 1049 974 sicut
1064 916 1192 992 quodam
1206 915 1269 975 loco
1287 933 1366 976 sacra
1381 917 1438 978 dicit

376 1015 545 1091 Scriptura,
565 1019 647 1089 pater
666 1018 745 1091 ejus,
773 1021 802 1073 et
828 1017 911 1090 quasi
933 1022 1055 1075 nonest
1076 1023 1226 1092 mortuus,
1245 1017 1357 1092 reliquit
1376 1021 1438 1076 enim

376 1116 455 1174 vitae
471 1116 694 1172 monimentum.
709 1138 721 1163 »
739 1111 818 1172 Alibi
835 1111 988 1172 historiam
1007 1113 1111 1172 iudith
1127 1113 1165 1190 (1)
1182 1115 1243 1174 adit
1256 1115 1334 1174 hisce
1346 1116 1436 1174 verbis:

377 1213 391 1264 ὅ
418 1213 484 1273 Θεός
516 1217 541 1266 δὲ
569 1211 614 1266 oo'x
647 1213 679 1274 ὥς
704 1209 834 1282 ἅνθρωπός
860 1211 926 1266 ἔστι·
959 1211 1010 1285 γάρ
1036 1209 1105 1266 εἶπεν
1136 1213 1155 1271 η’
1178 1214 1283 1286 γραφή,
1302 1213 1438 1272 i,e‚Deus

376 1317 475 1372 autem
495 1330 556 1372 non
576 1315 651 1371 sicut
670 1311 758 1370 homo
785 1318 847 1388 est,
864 1311 920 1370 hoc
942 1314 1020 1370 enim
1043 1312 1114 1371 dicit
1132 1311 1291 1388 Scriptura.
1306 1334 1319 1360 »
1336 1309 1435 1368 Macha-

372 1410 510 1470 baoorum
535 1417 632 1470 autem
653 1427 699 1469 res
719 1416 820 1468 narrat
835 1412 867 1466 in
889 1409 1007 1468 Psalmo
1025 1417 1074 1468 78.
1096 1409 1174 1468 Deus
1195 1414 1338 1468 venerunt
1355 1411 1435 1484 gentes

371 1511 404 1567 in
422 1509 630 1568 haereditatem
648 1515 748 1567 tuam:
768 1506 805 1584 (2)
827 1507 953 1566 «Multas
969 1510 1047 1566 enim
1062 1508 1208 1567 adducens
1231 1513 1330 1584 gentes
1350 1505 1434 1564 Antio

374 1607 466 1683 chus,
487 1610 637 1684 ingressus
659 1615 703 1667 est
725 1608 979 1684 Hierosolymam,
999 1613 1028 1666 et
1049 1608 1183 1666 divinum
1203 1606 1344 1681 templum
1364 1607 1440 1664 iacen-

374 1704 427 1764 dit.
443 1731 455 1756 »
475 1706 568 1765 Paulo
585 1711 652 1781 post
668 1708 700 1764 iu
719 1706 777 1764 illis
796 1706 909 1764 verbis:
930 1705 1061 1764 «Carnes
1084 1712 1252 1764 sanctorum
1274 1710 1385 1762 tuorum
1405 1702 1440 1761 be

374 1805 438 1862 stiis
455 1809 568 1862 terrae:
586 1834 597 1846 ·
610 1804 760 1876 Quomodo
774 1806 853 1862 enim
866 1805 960 1862 sancti
973 1821 1033 1862 non
1045 1802 1170 1879 inerint,
1189 1819 1315 1878 quorum
1339 1803 1438 1876 sanguis

374 1901 486 1961 effusus
504 1908 549 1961 est
566 1918 619 1978 pro
637 1903 710 1980 legis
732 1902 938 1977 observantia,
960 1919 996 1961 ex
1017 1918 1141 1978 quorum
1160 1907 1244 1959 erant
1263 1915 1379 1958 numero
1391 1899 1438 1958 Ma-

376 2001 497 2140 Chllbsseec}
509 2003 670 2140 {lhanasii
690 2079 824 2140 doctrina
842 2096 896 2156 pro
914 2079 1015 2138 Bibliis
1028 2053 1342 2153 Deutero-(ianonicis,
1366 2079 1438 2136 omni·

371 2177 427 2236 bus
440 2194 515 2254 quae
530 2178 719 2254 disquirenda
736 2178 933 2254 aggredimur,
949 2193 1080 2253 quaeque
1093 2179 1193 2236 omnia
1206 2177 1310 2235 divina
1324 2177 1439 2249 novitii

373 2278 464 2335 esuis
477 2277 593 2351 scriptis
611 2277 745 2353 genuinis
759 2282 928 2352 excerptum
937 2281 991 2334 est.
1004 2275 1090 2334 Nunc
1100 2280 1197 2334 autem
1213 2271 1395 2349 disquirenda
1404 2287 1438 2328 su·

372 2380 493 2450 persunt
505 2391 580 2450 quae
592 2376 625 2432 in
638 2374 764 2452 Synopsi
778 2389 878 2433 sacrae
891 2374 1056 2450 Scripturae
1070 2373 1228 2447 librorum,
1244 2377 1274 2430 et
1290 2373 1322 2428 iu
1332 2370 1439 2444 Epistola

370 2473 481 2532 Festaii
513 2475 589 2532 inter
623 2473 750 2532 doctoris
782 2475 890 2548 scripta
918 2479 1085 2532 occurrunt.
1108 2472 1241 2530 Primum
1267 2473 1299 2528 in
1333 2468 1440 2544 Epistola

371 2570 480 2628 Festali
493 2575 581 2647 juxta
591 2571 783 2630 hebraeorum
794 2569 943 2630 Canoncm
961 2573 1068 2629 veteris
1087 2571 1256 2629 testamenti
1274 2568 1361 2626 libros
1380 2565 1439 2622 colii·
1473 2629 1474 2640 ,

375 2671 427 2746 git.
452 2669 488 2726 In
505 2669 563 2728 iine
580 2671 709 2746 ejusdem
729 2670 825 2729 addit:
846 2670 928 2728 «Sed
947 2672 1066 2746 majoris
1087 2667 1284 2727 accurationis
1303 2681 1394 2739 causa,
1416 2665 1439 2722 il·

374 2768 426 2826 lud
440 2784 556 2844 quoque
570 2769 676 2827 addere
698 2785 815 2828 necesse
835 2768 922 2844 duxi,
940 2785 1002 2826 esse
1019 2769 1157 2825 nimirum
1176 2765 1252 2824 alios
1272 2764 1369 2839 libros,
1382 2779 1442 2840 prae

376 2871 420 2924 ter
441 2867 531 2942 istos,
546 2883 607 2924 non
619 2868 651 2923 in
668 2865 817 2926 Canonem
835 2866 952 2942 quidem
968 2866 1121 2941 redactos,
1139 2865 1190 2924 sed
1204 2881 1281 2940 quos
1297 2881 1315 2922 a
1331 2861 1441 2921 Patribus

374 2963 524 3022 decretum
540 2970 584 3022 est
600 2965 736 3041 legendos
751 2964 788 3023 ab
802 2967 838 3022 iis
853 2981 927 3040 esse,
942 2965 993 3040 qui
1005 2979 1097 3038 nuper
1111 2960 1260 3020 ediscendi
1274 2964 1384 3036 pietatis
1395 2974 1441 3016 ver-

375 3059 407 3118 bi
419 3063 515 3137 gratia
526 3064 712 3138 accesserint,
729 3062 877 3137 Sapientia
890 3062 1064 3136 salomonia,
1082 3059 1196 3135 Siracb,
1214 3059 1333 3135 Esther,
1350 3056 1440 3130 ludiih,

374 3157 481 3218 Tobias
491 3203 499 3235 ,
510 3159 648 3220 Doctrina
663 3161 880 3237 Apostolorum,
895 3167 923 3220 et
935 3167 1047 3236 pastor,
1067 3167 1123 3218 etc.
1138 3185 1150 3208 »
1163 3158 1279 3217 Pariter
1292 3161 1324 3216 in
1341 3156 1441 3234 Synopsi

375 3257 452 3318 idem
464 3257 565 3317 Canon
575 3259 767 3318 hebraeorum
787 3264 952 3318 recensetur
970 3259 1071 3317 eodem
1089 3273 1211 3316 numero
1227 3263 1257 3315 et
1277 3256 1383 3314 ordine.
1401 3251 1440 3310 Po·

375 3361 448 3432 stea,
460 3355 580 3415 delibro
590 3357 706 3433 Esther,
722 3360 763 3416 ait
781 3356 939 3416 nonnullos
958 3374 973 3415 e
989 3356 1136 3415 veteribus
1150 3354 1284 3412 hebraeis
1297 3359 1330 3412 ut
1340 3349 1440 3410 Canoni-

374 3469 441 3512 cum
455 3456 662 3530 agnoscebant.
679 3455 753 3515 Sunt
767 3459 865 3532 itaque
883 3455 1022 3515 Canonici
1034 3455 1101 3513 libri
1115 3455 1222 3512 veteris
1232 3451 1392 3511 testamenti
1404 3453 1439 3503 aa

376 3550 480 3610 litteris
500 3539 645 3611 hebraicis
663 3569 785 3613 numero
799 3571 902 3630 pares,
917 3555 1038 3612 totidem
1051 3554 1129 3611 enim
1149 3549 1226 3625 apud
1240 3551 1307 3608 ilios
1326 3551 1388 3606 sunt
1401 3543 1440 3600 eie·

377 3655 487 3707 menta.
507 3649 626 3709 Praeter
640 3653 712 3710 istos
727 3658 824 3710 autem
843 3659 913 3711 sunt
927 3651 1023 3710 adhuc
1041 3650 1091 3709 aiii
1105 3648 1234 3724 eJusdem
1255 3647 1360 3704 veteris
1374 3647 1440 3700 testa·

376 3749 468 3804 menti
480 3746 548 3806 libri
561 3765 622 3807 non
635 3749 786 3826 Canonici,
803 3753 854 3826 qui
868 3751 1082 3809 cathecumenis
1097 3753 1213 3805 tantum
1227 3745 1372 3822 leguntur,
1384 3737 1440 3795 idai

377 3842 525 3919 Sapientia
543 3845 723 3923 Salomomb,
739 3847 886 3924 Sapientia
908 3847 978 3906 lesu
993 3845 1047 3905 tilii
1068 3843 1186 3918 Sirach,
1208 3843 1330 3915 Esther,
1349 3833 1440 3904 Judtu,

378 3941 494 4000 Tobit.»
510 3945 545 4001 In
555 3944 614 4002 fine
627 3943 768 4022 Synopsis
781 3948 886 4005 iterum
901 3945 997 4003 addit:
1018 3943 1113 4002 «Sunt
1124 3948 1222 4000 autem
1234 3941 1285 4000 alii
1299 3937 1407 4014 quidam
1417 3930 1440 3986 ii·

375 4037 421 4096 bri
441 4041 517 4097 varii
537 4047 650 4116 practer
670 4042 835 4118 praedictos
854 4045 1007 4118 utriusque
1022 4047 1085 4100 tum
1105 4041 1233 4114 veteris,
1252 4043 1317 4096 tnm
1329 4033 1393 4093 novi
1411 4035 1440 4084 te

377 4139 532 4213 stamenti,
553 4155 678 4213 quorum
708 4139 773 4199 aliis
804 4141 1029 4216 contradicitur,
1060 4138 1110 4198 alii
1131 4135 1290 4214 apocryphi
1310 4133 1439 4192 vocantur.

404 4345 438 4407 (¹)
456 4347 573 4398 Juditho.
586 4351 652 4399 viil.
667 4353 745 4400 1'5.—
765 4351 799 4414 (2)
818 4355 887 4402 Tom.
901 4355 920 4402 l.
935 4367 958 4415 p.
975 4355 1042 4404 ilii.
1056 4351 1094 4402 ed.
1107 4353 1186 4400 Maur.
