3094 5176
837 401 1019 454 -150-

385 509 539 572 animabus
550 509 666 570 rathis.
676 533 689 560 υ
702 508 750 568 Ad
760 509 919 570 Romanos:
932 534 945 560 e
953 509 1080 570 Obsecro
1090 525 1173 588 ergo,
1185 511 1359 588 habespar
1368 512 1455 574 lloml

386 625 459 670 num
478 615 613 670 nostrum
631 651 748 668 .....
763 614 798 668 ut
815 607 960 685 adjuvetis
977 624 1025 668 me
1037 611 1069 668 in
1082 609 1263 671 orationibus
1278 613 1391 670 uestris
1405 615 1452 690 trip

387 723 442 784 pro
460 724 508 768 ma
532 707 570 768 ad
596 707 731 767 Deum»
760 707 798 766 Et
815 713 912 767 cetere
933 707 1066 783 similia,
1094 725 1170 784 quae
1189 711 1221 768 in
1239 709 1327 770 diade
1354 712 1450 771 etalii

388 807 521 882 Apostoli
539 806 669 882 epistolis
691 812 869 883 oeourrunt,
888 813 917 866 et
930 807 1006 866 idem
1021 806 1107 882 plane
1121 807 1177 867 sibi
1189 808 1303 869 volunt.
1320 809 1368 868 Ea
1380 812 1454 887 igitur

386 903 497 964 verbe:
524 905 608 978 «Qui
627 904 811 980 baptizantur
830 919 884 979 pro
903 909 1027 965 mortus
1055 905 1274 966 »humanitatis
1294 913 1398 967 aetum
1415 925 1455 967 er·

387 1005 540 1082 primunt,
563 1019 650 1080 quem
670 1005 733 1062 vlvl
753 1001 909 1080 explebant
928 1018 981 1078 pro
997 1001 1202 1064 defunctorum
1216 1003 1375 1064 animabus
1384 1008 1459 1080 juxta

386 1101 553 1177 exemplum
574 1099 703 1177 Christi,
724 1103 776 1178 qui
798 1101 903 1162 dilexit
921 1117 996 1177 nos,
1017 1107 1047 1160 et
1065 1100 1187 1160 tradidit
1205 1105 1398 1178 semetipsum
1416 1119 1459 1178 pro
1538 1177 1539 1184 ἵ

387 1201 483 1262 nohis.

429 1299 484 1358 llis
503 1299 642 1374 expositis
662 1298 698 1357 de
719 1297 862 1358 vooahulo
882 1295 977 1375 hyper
989 1313 1070 1374 pro,
1095 1297 1268 1357 deoernatur
1293 1297 1461 1374 quibuisdam
1538 1317 1539 1326 ¹

390 1395 549 1472 Apostolus
569 1395 761 1472 loquebatur,
782 1395 853 1455 dum
872 1411 907 1454 aa
928 1395 1063 1456 edisserit
1081 1395 1180 1454 verba.
1209 1394 1301 1456 Juxta
1318 1411 1378 1470 ea,
1398 1411 1464 1470 quae

317 1501 321 1510 ‘
389 1501 476 1555 antea
495 1494 654 1570 dieantur,
673 1492 781 1555 Paulus
794 1495 884 1553 vertit
897 1508 1060 1553 sermonem
1073 1494 1111 1553 ad
1124 1493 1298 1561 christianos
1314 1536 1324 1568 ,
1347 1508 1464 1570 quorum

387 1593 543 1670 nonnulli,
559 1595 614 1654 etsi
627 1592 760 1654 dootrina
772 1592 924 1670 Evangelii
936 1584 1059 1668 imbuti,
1073 1595 1158 1652 vanis
1171 1599 1269 1652 tamm
1283 1593 1465 1652 ethmeomm

389 1692 573 1768 opinionibus
593 1694 706 1766 innixi,
730 1697 912 1752 mortuorum
929 1694 1169 1752 resumaotionem
1185 1691 1348 1768 negabant.
1367 1691 1466 1752 lithos

389 1795 488 1866 aperte
507 1791 620 1850 eruitur
640 1806 656 1848 e
671 1788 769 1848 verbis
789 1789 941 1867 ejusdem,
959 1791 1010 1866 qul
1028 1789 1116 1867 paulo
1138 1795 1206 1850 ante
1224 1789 1315 1848 didit:
1344 1788 1407 1848 «si
1422 1805 1466 1848 an·

389 1893 449 1948 mm
469 1887 602 1950 Christus
623 1888 828 1964 praedicatur,
849 1888 928 1965 quod
946 1890 1105 1949 resmrexit
1123 1905 1141 1947 a
1158 1889 1302 1964 mortuis,
1326 1889 1467 1965 mornado

389 1985 510 2062 quidam
533 1985 637 2048 dieunt
657 1989 689 2046 in
711 1985 818 2064 vohis,
844 1989 984 2063 quoniam
1006 1989 1179 2048 resuueetio
1200 1993 1390 2048 mortuorum
1411 2003 1465 2046 non
1538 2039 1539 2042 ,

388 2085 479 2144 esti»
503 2085 662 2146 dictiones:
682 2111 695 2138 r
706 2087 857 2160 Quomodo
871 2086 975 2147 dieunt
986 2089 1018 2146 in
1031 2087 1114 2147 vohis
1128 2111 1141 2138 ι»
1159 2085 1384 2146 minantum
1395 2085 1467 2144 obii·
1538 2073 1539 2078 ’

387 2185 519 2260 stlanos,
541 2187 592 2260 qui
604 2187 669 2261 jam
684 2187 715 2244 ln
728 2183 878 2246 Christum
896 2185 1100 2262 crediderant3
1121 2184 1224 2246 eedem
1242 2187 1361 2244 ratione
1384 2193 1415 2244 et
1437 2200 1467 2244 ea

387 2297 463 2358 quae
481 2289 642 2360 sequumiu
664 2284 853 2360 paulopost:
879 2284 1043 2362 «Alioquin
1060 2284 1131 2362 quid
1151 2283 1281 2360 fneient,
1303 2285 1358 2359 qni
1381 2283 1467 2358 bspti-

388 2388 491 2442 emtus
505 2397 559 2459 pro
573 2385 714 2460 mortuis,
730 2408 743 2434 s
767 2381 803 2441 de
819 2380 921 2442 iisdem
935 2381 1101 2442 ohrbdauis
1114 2382 1272 2457 dicuntur,
1290 2379 1392 2440 veluti
1405 2383 1468 2440 seri·

388 2481 495 2556 polesot
512 2479 690 2556 Apostolus:
716 2504 729 2531 α
743 2479 883 2558 Alioquin
903 2480 976 2557 qnid
993 2479 1103 2540 faeiem
1117 2479 1162 2540 illi
1181 2482 1213 2538 in
1229 2479 1341 2556 vohis,
1363 2483 1418 2555 qui
1428 2479 1471 2539 be

388 2578 535 2654 ptlunntm
559 2594 613 2654 pro
634 2580 769 2656 mortale,
791 2581 817 2638 si
840 2581 960 2640 omnino
979 2581 1088 2640 mortui
1109 2593 1169 2638 non
1190 2581 1384 2655 resurgunt?
1402 2603 1416 2628 ι
1441 2577 1472 2636 h

387 2677 523 2750 quamvls
537 2678 558 2733 ii
571 2676 724 2736 christiani
737 2679 957 2738 resurrectionis
969 2676 1119 2736 doobinae
1136 2678 1357 2752 mentirentur,
1375 2684 1468 2736 mmm

386 2787 448 2834 nou
460 2771 606 2834 desierant
618 2790 650 2834 se
663 2791 695 2834 se
707 2791 761 2852 pro
771 2778 895 2836 mortuis
904 2774 1068 2852 baptizare3
1082 2781 1112 2834 et
1121 2773 1188 2834 ideo
1197 2774 1364 2850 Apostolus
1377 2776 1471 2851 arguit
1538 2841 1539 2850 χ

341 2955 344 2958 ῃ
389 2883 490 2929 eorum
503 2871 729 2948 vamtatem,et
739 2889 887 2950 errorem,
905 2889 996 2950 quuiu
1010 2873 1120 2934 bostra
1132 2889 1163 2934 se
1176 2889 1208 2932 se
1220 2889 1275 2949 pro
1285 2876 1419 2932 mortuis
1429 2872 1471 2932 br
1538 2865 1539 2940 l

388 2967 540 3043 ptizarent.
554 2969 634 3042 Quae
641 2969 801 3032 utilitosex
818 2988 852 3032 eo
867 2987 972 3048 opere,
989 2975 1051 3049 alt,
1066 2975 1091 3032 si
1103 2974 1211 3032 ruortui
1224 2989 1284 3032 uon
1295 2971 1468 3048 resurgunt?

390 3063 584 3128 mamus
603 3067 754 3130 Sulmeron
773 3073 805 3130 in
823 3071 875 3130 illa
892 3070 1024 3148 Apostoli
1042 3071 1150 3149 umba,
1172 3071 1253 3132 aliud
1269 3073 1470 3130 testimoniam

390 3163 488 3241 addit,
509 3181 568 3242 quo
585 3166 739 3229 roboratur
759 3169 831 3229 haee
846 3171 1064 3246 interpretato,
1086 3176 1191 3230 notans
1213 3170 1333 3246 aliquos
1352 3183 1470 3246 graeeos

388 3261 502 3322 oodioes
519 3264 615 3342 legere
633 3266 716 3326 loeo:
742 3267 812 3327 «Ut
831 3268 1264 3344 quidhaptizauturproillis»
1287 3266 1471 3344 utquidba

390 3361 534 3434 ptlaamur
546 3379 601 3439 pro
613 3363 688 3441 illis,
706 3389 719 3416 n
735 3371 765 3426 et
778 3366 816 3426 ad
829 3383 861 3425 se
872 3367 980 3443 ipsum,
991 3365 1115 3426 Paulum
1127 3372 1157 3425 et
1171 3365 1210 3425 ad
1228 3365 1340 3424 batres
1363 3365 1473 3424 curbo

391 3457 491 3519 fideles
514 3457 681 3522 eonverteee
698 3479 872 3523 sermonem.
897 3465 979 3538 Quae
1002 3462 1473 3539 verha‚utamoi1iitrtdmtni

389 3556 541 3636 theologus
564 3562 624 3637 ait,
645 3560 794 3622 efficatius
812 3561 1003 3639 comprobant
1022 3579 1077 3638 ea,
1096 3577 1172 3638 quae
1190 3561 1340 3636 didimus,
1363 3559 1475 3620 sniiiael

389 3652 563 3730 Apostolum
576 3659 658 3736 loqui
671 3660 708 3720 da
720 3661 888 3720 ohrbtianis
901 3661 1072 3735 haeretieis3
1086 3666 1116 3720 et
1128 3660 1254 3736 amplius
1266 3659 1473 3736 obsequium

390 3752 487 3814 vobis
507 3757 695 3833 sequentihus
707 3777 714 3818 :
727 3759 792 3819 -Ut
806 3759 878 3835 qnid
897 3761 1095 3836 periclitamur
1114 3763 1195 3818 omni
1208 3759 1292 3818 hora.
1308 3783 1322 3810 »
1345 3757 1475 3834 Chryso

389 3857 502 3914 stomus
519 3854 596 3914 idem
610 3859 718 3934 sentit,
737 3864 768 3917 et
784 3858 855 3917 diolt
866 3875 927 3918 non
940 3857 1092 3936 ethuieos,
1109 3857 1161 3918 sed
1176 3857 1356 3918 christianos
1375 3873 1397 3916 e
1413 3871 1475 3932 gur

389 3951 469 4012 tibus
486 3967 642 4016 oonvasos
659 3963 791 4033 spectare
804 3959 963 4034 apostoliea
975 3957 1077 4018 verba.
1093 3957 1131 4017 itt
1148 3956 1206 4016 hoo
1218 3971 1338 4033 quoque
1349 3954 1475 4013 linunt

389 4051 603 4114 flammondias
625 4054 657 4112 in
681 4053 855 4130 paraphrasi
875 4058 947 4115 novi
965 4055 1101 4116 Foederis
1115 4069 1185 4114 oum
1204 4055 1282 4114 notis
1303 4052 1474 4126 cleriei,ei
1538 4047 1539 4132 l

388 4149 508 4225 lunius,
532 4157 562 4212 et
578 4151 784 4230 Lightfootus,
806 4156 942 4231 quamvis
968 4153 1094 4230 deinde,
1114 4158 1149 4212 ut
1167 4167 1221 4228 par
1241 4155 1308 4228 est,
1334 4149 1476 4209 aberrent

389 4248 428 4308 ab
449 4265 504 4327 ea,
525 4267 614 4328 mam
636 4253 824 4314 instituturus
844 4269 910 4312 sum
929 4253 1207 4327 interpretationem.

428 4347 514 4408 Nune
531 4349 752 4428 disquirendum
771 4357 901 4428 superest
920 4351 991 4430 quid
1011 4351 1067 4412 sihi
1084 4348 1156 4410 velit
1174 4347 1353 4408 vocabulum
1372 4343 1470 4420 bapti·
