2964 5174
522 387 561 398 ...
584 359 620 414 59
642 387 681 398 .-

85 475 106 526 ct
119 467 267 542 apostolico
286 469 347 530 aelo
374 469 487 546 clarus,
515 470 636 530 dimidio
656 473 764 532 saocuh
781 473 876 548 quinti
893 473 1063 548 pontificatu
1077 475 1143 534 brn-

83 568 194 644 gebatur.
215 569 251 628 in
270 571 329 628 suls
341 612 350 645 ,
362 569 526 646 eloquentia
541 572 696 650 praeditis,
707 572 834 632 homiliis
855 588 939 649 saepe
960 574 998 632 ad
1015 573 1143 651 Scriptu-

83 681 119 752 ras
141 666 436 727 Deutero-Canonlcas
458 671 550 728 venit.
579 669 715 746 Appellat
734 672 812 730 enlm
830 669 868 730 ad
888 670 995 730 Tobiae
1015 672 1142 750 librum,

81 779 192 824 sermone
209 768 326 840 quinto:
347 790 358 816 a
377 765 461 826 Unde
475 773 504 826 et
519 767 625 827 Tobios
643 767 737 827 lilium
752 783 837 827 suum
851 771 1012 843 praeceptis
1028 772 1142 844 pietatis

81 863 237 936 imhhreus3
260 877 297 920 ex
318 863 498 938 substantia,
517 866 626 941 lnquit,
648 869 700 924 toa
722 865 769 924 iac
786 864 1017 941 eleemosynam,
1037 873 1066 924 et
1084 867 1144 925 noli

81 963 190 1017 avarum
206 957 313 1018 faciem
331 966 413 1020 mem
436 960 473 1018 ab
499 961 560 1020 ullo
582 977 719 1038 paupere.
741 987 753 1013 »ι
775 962 810 1020 In
830 977 962 1020 sermone
983 965 1144 1024 hahuitatis

79 1061 167 1131 septem
180 1054 306 1114 fratrum
317 1055 565 1118 Machabaeorunr
577 1060 691 1133 incipit:
703 1058 845 1118 «Causam
856 1073 938 1136 ergo,
951 1059 1142 1137 diieansslmi,

79 1153 223 1212 lrshvllatis
235 1153 393 1213 hodiernae
408 1154 576 1230 plenissime
591 1170 691 1216 sacrae
700 1155 845 1216 Historiae
858 1157 980 1216 lectione
989 1155 1142 1234 didicistis,

78 1265 118 1309 uec
127 1251 213 1310 lutera
225 1267 280 1311 vos
294 1254 398 1328 potuit.
418 1278 430 1303 υ
452 1253 488 1311 In
502 1253 602 1313 eodem
614 1255 807 1314 Ecclesiastici
821 1257 993 1314 muntium
1010 1255 1140 1330 protulit:

80 1346 179 1425 «ihu,
201 1352 299 1426 mqurlt
316 1349 410 1427 Deus,
432 1350 571 1412 accedens
594 1351 632 1412 ad
649 1355 819 1412 servitrrtem
835 1351 904 1427 Dei,
925 1357 971 1410 sto
988 1354 1019 1410 iu
1028 1354 1143 1428 justitia

78 1451 99 1504 ol
114 1449 228 1523 timore,
246 1455 278 1506 at
295 1457 437 1524 praepara
450 1452 579 1510 anhnam
594 1457 676 1512 tuam
706 1449 745 1510 ad
763 1453 962 1510 tentationem.
982 1475 994 1500 »
1016 1449 1143 1510 Homilia

78 1542 104 1600 le
115 1559 163 1620 eo,
178 1545 258 1620 qaod
273 1549 414 1624 scripturn
427 1555 484 1610 est:
504 1551 630 1610 «Videas
645 1551 731 1610 lasus
753 1549 855 1609 turbas
869 1547 1001 1608 ascendit
1013 1550 1045 1606 in
1059 1563 1143 1608 mon·

78 1647 133 1701 un:
144 1667 157 1693 n
172 1667 184 1694 α
197 1643 282 1704 Tunc
296 1661 378 1706 mens
392 1647 518 1706 videndo
526 1648 587 1706 ileo
597 1650 708 1708 intenta
721 1647 810 1706 nullis
822 1661 976 1722 corporeae
990 1645 1142 1706 infirmita·

78 1739 285 1815 lisimpedietur
305 1741 478 1819 obstaculis,
498 1759 552 1802 nec
565 1748 629 1821 jam
649 1745 707 1803 dici
731 1755 847 1804 necesse
864 1745 935 1802 erit:
953 1742 991 1818 li)
1006 1742 1143 1817 -Corpus

77 1838 140 1911 quod
151 1841 348 1915 corrumpitur
365 1847 508 1917 aggravat
520 1844 668 1918 animam,
687 1848 716 1901 et
731 1839 848 1900 'terrena
862 1838 1034 1898 inhabitatio
1050 1839 1143 1914 depri-

78 1937 119 1994 nll
133 1953 245 1996 sensum
260 1938 355 1998 multu
372 1941 558 2015 cogitantem.
574 1929 592 1990 ὐ
614 1940 660 1997 Ex
676 1939 798 1998 historia
817 1937 967 1996 Susannae
980 1954 1068 1996 serm.
1085 1953 1139 1996 xvr
1165 1955 1171 1968 ·

78 2031 105 2092 de
117 2031 248 2095 Passione
269 2035 387 2095 Domini
400 2037 472 2095 haec
489 2037 579 2096 verba
593 2042 677 2096 sunt:
701 2061 713 2085 «
730 2035 787 2094 Sed
803 2041 837 2093 tu
853 2037 1023 2110 impiissime
1041 2035 1139 2094 homo:

78 2147 158 2190 umen
174 2133 318 2194 Chunaan
337 2140 365 2192 et
383 2150 443 2193 non
461 2134 554 2192 ludar
569 2149 623 2193 nec
634 2137 699 2209 jam
719 2147 773 2191 vas
790 2132 949 2192 electionis,
969 2157 981 2183 u
999 2131 1079 2191 Alibi
1100 2131 1142 2190 Sl·

79 2229 134 2287 rach
151 2230 226 2290 dicta
241 2234 395 2308 praeuenit
414 2231 470 2289 hoc
489 2230 593 2290 modo:
614 2255 626 2281 a
643 2230 773 2306 Cumque
791 2229 914 2289 audiunt
931 2228 987 2286 sihi
1001 2229 1142 2286 divinitus

78 2325 135 2386 diei:
150 2327 244 2388 -Post
261 2331 507 2405 concupiscentias
521 2335 587 2387 tuas
602 2345 661 2386 non
675 2345 740 2403 aas,
756 2334 785 2388 et
799 2343 817 2387 u
834 2327 985 2386 voluntate
998 2333 1048 2384 tuo
1062 2342 1142 2384 aver·

79 2429 124 2482 tere
144 2431 195 2484 otc.
221 2451 234 2476 ι»
270 2427 307 2486 Et
328 2430 455 2503 exceptis
483 2427 564 2502 aliis,
596 2425 644 2485 hic
669 2428 825 2485 memoriae
845 2440 982 2484 revocare
997 2426 1068 2483 satis
1087 2425 1142 2482 erit

79 2521 199 2596 quidquid
217 2539 275 2582 sua
298 2525 329 2582 ln
351 2525 472 2599 epistola
493 2525 531 2583 ad
548 2523 728 2584 Mattianum
752 2523 918 2599 Augustum
938 2521 1057 2598 legitur:
1075 2543 1088 2572 a
1105 2519 1141 2579 Et

80 2633 133 2676 cum
146 2621 314 2698 evangelica
327 2628 355 2680 et
370 2623 527 2697 apostolica
543 2622 674 2681 doctrina
685 2637 724 2680 ne
738 2637 799 2679 uno
811 2619 928 2696 quidem
949 2618 1039 2678 verbo
1057 2619 1143 2678 liceat

78 2714 215 2795 dissidere,
238 2725 292 2777 aut
305 2719 390 2778 aliter
406 2719 441 2778 dc
456 2719 610 2794 scripturis
624 2719 732 2778 divinis
747 2733 859 2793 supere,
874 2731 964 2792 quum
977 2716 1054 2776 beati
1066 2714 1142 2791 Apo-

79 2813 130 2872 stoli
145 2823 172 2874 et
192 2824 292 2892 patres
311 2819 403 2875 nostri
421 2817 600 2894 didicerunt,
623 2823 710 2893 atque
730 2816 900 2875 docuerunt.
913 2839 926 2865 o

106 2911 129 2984 S.
148 2912 271 2976 XXVII.
288 2915 457 2974 Vincentius
471 2915 630 2974 monachus
643 2915 788 2973 lirinensis
799 2916 831 2972 in
847 2927 900 2972 suo
921 2912 1142 2970 commonitorio

79 3006 197 3070 mvcrsus
215 3011 383 3088 prophanas
403 3012 559 3071 haereseon
572 3014 734 3087 novitates,
744 3014 776 3069 in
790 3026 860 3087 quo,
875 3011 1010 3086 inquiunt
1027 3009 1141 3068 marde-

77 3100 216 3180 burgouses
237 3113 463 3186 centuriatores,
483 3110 557 3168 idest
572 3109 723 3171 Romanae
743 3107 962 3166 Communionis
982 3106 1078 3165 hostes
1096 3108 1140 3163 in-

8 3247 9 3256 r
79 3195 235 3282 tenuissimi,
257 3207 303 3266 uis
323 3208 432 3284 ingenii
450 3207 544 3266 elucet
556 3211 585 3265 et
598 3207 748 3266 doctrinae
762 3203 949 3280 magnitudo,
962 3203 998 3262 de
1013 3202 1142 3277 Scriptu-

79 3313 117 3356 rae
129 3300 204 3362 libris
224 3303 355 3379 loquitur
372 3321 437 3380 cup.
455 3321 603 3364 xxxvrrr:
623 3329 636 3354 «
652 3303 715 3363 Hoc
733 3302 843 3362 scilicet
857 3302 952 3360 lacere
967 3315 1142 3377 magnopere

79 3397 219 3476 amabunt,
237 3406 272 3459 ut
292 3401 426 3460 divinum
453 3402 601 3462 (lenonem
622 3401 783 3461 secundum
803 3398 977 3459 universalis
997 3397 1142 3457 Ecclesiae

79 3493 247 3578 hadihones,
271 3507 301 3559 et
314 3504 402 3576 juxta
419 3499 554 3560 catholici
572 3501 718 3578 dogmatis
735 3499 851 3576 regulas
871 3500 1103 3573 interpretentur.
1125 3523 1137 3549 a

79 3587 164 3660 Qells
177 3598 232 3656 iste
250 3595 350 3657 Canon
372 3605 464 3673 esset,
486 3604 515 3657 et
531 3606 604 3674 quot
616 3598 706 3658 libms
724 3596 996 3673 comprehenderet,
1015 3611 1142 3672 quanm

79 3693 263 3753 aodorltatem
283 3695 366 3754 libris
384 3696 516 3756 muteris
532 3696 671 3771 donaret,
690 3696 763 3754 haee
780 3695 871 3755 verba
889 3694 1052 3769 sufficiant,
1066 3709 1142 3770 quae

80 3784 207 3865 incapite
234 3809 309 3852 xxvr
334 3793 462 3870 loquitur
487 3797 574 3869 Juxta
602 3793 851 3853 Ecclesiasticum:
869 3791 907 3870 (a)
927 3817 939 3842 a
959 3791 1006 3850 Sic
1026 3799 1141 3850 terrena

80 3881 222 3965 ioshhrtio,
246 3907 320 3966 quae
340 3891 423 3949 allier
449 3889 565 3967 perlici,
588 3891 645 3948 nisi
670 3891 787 3950 assidua
815 3889 1033 3964 emendatione,
1051 3891 1142 3948 immo

81 3982 161 4048 l⁰iius
177 3986 415 4062 reprehensione,
432 4003 493 4046 non
513 3989 619 4063 possit3
640 4003 731 4063 quum
749 3987 850 4045 diuina
867 3985 993 4045 clament
1009 3984 1137 4044 oracula:

82 4074 184 4154 ·Super
198 4083 361 4158 judicantes
372 4100 409 4144 ne
425 4084 558 4161 iudicas,
573 4090 603 4144 et
622 4083 800 4146 scindentem
812 4099 908 4160 sepem
922 4081 1064 4144 mordebit
1080 4097 1139 4142 scr·

82 4185 183 4244 Nm»

105 4283 134 4348 iu
148 4291 200 4354 sap.
211 4306 232 4342 o.
245 4295 286 4344 rx.
299 4302 336 4346 re.
348 4319 379 4332 -
392 4293 426 4357 (a)
437 4295 502 4344 uror.
520 4307 541 4342 a.
556 4291 622 4343 vlu.
636 4301 672 4344 ro.
