3094 5184
821 300 978 348 ...fio-.-

756 503 983 564 PROPOSITIO
1004 504 1056 562 lv.

368 700 543 760 Praemissis
562 703 659 774 uotis,
687 700 793 778 quihus
817 699 981 760 aduersarii
1007 700 1233 778 diprtosceudoru
1257 720 1310 762 esee
1332 705 1416 768 dimit

406 801 593 860 diviuitatem
619 797 859 876 Scripturarum,
889 801 1033 858 statuitur
1060 797 1113 856 bas
1137 798 1300 876 Scripturas
1322 802 1416 864 tecua

406 898 522 958 dioiuas
539 913 593 974 per
607 896 700 954 solam
715 895 902 956 traditionem
923 895 1161 973 ccebsiasiteam,
1186 900 1273 956 sicuti
1290 902 1414 974 puruaui

406 995 536 1054 doctores
559 993 595 1052 de
620 993 737 1054 Cumae
759 992 943 1068 Brittiorum,
967 998 998 1054 et
1014 993 1051 1054 cle
1069 993 1138 1052 aliis
1153 994 1298 1058 ,sterilibus
1313 1014 1375 1068 ¹earo
1387 1005 1418 1058 te·

404 1091 532 1154 matiam
555 1107 615 1150 csse
635 1090 806 1150 docueruut.
1277 1110 1279 1114 ¹

418 1289 445 1364 §.
468 1289 493 1347 I.
516 1288 672 1364 Hucusque
692 1288 868 1348 adversariis
892 1289 1019 1348 rationes
1041 1287 1216 1364 objecimus,
1243 1305 1293 1348 cur
1315 1289 1421 1352 Ecclesia

367 1386 515 1446 Catholica
534 1385 642 1460 fumo,
668 1391 696 1444 et
714 1392 851 1462 perpetuo
872 1388 1048 1462 servaverit,
1069 1403 1105 1446 ac
1125 1386 1227 1445 fideles
1247 1387 1368 1446 docuerit
1384 1405 1420 1448 ex·

366 1492 443 1545 stare
463 1501 567 1560 nempe
586 1483 738 1559 divinam,
770 1484 933 1542 doctrinam
955 1485 1057 1561 illam,
1089 1487 1120 1542 in
1138 1483 1292 1560 Scripturis
1305 1485 1418 1546 Deutero

366 1582 518 1642 Canonicis
541 1584 669 1641 insitam.
696 1583 752 1642 Hic
773 1582 1067 1642 verodemonstrare
1089 1583 1260 1642 conabimur
1279 1583 1323 1641 bis
1340 1583 1421 1642 Bttlu

366 1683 460 1738 hresse
482 1695 597 1765 quoque
616 1679 791 1754 qualitates,
813 1695 888 1756 quae
902 1679 939 1739 ab
953 1682 1024 1756 ipsis
1038 1680 1223 1740 heterodoxis
1244 1681 1420 1758 postulantur,

367 1783 401 1837 ut
420 1777 537 1836 divinus
567 1777 686 1854 quidam
711 1776 783 1836 liber
809 1777 945 1853 dicatur,
972 1778 1079 1854 quibus
1106 1778 1223 1838 dotibus
1244 1781 1323 1854 ajunt
1337 1777 1422 1836 ditatu

367 1892 430 1934 esse
451 1875 614 1952 Scripturas
634 1873 906 1942 Proto-Canonium.
929 1876 992 1934 Hoc
1013 1881 1128 1936 tantum
1147 1892 1182 1934 ea
1204 1876 1314 1934 ratione
1334 1874 1380 1950 iit,
1397 1880 1422 1934 ut

365 1974 497 2036 hostibus
517 1974 729 2051 obsequamur,
751 1977 802 2051 qui
819 1975 920 2034 modos
937 1975 1059 2036 edocent
1076 1992 1111 2034 ac
1127 1983 1232 2052 notas,
1254 1975 1353 2052 quihus
1365 1975 1422 2034 hher

367 2073 484 2131 divinus
504 2071 541 2131 ab
559 2072 617 2131 alio
634 2088 817 2149 quocumque
838 2073 1046 2152 dignoscatur,
1068 2089 1135 2132 cum
1153 2079 1241 2132 notae
1261 2074 1325 2132 illue
1343 2089 1422 2148 reapse

367 2187 426 2229 non
442 2169 604 2228 habeantur
624 2176 657 2228 ut
675 2187 780 2246 verae,
802 2176 831 2230 et
843 2187 928 2246 pares
946 2171 984 2230 ad
997 2170 1177 2246 Scripturum
1195 2171 1334 2243 divinitus
1349 2171 1421 2244 inspi·

366 2275 459 2328 ratam
479 2285 497 2326 a
517 2269 618 2327 ceteris
638 2268 790 2344 quibusvis
808 2259 924 2344 seriptis
944 2268 1160 2328 secernendum.

408 2364 532 2425 Divinae
559 2364 743 2426 revelationis
763 2372 869 2442 notae,
903 2366 1003 2428 scribit
1024 2366 1176 2426 Homaeus
1203 2364 1265 2442 (1),
1296 2371 1423 2425 censentur

363 2462 535 2538 prophetiae
555 2469 583 2522 et
605 2463 766 2540 miracula;
788 2463 892 2524 deinde
915 2464 990 2540 alia,
1017 2466 1073 2524 etsi
1095 2481 1155 2522 non
1168 2467 1231 2541 ejus
1243 2466 1373 2522 momenti
1390 2465 1422 2520 in-

369 2560 471 2636 dicia,
504 2561 667 2636 cujusmodi
690 2567 786 2620 essent
811 2561 942 2620 sublimis
968 2561 1102 2620 doctrina
1128 2561 1165 2621 de
1187 2561 1250 2620 Deo
1270 2568 1299 2620 et
1323 2562 1423 2620 mscntir

367 2657 445 2716 illius
468 2657 695 2733 perfectissima,
721 2658 816 2718 cultus
838 2664 955 2734 rectus,
981 2675 1095 2718 morum
1110 2665 1286 2734 praecepta,
1313 2658 1419 2718 caritatis

368 2769 511 2830 munera,
525 2757 713 2830 congruentia
732 2757 807 2814 inter
828 2772 928 2814 omnes
948 2755 1107 2814 Bibliorum
1120 2762 1238 2832 partes,
1259 2757 1366 2814 animae
1381 2756 1423 2811 in·

368 2850 530 2910 monatius
549 2856 578 2908 et
600 2851 659 2910 ulia
684 2851 872 2929 hujusmodi,
900 2869 995 2930 quae,
1015 2855 1077 2928 ipse
1098 2855 1160 2928 uit,
1182 2854 1359 2910 consttuunt
1375 2848 1425 2908 libri

369 2947 521 3025 cujusdam
542 2947 735 3007 divinitatem.

410 3045 469 3104 Vix
490 3045 577 3104 semel
600 3047 714 3121 posito,
743 3047 796 3105 has
820 3064 882 3106 esse
907 3054 991 3106 netes
1016 3048 1054 3106 ad
1079 3047 1295 3123 Scripturarum
1317 3045 1425 3104 divinam

368 3143 586 3222 inspirationem
601 3142 828 3221 decernendam,
844 3145 1047 3222 inquirendum
1063 3152 1123 3221 est,
1139 3151 1239 3203 utrum
1253 3145 1357 3218 scripta
1368 3141 1424 3199 Deu-

368 3239 591 3299 tero-Canonica
615 3241 722 3300 eisdem
747 3244 824 3301 nous
847 3243 940 3302 ditata
959 3243 1131 3304 habeantur.
1152 3243 1190 3301 Et
1203 3259 1219 3300 3
1232 3241 1381 3318 prophetiis
1392 3241 1425 3295 in·

369 3337 518 3414 ciplendo,
534 3338 800 3400 animadvertamus
815 3346 927 3415 oportet
940 3357 1040 3398 omnes
1054 3339 1218 3416 scripturae
1231 3339 1321 3398 libms
1331 3339 1424 3396 ffivhos

368 3448 441 3509 esse,
461 3437 595 3510 quamvis
615 3435 694 3494 haud
713 3435 852 3495 derebus
872 3437 978 3496 futuris
991 3437 1140 3512 proferant
1158 3442 1345 3514 argumenta,
1370 3434 1425 3492 dun
1495 3411 1497 3434 ⁴

252 3574 254 3578 .
369 3536 398 3588 et
418 3531 484 3589 libri
506 3534 624 3608 quidam
645 3533 805 3593 Bibliorum
826 3534 919 3592 divini
942 3535 1117 3610 creduntur,
1139 3537 1192 3594 etsi
1212 3534 1312 3594 futura
1328 3534 1425 3590 minime

368 3628 566 3703 praevideant.
590 3631 671 3688 Sacri
689 3634 842 3707 scriptores
860 3631 1002 3690 divinitus
1017 3635 1151 3707 inspirati
1168 3639 1355 3708 reputantur,
1372 3643 1426 3704 quo

367 3723 578 3802 modocumque
598 3743 629 3786 se
648 3727 787 3787 haberent
807 3745 871 3803 res,
893 3745 966 3805 quas
989 3729 1179 3805 scribendas,
1206 3729 1329 3804 Spiritus
1346 3725 1426 3786 Sancti

368 3823 545 3898 munimine,
566 3827 759 3903 susciperent,
781 3829 843 3885 sive
860 3825 1046 3902 historicum,
1068 3828 1132 3885 sive
1150 3827 1348 3903 propheticum
1366 3827 1425 3882 esset
1496 3833 1497 3836 ’

368 3933 470 3976 eorum
491 3928 705 3997 argumentum.
728 3925 843 3983 Revera
864 3923 983 4000 quidam
1001 3924 1069 3984 libri
1089 3924 1328 3985 Proto-Canonici
1344 3921 1425 3978 dicun

366 4021 417 4074 tur
440 4019 593 4094 inspirati,
623 4027 779 4079 attentum
806 4021 962 4098 historias,
991 4024 1195 4099 genealogias,
1225 4023 1271 4082 uel
1295 4022 1424 4097 praecepit

395 4226 429 4287 (1)
447 4231 515 4276 Tum.
530 4231 550 4277 Ι.
561 4229 652 4278 lnirorl.
666 4245 690 4292 p.
705 4238 757 4280 221.
