2964 5174
495 302 675 356 —127—

81 415 256 493 Septragtutu3
273 415 325 474 sed
342 413 450 475 absunt
470 415 601 492 quinque
620 413 782 490 Prophetae
798 416 941 492 minores,
963 419 992 474 et
1005 413 1128 476 Macha-

80 511 189 574 tueorum
202 513 265 572 libri
277 512 348 590 duo,
358 512 481 590 aliique,
496 515 547 590 qui
560 512 686 591 Synopsi
702 516 798 590 prima
815 515 1016 590 excipiuntur,
1031 521 1061 574 et
1072 513 1128 574 Ba·

79 612 133 672 rueh
149 628 203 670 una
220 628 285 672 oum
302 611 450 672 Hn‘enemia
466 628 544 672 unus
563 611 709 688 Propheta
729 611 768 670 ah
787 627 822 670 eo
835 610 970 672 hahetur.
993 611 1039 670 Ex
1054 610 1128 689 hoc,

78 709 203 768 amborum
215 709 345 770 codicum
358 707 523 770 deficientia
535 712 677 786 inspecta,
690 716 719 769 et
732 708 770 768 ad
784 711 909 769 invicem
924 719 1039 787 sumpta
1053 729 1130 774 com·

75 809 214 882 pensatione
227 808 337 886 integer
355 824 505 868 sacrorum
513 807 675 868 Bihliorum
688 810 794 868 veteris
808 807 933 868 foederis
951 807 1052 870 Canon
1064 827 1131 886 pro·

76 905 155 980 dierit,
174 921 255 982 quem
268 922 322 966 nos
338 905 375 966 ab
395 906 525 983 ejusdem
538 909 655 983 scriptis
667 907 852 984 protulimus.
877 907 1027 986 Profecto,
1042 911 1131 986 htrjus

74 1003 153 1078 scripti
169 1001 357 1064 desideranda
374 1010 438 1063 erat
450 1007 620 1082 integritas,
631 1022 648 1064 e
659 1021 718 1082 quo
731 1004 856 1065 fortasse
869 1006 968 1084 utilia,
979 1014 1008 1068 et
1018 1007 1130 1086 dlsqui·

74 1101 151 1158 sitioui
159 1108 270 1160 nostrae
283 1118 414 1180 congrue
425 1106 557 1180 excipere
565 1119 726 1179 possemus.
736 1102 1003 1184 Quomodocunque
1011 1107 1131 1168 tandem

72 1197 99 1258 de
113 1199 189 1276 hujus
206 1197 370 1277 synopseos
384 1207 522 1279 auctore,
541 1202 588 1262 vel
601 1208 730 1278 ternpore
743 1204 782 1262 sit
799 1219 863 1282 res,
878 1223 983 1283 perum
996 1207 1043 1266 vel
1055 1205 1130 1266 nihi!

72 1294 137 1356 notis
154 1295 258 1374 officit,
282 1299 354 1359 dum
373 1305 460 1360 antee
479 1302 574 1360 sancti
592 1303 684 1376 patris
703 1305 880 1364 sententiam
901 1321 954 1381 pro
974 1304 1131 1381 scripturis

73 1392 364 1474 Deuurhsingiilatim
383 1398 604 1474 explicavimus.

99 1492 122 1568 S.
136 1494 196 1554 VII.
212 1495 383 1557 Eustochiae
400 1495 620 1574 Antiochenus,
640 1500 692 1574 qui
710 1506 779 1560 ente
794 1499 1036 1579 chrysostomum
1051 1503 1132 1562 vixe-

72 1595 119 1666 rat,
137 1593 165 1650 in
184 1608 237 1654 sua
256 1593 460 1655 dissertatione
481 1595 517 1656 de
537 1596 757 1675 Engastrimyto
774 1597 811 1675 (1)
828 1606 932 1659 eontra
949 1599 1132 1677 Origineme

70 1687 209 1765 Sapientiae
225 1691 302 1752 lihro
315 1693 371 1752 hoc
384 1695 569 1770 praectarum
585 1697 785 1756 testimonium
806 1697 948 1758 adstruit:
968 1722 980 1748 n
997 1698 1030 1752 Et
1048 1697 1073 1750 δι’
1090 1699 1131 1764 τὶς

69 1785 180 1848 ioodnsao'r
195 1789 327 1866 ἀρ’ῥωστῶν
341 1791 494 1864 ἆβλεψίαν,
511 1794 558 1858 ταὶς
573 1794 747 1868 ιῦαγγελικοὶς
761 1797 791 1852 ou'
804 1796 941 1870 προσίεται
956 1799 1054 1871 φωνάς,
1070 1796 1135 1852 ἐπα-

69 1879 124 1932 rrr‘or
139 1881 204 1954 stirpi
221 1885 256 1937 τοὶ
275 1887 322 1938 τοῦ
340 1887 505 1958 Σολομῶντος
524 1883 740 1960 ἀποφθέγματα,
759 1890 804 1943 καὶ
823 1888 912 1962 ῥητέον
929 1887 975 1944 ὧδέ
987 1911 1048 1954 πως·
1066 1890 1132 1950 ἡσύ-

66 1995 106 2046 χου
123 1978 169 2052 γάρ
186 1981 263 2048 σιγῆς
286 1977 459 2050 περιεχούσης
481 1979 514 2031 τοὶ
533 1977 636 2042 πάντα,
655 1979 699 2032 καὶ
719 1979 810 2041 νυκτός
831 1979 855 2032 Ia
875 1979 929 2050 reip
950 1981 1026 2055 τάχει
1045 2001 1133 2052 μισα-

66 2063 160 2138 ζούσης,
179 2070 192 2124 o'
207 2068 404 2140 assentiamini<
426 2089 473 2123 σου
493 2072 574 2140 λόγος
587 2066 630 2124 ἀπ’
645 2069 754 2142 οὐρανοῦ
772 2070 801 2124 ἐκ
819 2069 912 2144 θρόνων
935 2071 1075 2150 βασιλικῷ
1092 2070 1132 2140 ξί-

67 2171 102 2228 φος
117 2159 158 2226 ὀξυ·
171 2167 246 2238 etc,
263 2163 286 2220 i.
303 2177 329 2220 e.
347 2159 378 2220 Si
394 2161 460 2238 quis
474 2166 573 2220 eutem
582 2160 703 2238 judaica
720 2161 858 2221 laborans
872 2165 1028 2239 caecitate,
1043 2179 1131 2222 evan·

68 2256 154 2332 geticas
173 2276 231 2318 non
252 2261 356 2336 recipit
374 2275 478 2336 uoces,
498 2259 669 2320 adducenda
683 2266 753 2320 sunt
766 2262 791 2318 ei
812 2259 975 2321 Salomonis
993 2261 1130 2338 oracula,

68 2359 132 2416 etsie
144 2359 357 2436 quodammodo
372 2359 528 2420 dicendum
547 2366 608 2420 est:
624 2358 724 2419 -Cum
742 2361 873 2438 qtrietum
890 2361 969 2418 enim
981 2359 1130 2420 silentium

68 2459 206 2517 mnhueret
222 2459 342 2534 omnia,
356 2464 386 2517 et
400 2474 460 2518 uox
473 2461 505 2516 in
519 2475 573 2518 suo
589 2458 691 2518 ordine
704 2457 833 2518 medium
846 2461 901 2517 iter
914 2457 1050 2533 haberet,
1067 2474 1130 2516 om-

68 2553 180 2629 nipotens
200 2563 272 2617 tuus
294 2572 390 2616 sermo
410 2573 429 2616 a
449 2556 537 2617 caelis
558 2573 574 2616 e
599 2555 714 2617 thronis
735 2555 901 2634 regalibus,
925 2555 1039 2633 gladius
1062 2571 1130 2616 acu-

67 2656 118 2729 tus,
132 2659 184 2714 etc.
210 2681 222 2706 u

94 2749 117 2824 S.
135 2751 212 2812 VIII.
239 2751 442 2812 Theodoretus
465 2759 552 2812 antea
572 2752 751 2829 monachus,
775 2753 880 2813 deinde
901 2755 933 2812 in
952 2752 1039 2830 Syria
1060 2751 1130 2830 Cyri

64 2849 195 2926 epheopus
208 2868 271 2910 non
283 2852 379 2910 solum
391 2851 529 2913 ecelesiae
548 2869 618 2913 suae
636 2852 798 2928 consuluit,
819 2850 871 2910 sed
884 2852 950 2912 aliis
964 2867 1079 2928 quoque
1092 2849 1131 2910 ab

64 2943 210 3012 haeresibus
230 2951 356 3012 visendo
373 2949 521 3010 liberavit.
549 2949 736 3010 Antiochiam
758 2950 888 3026 aliasque
915 2965 1064 3009 arumaens
1085 2965 1129 3008 re-

64 3047 146 3116 giones
165 3049 350 3126 pervadens,
371 3064 447 3126 quae
467 3048 612 3107 erroribus
634 3047 818 3108 vexabantur
838 3049 947 3122 variis,
970 3048 1052 3106 visus
1074 3044 1132 3106 fuit

62 3138 177 3207 Nestorm
195 3146 315 3221 favere,
342 3151 371 3206 et
387 3145 489 3224 Cyrilli
509 3144 788 3204 anathemathismos
805 3145 890 3220 quasi
909 3140 1130 3219 reprehendere.

64 3239 114 3300 lieo
126 3247 297 3320 quaestione
309 3259 389 3303 none
403 3246 545 3321 seposita,
557 3259 617 3321 qua
629 3243 800 3302 auctoritate
814 3240 978 3316 Scripturas
992 3239 1130 3299 Deumro·

63 3337 206 3403 monium
220 3343 377 3403 donaverit
389 3342 491 3404 sedulo
504 3359 542 3402 ex
555 3341 634 3402 illius
652 3341 735 3400 libris
748 3339 953 3416 unquuemus.
975 3339 1011 3396 Iu
1027 3337 1133 3397 Danie-

63 3435 109 3496 lem
125 3439 160 3517 (a)
175 3458 240 3519 cap.
260 3457 285 3500 1.
300 3441 481 3502 Emiesiatici
500 3440 591 3500 verba
610 3441 681 3518 legit
702 3437 887 3516 hujusmodi:
907 3435 1013 3496 «Hine
1033 3439 1133 3514 itaque

62 3533 198 3618 hoemur,
228 3555 348 3615 eorum,
376 3541 427 3615 qui
449 3540 481 3598 in
502 3541 599 3616 ipsum
621 3537 807 3599 erediderunt
830 3537 977 3596 neminem
999 3550 1131 3612 unquam

62 3632 146 3710 aliquo
165 3644 252 3714 puoto
273 3654 292 3696 a
313 3637 375 3697 Deo
397 3635 578 3714 neglectum,
599 3643 630 3698 et
646 3635 817 3697 derelictum
838 3634 942 3696 fuisse:
965 3635 1011 3687 Διὸ
1034 3629 1069 3694 (³)
1088 3635 1134 3688 και·

61 3727 132 3806 ἔτερος
151 3733 285 3809 προφῆτης
308 3733 376 3803 βοᾷ,
398 3733 543 3806 ἐρωτήσατε
562 3737 654 3806 persoir
674 3736 720 3798 τοὶς
741 3736 881 3808 γινομένας
904 3736 1028 3809 προτέρας
1048 3736 1133 3807 ὁμοῖν,

61 3823 92 3886 τίς
108 3827 271 3884 istrionum
290 3827 361 3902 κυρίῳ
378 3829 423 3883 καὶ
443 3826 617 3902 κατησχόνθη
633 3831 674 3890 tl.
686 3845 712 3888 e.
725 3829 821 3904 Quare
841 3830 917 3890 alitis
931 3843 1046 3908 quoque
1059 3828 1131 3887 ΡΙὈ·

62 3919 137 3995 pheta
146 3925 307 3986 meismet:
320 3959 333 3972 ·
343 3927 524 4004 interrogate
538 3928 749 4004 generationes,
759 3943 834 4004 quae
845 3926 964 3988 fuerunt
978 3933 1130 4001 anteros,

82 4149 445 4296 (testamentorum.
462 4156 585 4206 nxvru.
599 4157 635 4206 sn
657 4179 687 4193 -
701 4153 737 4218 (n)
757 4153 857 4206 Parisiis
877 4157 947 4206 rom.
971 4155 1003 4204 11.
1026 4167 1050 4216 p.
1071 4158 1126 4203 ssn.

63 4253 89 4266 -
108 4239 120 4282 t
138 4235 335 4288 hostetin.
