3086 5182
547 423 708 478 ..47-

92 543 177 610 rum,
202 545 277 610 quac
300 532 400 592 omnic
412 529 568 594 cohaerent
580 531 697 593 ethnico
713 531 865 591 histodco
882 529 946 592 Etsi
959 547 1046 608 porro
1059 531 1179 597 mollitie

91 629 274 691 dlihumtcm
286 630 366 691 hunc
384 645 481 709 regern
494 634 597 710 pingat
609 631 804 708 Plutarchus,
819 633 845 691 is
859 629 936 691 idam
951 637 1079 692 attamen
1092 641 1180 697 uocat

92 719 177 789 iilum
197 732 282 806 quasi
296 727 539 808 moderatiorem,
560 730 743 792 blandiorem
760 729 863 807 afflui,
887 735 974 808 atquc
996 733 1027 791 in
1040 731 1181 812 elargien-

91 827 138 888 dia
164 840 218 904 pro
239 829 343 889 merim
365 827 546 906 honoribus,
571 827 774 905 beneficiisque
787 827 941 906 etheum,
968 832 1048 890 omni
1071 832 1180 910 suppli·

92 928 205 988 olorum
232 927 378 989 exacdoni
407 918 608 989 detrahentem
633 925 867 1004 conurmeliam,
891 943 926 988 ac
951 929 983 988 in
1013 931 1181 1007 accipiendo

94 1028 190 1105 gram
206 1025 401 1103 exultantem3
416 1040 490 1104 quae
515 1025 702 1085 aemulationi
723 1024 843 1086 inerunt
857 1025 942 1086 fratri
955 1026 1043 1106 Cyro.
1059 1027 1097 1088 itt
1108 1027 1181 1090 boec

93 1125 212 1186 virtutis
224 1139 330 1204 genera
342 1124 569 1202 lncent'qooque
579 1126 610 1183 ln
618 1123 748 1185 bathaib
755 1123 843 1202 libro,
856 1139 927 1203 erga
941 1125 1180 1204 Mardochaenm,

94 1223 146 1302 qni
170 1237 223 1302 pro
239 1221 298 1284 ilde
310 1237 364 1283 sua
377 1219 537 1282 honoratur
558 1220 615 1281 init
638 1235 656 1280 a
677 1235 765 1299 rege,
791 1227 820 1282 et
832 1221 1008 1283 constitutus
1023 1237 1111 1300 super
1129 1224 1181 1284 do·

96 1337 178 1384 mom
195 1337 289 1384 suam.
314 1321 393 1400 Erga
417 1321 548 1381 eamdem
569 1317 721 1382 Eshrcrern
745 1319 872 1380 clemens
901 1317 996 1381 hctus
1023 1327 1089 1399 est,
1114 1337 1181 1382 cnm

95 1424 160 1500 ipso
176 1423 308 1501 ingressa
328 1423 367 1481 sit
380 1419 418 1480 ad
431 1435 499 1481 eom
521 1423 623 1480 contra
642 1417 760 1497 legem,
783 1435 837 1496 pro
850 1417 958 1496 populo
980 1435 1033 1480 suo
1046 1425 1180 1497 precata,

96 1521 208 1582 cuiait
226 1535 300 1580 rex:
333 1519 443 1594 «Quae
464 1523 509 1579 ast
531 1519 633 1596 petitio
652 1515 874 1595 tua,lisiher,
898 1515 1031 1580 etdetur
1051 1515 1183 1594 iibl3ct

96 1617 168 1696 qaid
186 1620 233 1680 vlo
258 1618 340 1696 lieri,
367 1620 456 1679 mam
484 1617 510 1677 si
538 1614 691 1677 dimidiam
711 1623 824 1693 partem
849 1617 935 1694 regni
960 1617 1017 1676 mel
1039 1617 1181 1694 petieris,

96 1715 275 1795 impetrabis.
292 1743 306 1770 u
329 1715 481 1793 illandus,
495 1719 686 1792 mansuetus,
700 1715 867 1775 moderatus
892 1714 1066 1776 describitur
1078 1716 1110 1775 in
1122 1715 1183 1776 suls

97 1817 201 1879 littaris
229 1814 267 1893 (i)
292 1815 330 1876 ad
349 1817 501 1876 uniuersas
525 1815 690 1891 prouincias
713 1816 795 1891 regni
815 1815 880 1892 sol,
902 1815 934 1873 ln
947 1813 1054 1892 quibus
1066 1813 1182 1876 bonitas

97 1913 189 1976 animi
209 1915 254 1974 sni
276 1916 308 1973 in
330 1911 462 1973 subditos
488 1917 612 1990 patent,
637 1912 804 1973 humanitas
829 1927 864 1972 ac
881 1912 984 1988 pletas.

138 2011 261 2088 insuper
280 2011 312 2069 in
339 2009 428 2087 hruns
448 2008 586 2070 historiae
610 2011 703 2088 capite
727 2027 752 2069 r.
773 2009 910 2070 dicuntur
926 2009 987 2070 dno
999 2009 1125 2072 eunuchi
1137 2013 1183 2071 in-

98 2109 197 2171 sidiati
210 2109 301 2170 luisse
314 2111 392 2185 vitae
406 2109 483 2187 ragis
497 2108 669 2169 Artaxerxis
682 2127 690 2169 ι
720 2109 784 2169 «ΙΙΙ
810 2107 1000 2170 morabantur
1018 2126 1086 2170 curn
1099 2089 1186 2170 Mar·'

98 2207 228 2268 couno
247 2203 286 2267 aa
301 2187 377 2268 ruia
396 2207 469 2285 regu
482 2205 603 2284 maur,
624 2205 1009 2283 ammanuensium
1023 2207 1183 2268 nuruu-

99 2311 145 2368 nst
166 2305 356 2384 cogitationes
379 2319 500 2382 corum,
522 2309 552 2364 et
571 2319 656 2364 curas
683 2303 851 2382 diligentins
867 2303 1064 2382 pervidisset,
1082 2301 1186 2365 didicit

99 2401 179 2481 quod
198 2409 373 2464 conamntur
394 2405 426 2462 in
447 2417 545 2480 regem
564 2399 756 2462 Artaxerxem
781 2415 888 2461 manus
912 2402 1042 2479 mittere,
1067 2407 1096 2462 et
1108 2417 1184 2461 nun·

100 2501 188 2562 tinuit
209 2515 295 2578 super
318 2515 353 2561 co
380 2501 461 2578 regi,
483 2502 533 2577 qul
548 2499 584 2559 de
596 2507 719 2577 utroque
731 2498 832 2560 habitu
845 2501 1013 2577 quaedum
1025 2497 1184 2578 conlmsos,

96 2599 187 2678 jussit
207 2597 275 2659 duci
304 2597 342 2659 ad
364 2605 540 2659 mortemar
576 2595 751 2659 Plutarchus
774 2599 884 2674 pariter
903 2595 1063 2675 quidquam
1084 2603 1186 2660 narrat

8 2723 9 2760 r
99 2697 180 2758 circa
201 2695 325 2757 inddiuu
346 2698 426 2756 ritae
442 2695 633 2773 Artaxerxis,
656 2701 686 2755 ct
706 2693 852 2773 quomodo
874 2693 1026 2756 eunuchus
1048 2691 1102 2756 bos
1125 2695 1186 2774 regi

8 2823 10 2860 u
103 2791 261 2871 patefecit,
282 2791 385 2854 scribit
402 2795 498 2854 enlm:
524 2791 607 2856 «Ubi
620 2791 787 2872 frequentes
802 2797 866 2872 jam
879 2793 1103 2871 conspirarunt,
1117 2809 1185 2854 con·

99 2891 199 2953 silium
217 2891 328 2953 deterit
350 2893 412 2971 rugi
432 2891 600 2972 eunuchus,
630 2894 682 2972 qui
707 2891 796 2954 mam
818 2889 960 2952 rationem
983 2893 1026 2952 rai
1044 2889 1187 2970 gerendae

103 2995 205 3052 exacto
220 2983 426 3068 cognoverat,
452 2991 589 3051 statuisse
603 2979 654 3050 ios
675 2997 761 3050 nocte
772 2993 804 3049 in
817 2990 980 3052 murinum
994 2991 1071 3068 regis
1085 2992 1188 3050 irrum-

102 3105 196 3169 pere,
217 3093 247 3150 at
265 3087 439 3149 obtruncare
458 3091 665 3165 quiescentem.
683 3085 822 3148 Audientl
836 3087 909 3148 haec
927 3093 1111 3149 contemnere
1122 3095 1189 3150 tan·
1255 3131 1258 3136 -

147 3247 183 3312 (i)
198 3247 255 3298 llno
269 3257 369 3312 quoquo
385 3245 470 3298 reterri
485 3245 584 3309 mutual
599 3255 663 3308 quiae
679 3242 740 3294 dicii
754 3243 846 3296 citatus
869 3244 1015 3296 Plutarchus
1029 3243 1060 3296 da
1079 3243 1188 3310 eiusdem

105 3325 242 3377 ldaxarsis
256 3339 334 3376 uxore
347 3322 446 3376 nomine
467 3327 574 3385 linaro,
591 3337 655 3388 quae
673 3321 758 3374 eedem
772 3328 854 3387 essa,
875 3339 904 3376 ec
921 3329 1025 3384 ΠῠἹΓῑ
1055 3323 1186 3388 morsa,

105 3406 144 3456 uti
159 3405 296 3470 appellatur
306 3405 333 3454 in
350 3402 435 3456 codice
455 3404 589 3454 hebraico:
609 3405 659 3454 siit
673 3402 721 3454 init
736 3403 948 3468 (mardochaeus)
965 3403 1083 3455 nutritius
1098 3403 1189 3456 iiadas

105 3497 151 3545 sa,
176 3483 237 3534 haec
246 3485 361 3535 hamera»
378 3483 430 3536 iiisi
443 3483 599 3536 aPlutorcbo
614 3483 710 3536 ctesias
725 3485 827 3548 aliisque
842 3483 904 3548 syris
915 3483 1076 3548 scriptoribus
1088 3483 1183 3548 innixo,

106 3563 230 3616 dumuu
245 3577 275 3614 ca
290 3567 376 3616 hisae
391 3562 466 3616 lirissc
481 3565 532 3616 iilia
547 3564 625 3630 ipsius
642 3565 787 3616 trimetris
802 3565 939 3616 hiemnonls
953 3567 1047 3630 (quarn
1059 3566 1145 3617 ωιτη
1156 3565 1189 3616 ia·

108 3655 153 3708 ges
167 3655 312 3707 grumorum
325 3643 399 3695 duxit
413 3645 535 3708 uxorem)
551 3643 735 3708 quodammodo
751 3645 798 3696 hoo
814 3657 902 3699 nornen
919 3643 1146 3698 accommodaretur
1155 3659 1191 3698 so·

110 3737 168 3776 crac
183 3720 320 3786 historiae,
346 3727 478 3788 nostraque
493 3725 578 3790 opinio
594 3727 671 3790 magis
687 3727 846 3792 praevaleret.
863 3729 956 3778 Verum
976 3729 1058 3778 tanuen
1073 3729 1131 3790 esi,
1155 3727 1190 3778 bi·

110 3799 199 3856 storias
215 3815 361 3868 persarum,
378 3803 527 3868 medorum,
553 3805 578 3857 el
593 3818 706 3870 syrorum
725 3820 797 3870 saepe
812 3805 986 3859 commentitiis
1000 3807 1073 3858 rebus
1089 3807 1191 3860 reiectas

109 3895 177 3946 essa,
194 3882 267 3934 sicuti
279 3895 337 3948 prae
350 3883 406 3934 aliis
419 3882 481 3936 dicit
495 3883 582 3936 strabo
593 3885 657 3938 libro
668 3889 712 3938 iil.
730 3885 761 3938 de
774 3901 901 3952 persarum
912 3887 981 3940 lastis
996 3889 1111 3940 locutos:
1126 3887 1192 3939 «Sed

106 3975 189 4028 mque
204 3963 259 4028 ait,
280 3965 312 4016 dc
327 3965 367 4015 bis
381 3962 515 4028 quisquam
530 3967 659 4018 terimam
675 3969 761 4018 exacte
785 3969 929 4034 perhibuit,
954 3981 1034 4034 neque
1050 3968 1082 4020 de
1104 3969 1191 4033 priscis

35 4047 41 4054 '
116 4057 264 4108 pomarum,
280 4043 429 4106 medorum,
446 4058 559 4108 syrorum
579 4045 652 4098 rebus
671 4045 746 4098 iidem
765 4046 900 4100 admodum
919 4061 1033 4112 magnam
1048 4045 1194 4100 invenerunt

111 4125 252 4190 scriptores.
270 4125 349 4190 idque
364 4125 396 4176 ob
413 4127 523 4190 ipsorum
532 4125 734 4190 simplicitatem,
753 4129 778 4178 ei
791 4127 886 4180 labibus
895 4127 982 4178 edendi
993 4127 1112 4178 studium.
1129 4129 1194 4178 cum

111 4206 178 4255 enim
193 4205 306 4257 viderent
323 4207 349 4256 in
364 4207 457 4256 honore
471 4217 523 4256 esse
538 4219 598 4266 cos,
619 4205 662 4268 qui
677 4218 691 4255 e
706 4206 815 4269 professo
830 4205 925 4256 inbutas
940 4205 1094 4268 scriberent,
1111 4197 1192 4254 eristi·

112 4285 214 4335 maroni
229 4299 330 4350 quoque
344 4299 415 4337 suam
430 4285 587 4350 scriptionem
604 4284 736 4336 lectoribus
752 4287 804 4338 lora
816 4284 966 4350 jucundam,
983 4285 1003 4337 si
1020 4284 1066 4334 sub
1076 4282 1193 4334 narratio

110 4365 149 4416 nis
164 4377 223 4417 run
239 4367 338 4432 specie,
352 4381 381 4420 aa
394 4366 521 4431 dicerent,
540 4377 604 4432 quae
618 4379 698 4432 neom
714 4367 852 4431 uidissent,
868 4381 947 4432 nequa
963 4363 1149 4419 audivissent.»
