3022 5178
498 349 677 403 -ite-

77 465 216 540 veronensi,
230 461 396 540 presbytero
412 457 542 535 oratorii,
552 459 701 520 codicibus
718 459 913 522 bibliothecae
930 461 1127 526 vallicellanae

19 607 20 614 κ
75 566 166 624 Romae
182 561 302 622 etolutis
312 563 463 619 inventum
479 558 568 618 lutsse
588 559 817 634 manuscriptum
834 559 890 618 litt.
913 560 953 636 B,
972 577 1053 621 num.
1070 569 1121 621 58.
1204 635 1208 646 ¹

19 621 21 712 Ῑ
75 668 163 738 etpag.
182 669 228 718 ts.
250 659 295 718 his
310 657 424 716 verbis:
444 679 457 706 s
474 656 514 715 Ut
532 662 644 732 praeter
665 655 829 732 Scripturas
855 656 1032 734 catholicas,
1052 657 1127 718 nihil

80 762 104 817 in
123 759 241 818 &dosia
258 757 378 833 legatur.
395 754 442 814 Sic
455 771 519 831 cap.
543 767 631 812 xxiv.
649 756 764 813 nicaeni
793 755 918 813 concilii.
935 781 948 805 ι
970 756 1049 816 llaec
1062 773 1126 815 ver-

77 856 211 914 habiteris
230 853 394 930 majusculis
411 858 530 910 exarata
547 858 628 927 sunt,
640 856 673 911 ut
685 866 739 928 ego
757 853 819 928 ipse
837 852 908 910 vidi.
930 852 1039 912 Deinde
1056 855 1125 914 sub·

71 955 153 1030 jungit
160 952 259 1010 codex:
274 975 286 1002 a
298 953 371 1010 Item
388 956 422 1009 ut
429 955 542 1025 praeter
554 947 717 1025 Scripturas
727 947 888 1008 canonicas
896 948 970 1008 nihil
983 951 1014 1008 in
1026 949 1124 1010 Eccle-

73 1051 243 1126 sialegatur3
261 1047 316 1108 sub
339 1050 457 1107 nomine
479 1053 576 1106 antem
598 1047 762 1107 canonicae
778 1046 949 1126 Sotpmrao
970 1053 1026 1107 ete.
1045 1073 1058 1097 ι
1090 1048 1128 1108 Et

73 1145 106 1206 ihi
116 1151 239 1206 censetur
251 1145 351 1206 Canon
362 1144 521 1205 bibliorum
533 1149 659 1204 statutus
671 1146 703 1203 in
716 1144 831 1223 synodo
843 1143 989 1220 abicana,
999 1149 1033 1204 ut
1045 1145 1128 1221 paul·

72 1244 94 1302 lo
104 1251 163 1304 ante
180 1245 327 1320 descripsi.

99 1340 137 1400 Er
153 1341 206 1400 hoc
221 1343 340 1400 lnvento
352 1341 529 1400 clarissimus
545 1339 696 1400 Blanchini
709 1342 740 1400 ln
753 1341 895 1401 vindiciis
909 1339 1123 1402 Carionicarum

69 1437 261 1514 Scripturarum
290 1438 411 1515 probare
436 1445 557 1498 conatus
574 1445 638 1513 est,
656 1453 796 1498 mnonuu
815 1438 1065 1516 carthaginensem
1088 1439 1126 1500 de

71 1551 200 1596 acrarum
218 1535 431 1612 Scripturarum
460 1535 541 1595 libris
563 1536 704 1595 contineri
725 1537 757 1594 in
774 1535 917 1612 capitibus
938 1537 1053 1595 concilii
1080 1539 1124 1594 ni·

71 1636 155 1708 meni,
174 1634 287 1693 atinde
303 1651 322 1692 a
336 1631 525 1710 scriptoribus
541 1634 741 1694 ecclesiasticis
758 1649 811 1708 pro
830 1633 1045 1710 carthaginensi
1057 1649 1122 1692 san·

69 1731 145 1788 ctione
161 1730 247 1790 luisse
268 1731 417 1808 habitum,
436 1738 466 1791 et
484 1737 625 1808 tanquam
647 1733 678 1790 in
703 1731 797 1790 alieno
822 1730 914 1790 fundo
933 1733 1117 1790 collocatum:

73 1825 123 1885 «lle
137 1827 191 1888 hac
202 1835 300 1888 autem
313 1845 356 1904 re,
370 1831 500 1904 sequitur
517 1829 589 1905 ipse,
606 1829 757 1888 transferri
768 1844 861 1904 pauca
871 1835 984 1905 oportet
999 1845 1036 1889 ex
1050 1831 1122 1888 actis

70 1924 179 1998 eiusdem
195 1927 311 1986 concilii
329 1926 578 2004 carthaginensis,
597 1943 674 2002 quae
685 1927 794 1986 claram
815 1926 927 1986 faciunt
941 1930 1120 1986 sanctionem

69 2023 245 2100 occultatisque
264 2024 430 2102 hucusque,
449 2031 478 2090 et
498 2041 516 2085 a
532 2025 715 2084 vallicellano
742 2025 840 2083 codice
866 2025 985 2083 tandem
1012 2025 1123 2099 patefa-

71 2123 143 2178 ctam.
161 2121 275 2181 Veritas
290 2121 408 2182 brevius
434 2125 540 2199 erponi
563 2138 623 2182 non
640 2128 752 2198 potest,
770 2138 859 2198 quam
879 2128 923 2180 est
943 2128 1067 2196 quatior
1087 2124 1125 2179 si·

73 2217 190 2290 gnificata
206 2219 369 2298 capitibus,
387 2227 492 2298 quarto
506 2221 634 2295 scilicet,
648 2221 768 2295 quinto,
783 2219 905 2293 septimo
922 2225 952 2277 et
969 2234 1046 2276 nono
1063 2235 1126 2276 car·

72 2311 266 2390 rheginensium
284 2325 425 2379 actorum.
447 2319 540 2396 Igitur
562 2319 655 2394 capite
672 2323 776 2393 quarto
797 2318 840 2374 ita
858 2316 982 2392 legitur:
1000 2314 1123 2374 -Peten-

72 2409 115 2469 dus
129 2421 169 2474 est
192 2417 299 2476 litteris
314 2419 421 2476 nostris
444 2423 473 2476 et
490 2416 663 2476 venerabilis
680 2415 830 2476 Romanae
856 2414 1000 2472 Ecclesiae
1017 2415 1126 2489 episco-

72 2521 115 2580 pus
133 2509 313 2590 Boniiacius,
332 2521 366 2573 ut
385 2515 446 2590 lpse
461 2530 577 2591 quoque
599 2513 735 2591 dignetur
752 2513 790 2572 ad
803 2518 977 2571 memoratas
991 2511 1127 2570 ecclesias

71 2604 164 2682 aliquos
180 2613 313 2688 mittere,
336 2614 387 2688 qni
406 2611 505 2670 eedem
529 2612 706 2689 exemplaria
722 2611 861 2688 praedicti
879 2610 994 2668 nicaeni
1011 2608 1126 2667 concilii

70 2707 210 2767 secundum
233 2711 299 2787 ejus
327 2712 435 2785 scripta
453 2711 565 2786 possint
584 2709 723 2786 proferre.
749 2707 834 2768 Nunc
860 2713 958 2766 autem
975 2705 1126 2765 memorati

72 2805 168 2862 concilii
184 2808 301 2866 nicaeni
317 2806 415 2883 qualia
440 2807 617 2883 exemplaria
637 2806 778 2868 habemus
795 2806 842 2865 his
866 2807 954 2883 gestis
971 2807 1123 2863 sociemus.

70 2893 146 2974 Caput
157 2905 292 2978 quintum
304 2902 376 2962 haec
390 2903 492 2964 habet:
506 2903 665 2964 -Aurelius
678 2905 828 2981 episcopus
841 2901 927 2978 dixit,
942 2907 1055 2978 praeter
1070 2903 1128 2960 ista

70 3011 131 3068 llis
147 3005 349 3077 praemisimus
366 3006 457 3079 actis,
473 3019 589 3064 necesse
601 3010 660 3080 est,
684 3009 718 3063 ut
736 3005 824 3062 etlam
841 3009 957 3063 nostrae
974 3003 1126 3080 parvitatis

69 3089 153 3154 litteris
168 3107 271 3160 sancto
286 3100 369 3159 fratri
381 3107 412 3160 et
427 3101 624 3161 consacerdoti
637 3107 736 3160 nostro
747 3099 897 3160 Bondacio
907 3099 1034 3176 singula,
1050 3115 1126 3174 quae

71 3193 212 3258 tractamus
231 3241 241 3274 ,
263 3197 429 3274 plenissime
446 3201 630 3258 intimemus:
647 3229 659 3242 ·
673 3196 767 3274 Caput
786 3199 940 3274 septimm
957 3197 1124 3270 subjungit:

70 3285 254 3354 -Univcrsum
272 3294 432 3356 Concilium
446 3295 532 3371 dixit,
546 3297 645 3356 omnia
660 3297 780 3372 quaein
791 3294 911 3353 nicaeno
926 3291 1048 3352 concilio
1069 3297 1127 3350 sta·

68 3387 119 3444 aa
136 3398 202 3450 sunt
222 3391 308 3452 nobis
325 3391 460 3452 amnibus
478 3393 607 3468 placent:
622 3392 748 3468 -Capite
760 3407 838 3451 nono
854 3389 994 3453 habetur:
1010 3387 1127 3447 -omne

69 3485 206 3546 condilum
223 3489 318 3565 dixit3
334 3489 510 3566 exemplaria
526 3489 594 3550 ddei
606 3495 635 3550 et
647 3495 756 3551 statuta
768 3491 905 3548 nicaenae
922 3486 1038 3569 synodi,
1053 3500 1127 3561 quae

68 3578 99 3636 td
113 3591 240 3646 nostrum
269 3588 424 3647 concilium
443 3602 495 3665 per
520 3587 621 3654 beatae
640 3587 846 3648 recordationis
867 3584 937 3646 olim
961 3583 1126 3660 praedeces-

68 3689 149 3738 ttrcm
158 3687 225 3742 tuae
234 3686 398 3744 sanctitatis
407 3683 418 3761 (
426 3688 477 3761 qui
490 3685 638 3761 interfuit)
647 3685 842 3745 Caecilianum
857 3684 1024 3760 episcopum
1038 3680 1128 3740 allata

67 3782 139 3852 sant,
157 3779 207 3840 sed
226 3787 257 3841 et
273 3797 348 3860 quae
364 3787 460 3858 patres
473 3799 508 3842 ea
521 3784 696 3861 exemplaria
713 3785 885 3859 sequentes,
904 3781 953 3838 hio
967 3781 1125 3838 constituc-

67 3881 141 3952 runt,
157 3877 203 3938 vel
217 3896 298 3940 nunc
314 3883 461 3942 communi
482 3886 608 3942 tractatu
629 3884 800 3957 statuimus,
817 3881 864 3940 his
881 3881 970 3957 gestis
994 3878 1127 3937 ecclesia·

69 3971 137 4030 stica
155 3977 264 4040 inserta
280 3978 439 4042 manebunt
460 3982 586 4056 ita‚.ut‚
600 3979 843 4055 quemadmodum
858 3978 991 4053 superius
1008 3989 1128 4032 venera·

67 4061 160 4130 bilibus
177 4075 250 4134 vnis
269 4075 459 4136 antiochenae
470 4082 502 4135 et
519 4076 744 4151 alexandrinae,
758 4075 810 4134 sed
824 4080 854 4134 et
870 4069 1127 4144 constantinopoli·

67 4165 141 4225 lanae
161 4171 345 4234 ecclesiarum
371 4175 511 4250 episcopis
535 4173 660 4234 scribere
681 4180 778 4233 vestra
801 4171 950 4232 beatitudo
973 4169 1127 4244 dignatur,

67 4264 228 4341 exemplam
245 4271 395 4332 vaustina
413 4271 528 4332 concilii
542 4273 655 4332 nicaeni
669 4270 725 4332 sub
747 4269 949 4348 astipulatione
967 4266 1128 4328 litteramm

825 4363 839 4394 1·
