<?xml version="1.0" encoding="UTF-8"?>
<!DOCTYPE html PUBLIC "-//W3C//DTD XHTML 1.0 Transitional//EN"
    "http://www.w3.org/TR/xhtml1/DTD/xhtml1-transitional.dtd">
<html xmlns="http://www.w3.org/1999/xhtml" xml:lang="en" lang="en">
 <head>
  <title>
</title>
<meta http-equiv="Content-Type" content="text/html;charset=utf-8" />
  <meta name='ocr-system' content='tesseract 3.04.00' />
  <meta name='ocr-capabilities' content='ocr_page ocr_carea ocr_par ocr_line ocrx_word'/>
</head>
<body>
  <div class='ocr_page' id='page_1' title='image "./sessioquartacon00vincgoog_0312.png"; bbox 0 0 3094 5184; ppageno 0'>
   <div class='ocr_carea' id='block_1_1' title="bbox 117 467 1223 3568">
    <p class='ocr_par' dir='ltr' id='par_1_1' title="bbox 117 467 1223 3568">
     <span class='ocr_line' id='line_1_1' title="bbox 125 467 1191 549; baseline 0.004 -20"><span class='ocrx_word' id='word_1_1' title='bbox 125 468 278 530; x_wconf 82' lang='lat' dir='ltr'>adrentum</span> <span class='ocrx_word' id='word_1_2' title='bbox 304 481 377 543; x_wconf 88' lang='lat' dir='ltr'>pura</span> <span class='ocrx_word' id='word_1_3' title='bbox 399 473 515 530; x_wconf 83' lang='lat' dir='ltr'>servata</span> <span class='ocrx_word' id='word_1_4' title='bbox 535 475 605 546; x_wconf 92' lang='lat' dir='ltr'>est,</span> <span class='ocrx_word' id='word_1_5' title='bbox 628 471 792 548; x_wconf 80' lang='lat' dir='ltr'>etintegra</span> <span class='ocrx_word' id='word_1_6' title='bbox 816 483 916 531; x_wconf 89' lang='lat' dir='ltr'>eorum</span> <span class='ocrx_word' id='word_1_7' title='bbox 939 467 1114 549; x_wconf 85' lang='lat' dir='ltr'>disciplina,</span> <span class='ocrx_word' id='word_1_8' title='bbox 1143 487 1191 534; x_wconf 85' lang='lat' dir='ltr'>sa·</span> 
     </span>
     <span class='ocr_line' id='line_1_2' title="bbox 125 566 1188 648; baseline 0.003 -21"><span class='ocrx_word' id='word_1_9' title='bbox 125 567 229 628; x_wconf 78' lang='lat' dir='ltr'>callida</span> <span class='ocrx_word' id='word_1_10' title='bbox 256 566 381 643; x_wconf 84' lang='lat' dir='ltr'>scilieet,</span> <span class='ocrx_word' id='word_1_11' title='bbox 409 566 591 645; x_wconf 87' lang='lat' dir='ltr'>oblationes,</span> <span class='ocrx_word' id='word_1_12' title='bbox 622 571 695 629; x_wconf 90' lang='lat' dir='ltr'>ritus</span> <span class='ocrx_word' id='word_1_13' title='bbox 718 585 818 628; x_wconf 90' lang='lat' dir='ltr'>omnes</span> <span class='ocrx_word' id='word_1_14' title='bbox 839 569 979 629; x_wconf 89' lang='lat' dir='ltr'>divinitus</span> <span class='ocrx_word' id='word_1_15' title='bbox 997 573 1188 648; x_wconf 88' lang='lat' dir='ltr'>praescripti;</span> 
     </span>
     <span class='ocr_line' id='line_1_3' title="bbox 123 649 1189 746; baseline 0.004 -22"><span class='ocrx_word' id='word_1_16' title='bbox 123 681 212 742; x_wconf 88' lang='lat' dir='ltr'>neque</span> <span class='ocrx_word' id='word_1_17' title='bbox 226 681 356 742; x_wconf 87' lang='lat' dir='ltr'>unquam</span> <span class='ocrx_word' id='word_1_18' title='bbox 369 649 474 742; x_wconf 89' lang='lat' dir='ltr'>desiit,</span> <span class='ocrx_word' id='word_1_19' title='bbox 502 681 556 726; x_wconf 89' lang='lat' dir='ltr'>nec</span> <span class='ocrx_word' id='word_1_20' title='bbox 570 666 626 726; x_wconf 81' lang='lat' dir='ltr'>fult</span> <span class='ocrx_word' id='word_1_21' title='bbox 639 669 791 728; x_wconf 79' lang='lat' dir='ltr'>inmutata</span> <span class='ocrx_word' id='word_1_22' title='bbox 811 673 928 743; x_wconf 90' lang='lat' dir='ltr'>patrum</span> <span class='ocrx_word' id='word_1_23' title='bbox 942 683 1062 727; x_wconf 89' lang='lat' dir='ltr'>suorum</span> <span class='ocrx_word' id='word_1_24' title='bbox 1074 670 1189 746; x_wconf 89' lang='lat' dir='ltr'>religio,</span> 
     </span>
     <span class='ocr_line' id='line_1_4' title="bbox 124 760 1191 842; baseline 0.002 -18"><span class='ocrx_word' id='word_1_25' title='bbox 124 766 307 840; x_wconf 80' lang='lat' dir='ltr'>qumtumvrs</span> <span class='ocrx_word' id='word_1_26' title='bbox 320 765 350 822; x_wconf 92' lang='lat' dir='ltr'>ln</span> <span class='ocrx_word' id='word_1_27' title='bbox 371 766 469 823; x_wconf 90' lang='lat' dir='ltr'>varias</span> <span class='ocrx_word' id='word_1_28' title='bbox 481 765 560 824; x_wconf 88' lang='lat' dir='ltr'>orbis</span> <span class='ocrx_word' id='word_1_29' title='bbox 573 760 704 842; x_wconf 78' lang='lat' dir='ltr'>regiones</span> <span class='ocrx_word' id='word_1_30' title='bbox 720 766 961 842; x_wconf 78' lang='lat' dir='ltr'>dispergerentur.</span> <span class='ocrx_word' id='word_1_31' title='bbox 985 767 1095 826; x_wconf 88' lang='lat' dir='ltr'>Eodem</span> <span class='ocrx_word' id='word_1_32' title='bbox 1112 771 1191 828; x_wconf 89' lang='lat' dir='ltr'>enim</span> 
     </span>
     <span class='ocr_line' id='line_1_5' title="bbox 123 861 1192 940; baseline 0.004 -20"><span class='ocrx_word' id='word_1_33' title='bbox 123 867 247 938; x_wconf 86' lang='lat' dir='ltr'>tempore</span> <span class='ocrx_word' id='word_1_34' title='bbox 268 861 385 921; x_wconf 85' lang='lat' dir='ltr'>hebraei</span> <span class='ocrx_word' id='word_1_35' title='bbox 398 865 429 921; x_wconf 93' lang='lat' dir='ltr'>in</span> <span class='ocrx_word' id='word_1_36' title='bbox 442 863 537 922; x_wconf 89' lang='lat' dir='ltr'>medio</span> <span class='ocrx_word' id='word_1_37' title='bbox 557 879 657 923; x_wconf 91' lang='lat' dir='ltr'>eorum</span> <span class='ocrx_word' id='word_1_38' title='bbox 677 863 859 940; x_wconf 80' lang='lat' dir='ltr'>sacerdotes,</span> <span class='ocrx_word' id='word_1_39' title='bbox 881 871 910 924; x_wconf 93' lang='lat' dir='ltr'>et</span> <span class='ocrx_word' id='word_1_40' title='bbox 927 863 1086 940; x_wconf 86' lang='lat' dir='ltr'>Prophetas</span> <span class='ocrx_word' id='word_1_41' title='bbox 1107 865 1192 924; x_wconf 89' lang='lat' dir='ltr'>aiios-</span> 
     </span>
     <span class='ocr_line' id='line_1_6' title="bbox 124 959 1190 1039; baseline 0.002 -20"><span class='ocrx_word' id='word_1_42' title='bbox 124 959 296 1036; x_wconf 87' lang='lat' dir='ltr'>queduces,</span> <span class='ocrx_word' id='word_1_43' title='bbox 317 960 492 1036; x_wconf 87' lang='lat' dir='ltr'>ubicumque</span> <span class='ocrx_word' id='word_1_44' title='bbox 506 959 642 1037; x_wconf 84' lang='lat' dir='ltr'>degerent</span> <span class='ocrx_word' id='word_1_45' title='bbox 654 964 716 1021; x_wconf 88' lang='lat' dir='ltr'>sive</span> <span class='ocrx_word' id='word_1_46' title='bbox 732 964 763 1020; x_wconf 92' lang='lat' dir='ltr'>in</span> <span class='ocrx_word' id='word_1_47' title='bbox 779 960 921 1039; x_wconf 79' lang='lat' dir='ltr'>Assyria,</span> <span class='ocrx_word' id='word_1_48' title='bbox 942 962 989 1020; x_wconf 88' lang='lat' dir='ltr'>vel</span> <span class='ocrx_word' id='word_1_49' title='bbox 1003 964 1033 1020; x_wconf 90' lang='lat' dir='ltr'>in</span> <span class='ocrx_word' id='word_1_50' title='bbox 1043 961 1190 1039; x_wconf 78' lang='lat' dir='ltr'>Aegypto,</span> 
     </span>
     <span class='ocr_line' id='line_1_7' title="bbox 127 1055 1194 1137; baseline 0 -21"><span class='ocrx_word' id='word_1_51' title='bbox 127 1071 176 1116; x_wconf 90' lang='lat' dir='ltr'>seu</span> <span class='ocrx_word' id='word_1_52' title='bbox 195 1059 227 1114; x_wconf 93' lang='lat' dir='ltr'>in</span> <span class='ocrx_word' id='word_1_53' title='bbox 240 1055 418 1133; x_wconf 82' lang='lat' dir='ltr'>Palaestina,</span> <span class='ocrx_word' id='word_1_54' title='bbox 440 1059 502 1118; x_wconf 88' lang='lat' dir='ltr'>slve</span> <span class='ocrx_word' id='word_1_55' title='bbox 520 1057 626 1137; x_wconf 89' lang='lat' dir='ltr'>liberi,</span> <span class='ocrx_word' id='word_1_56' title='bbox 646 1060 709 1118; x_wconf 77' lang='lat' dir='ltr'>slve</span> <span class='ocrx_word' id='word_1_57' title='bbox 727 1061 836 1134; x_wconf 79' lang='lat' dir='ltr'>captivi</span> <span class='ocrx_word' id='word_1_58' title='bbox 849 1058 960 1133; x_wconf 82' lang='lat' dir='ltr'>forent,</span> <span class='ocrx_word' id='word_1_59' title='bbox 976 1057 1118 1134; x_wconf 79' lang='lat' dir='ltr'>habuere,</span> <span class='ocrx_word' id='word_1_60' title='bbox 1141 1061 1194 1134; x_wconf 87' lang='lat' dir='ltr'>qui</span> 
     </span>
     <span class='ocr_line' id='line_1_8' title="bbox 124 1154 1195 1232; baseline 0.004 -21"><span class='ocrx_word' id='word_1_61' title='bbox 124 1167 171 1212; x_wconf 91' lang='lat' dir='ltr'>eos</span> <span class='ocrx_word' id='word_1_62' title='bbox 190 1158 339 1230; x_wconf 85' lang='lat' dir='ltr'>regerent,</span> <span class='ocrx_word' id='word_1_63' title='bbox 361 1169 461 1212; x_wconf 88' lang='lat' dir='ltr'>eorum</span> <span class='ocrx_word' id='word_1_64' title='bbox 486 1161 567 1231; x_wconf 85' lang='lat' dir='ltr'>gesta</span> <span class='ocrx_word' id='word_1_65' title='bbox 587 1154 803 1232; x_wconf 73' lang='lat' dir='ltr'>describerent,</span> <span class='ocrx_word' id='word_1_66' title='bbox 823 1158 978 1231; x_wconf 88' lang='lat' dir='ltr'>omniaque</span> <span class='ocrx_word' id='word_1_67' title='bbox 989 1161 1195 1230; x_wconf 86' lang='lat' dir='ltr'>componerent</span> 
     </span>
     <span class='ocr_line' id='line_1_9' title="bbox 125 1249 1192 1331; baseline 0.002 -21"><span class='ocrx_word' id='word_1_68' title='bbox 125 1249 161 1310; x_wconf 87' lang='lat' dir='ltr'>ad</span> <span class='ocrx_word' id='word_1_69' title='bbox 186 1251 318 1328; x_wconf 84' lang='lat' dir='ltr'>singulas</span> <span class='ocrx_word' id='word_1_70' title='bbox 337 1251 430 1311; x_wconf 90' lang='lat' dir='ltr'>trihus</span> <span class='ocrx_word' id='word_1_71' title='bbox 451 1255 630 1328; x_wconf 74' lang='lat' dir='ltr'>spectantia,</span> <span class='ocrx_word' id='word_1_72' title='bbox 652 1252 730 1329; x_wconf 87' lang='lat' dir='ltr'>quod</span> <span class='ocrx_word' id='word_1_73' title='bbox 749 1253 827 1312; x_wconf 91' lang='lat' dir='ltr'>idem</span> <span class='ocrx_word' id='word_1_74' title='bbox 846 1252 954 1313; x_wconf 83' lang='lat' dir='ltr'>fatetur</span> <span class='ocrx_word' id='word_1_75' title='bbox 973 1252 1116 1330; x_wconf 80' lang='lat' dir='ltr'>Flauius,</span> <span class='ocrx_word' id='word_1_76' title='bbox 1136 1255 1192 1331; x_wconf 85' lang='lat' dir='ltr'>uti,</span> 
     </span>
     <span class='ocr_line' id='line_1_10' title="bbox 124 1347 1223 1426; baseline 0.002 -20"><span class='ocrx_word' id='word_1_77' title='bbox 124 1347 209 1423; x_wconf 88' lang='lat' dir='ltr'>paulo</span> <span class='ocrx_word' id='word_1_78' title='bbox 228 1354 296 1407; x_wconf 91' lang='lat' dir='ltr'>ante</span> <span class='ocrx_word' id='word_1_79' title='bbox 322 1349 471 1424; x_wconf 87' lang='lat' dir='ltr'>praedicta</span> <span class='ocrx_word' id='word_1_80' title='bbox 482 1349 585 1426; x_wconf 80' lang='lat' dir='ltr'>verba,</span> <span class='ocrx_word' id='word_1_81' title='bbox 609 1352 782 1426; x_wconf 77' lang='lat' dir='ltr'>scripserat:</span> <span class='ocrx_word' id='word_1_82' title='bbox 815 1375 828 1400; x_wconf 73' lang='grc' dir='ltr'><strong>α</strong></span> <span class='ocrx_word' id='word_1_83' title='bbox 848 1349 891 1409; x_wconf 88' lang='lat' dir='ltr'>De</span> <span class='ocrx_word' id='word_1_84' title='bbox 909 1351 1017 1409; x_wconf 89' lang='lat' dir='ltr'>nostris</span> <span class='ocrx_word' id='word_1_85' title='bbox 1037 1365 1108 1410; x_wconf 86' lang='lat' dir='ltr'>vero</span> <span class='ocrx_word' id='word_1_86' title='bbox 1126 1365 1195 1426; x_wconf 92' lang='lat' dir='ltr'>pro·</span> <span class='ocrx_word' id='word_1_87' title='bbox 1220 1348 1223 1353; x_wconf 82' lang='grc'><strong>’</strong></span> 
     </span>
     <span class='ocr_line' id='line_1_11' title="bbox 124 1445 1195 1523; baseline 0.001 -19"><span class='ocrx_word' id='word_1_88' title='bbox 124 1445 313 1522; x_wconf 82' lang='lat' dir='ltr'>genitoribus,</span> <span class='ocrx_word' id='word_1_89' title='bbox 334 1448 395 1522; x_wconf 86' lang='lat' dir='ltr'>eit,</span> <span class='ocrx_word' id='word_1_90' title='bbox 416 1446 495 1522; x_wconf 89' lang='lat' dir='ltr'>qued</span> <span class='ocrx_word' id='word_1_91' title='bbox 508 1446 640 1506; x_wconf 89' lang='lat' dir='ltr'>eamdem</span> <span class='ocrx_word' id='word_1_92' title='bbox 662 1447 755 1523; x_wconf 68' lang='lat' dir='ltr'>(mino</span> <span class='ocrx_word' id='word_1_93' title='bbox 775 1447 871 1506; x_wconf 88' lang='lat' dir='ltr'>dicere</span> <span class='ocrx_word' id='word_1_94' title='bbox 884 1463 923 1506; x_wconf 88' lang='lat' dir='ltr'>an</span> <span class='ocrx_word' id='word_1_95' title='bbox 935 1447 1085 1523; x_wconf 76' lang='lat' dir='ltr'>potiorem)</span> <span class='ocrx_word' id='word_1_96' title='bbox 1107 1461 1195 1523; x_wconf 88' lang='lat' dir='ltr'>quam</span> 
     </span>
     <span class='ocr_line' id='line_1_12' title="bbox 124 1543 1194 1622; baseline 0.001 -21"><span class='ocrx_word' id='word_1_97' title='bbox 124 1543 260 1618; x_wconf 79' lang='lat' dir='ltr'>praedicti</span> <span class='ocrx_word' id='word_1_98' title='bbox 280 1546 375 1620; x_wconf 86' lang='lat' dir='ltr'>graeci</span> <span class='ocrx_word' id='word_1_99' title='bbox 404 1545 534 1621; x_wconf 89' lang='lat' dir='ltr'>seilicet,</span> <span class='ocrx_word' id='word_1_100' title='bbox 568 1550 597 1606; x_wconf 90' lang='lat' dir='ltr'>et</span> <span class='ocrx_word' id='word_1_101' title='bbox 617 1547 745 1622; x_wconf 86' lang='lat' dir='ltr'>aegyptii</span> <span class='ocrx_word' id='word_1_102' title='bbox 765 1545 871 1621; x_wconf 90' lang='lat' dir='ltr'>aliique</span> <span class='ocrx_word' id='word_1_103' title='bbox 891 1543 1056 1604; x_wconf 83' lang='lat' dir='ltr'>habuerunt</span> <span class='ocrx_word' id='word_1_104' title='bbox 1074 1547 1106 1604; x_wconf 92' lang='lat' dir='ltr'>in</span> <span class='ocrx_word' id='word_1_105' title='bbox 1125 1559 1194 1603; x_wconf 91' lang='lat' dir='ltr'>eon-</span> 
     </span>
     <span class='ocr_line' id='line_1_13' title="bbox 122 1639 1194 1718; baseline 0 -18"><span class='ocrx_word' id='word_1_106' title='bbox 122 1639 273 1700; x_wconf 85' lang='lat' dir='ltr'>scrihenda</span> <span class='ocrx_word' id='word_1_107' title='bbox 291 1639 412 1701; x_wconf 89' lang='lat' dir='ltr'>historia</span> <span class='ocrx_word' id='word_1_108' title='bbox 431 1657 551 1717; x_wconf 70' lang='lat' dir='ltr'>wem,</span> <span class='ocrx_word' id='word_1_109' title='bbox 580 1642 765 1718; x_wconf 85' lang='lat' dir='ltr'>pontificibus</span> <span class='ocrx_word' id='word_1_110' title='bbox 785 1649 815 1702; x_wconf 91' lang='lat' dir='ltr'>et</span> <span class='ocrx_word' id='word_1_111' title='bbox 833 1642 986 1718; x_wconf 83' lang='lat' dir='ltr'>Prophetis</span> <span class='ocrx_word' id='word_1_112' title='bbox 1006 1642 1038 1700; x_wconf 95' lang='lat' dir='ltr'>id</span> <span class='ocrx_word' id='word_1_113' title='bbox 1063 1643 1194 1701; x_wconf 87' lang='lat' dir='ltr'>muneris</span> 
     </span>
     <span class='ocr_line' id='line_1_14' title="bbox 122 1737 1194 1817; baseline -0.002 -18"><span class='ocrx_word' id='word_1_114' title='bbox 122 1742 323 1816; x_wconf 77' lang='lat' dir='ltr'>injungentes,</span> <span class='ocrx_word' id='word_1_115' title='bbox 343 1739 478 1817; x_wconf 85' lang='lat' dir='ltr'>quodque</span> <span class='ocrx_word' id='word_1_116' title='bbox 490 1755 582 1817; x_wconf 88' lang='lat' dir='ltr'>usque</span> <span class='ocrx_word' id='word_1_117' title='bbox 602 1739 640 1800; x_wconf 87' lang='lat' dir='ltr'>ad</span> <span class='ocrx_word' id='word_1_118' title='bbox 659 1746 760 1800; x_wconf 90' lang='lat' dir='ltr'>nostra</span> <span class='ocrx_word' id='word_1_119' title='bbox 778 1747 930 1816; x_wconf 86' lang='lat' dir='ltr'>tempora,</span> <span class='ocrx_word' id='word_1_120' title='bbox 952 1755 1020 1800; x_wconf 89' lang='lat' dir='ltr'>eum</span> <span class='ocrx_word' id='word_1_121' title='bbox 1040 1739 1133 1798; x_wconf 87' lang='lat' dir='ltr'>multa</span> <span class='ocrx_word' id='word_1_122' title='bbox 1151 1737 1194 1797; x_wconf 92' lang='lat' dir='ltr'>di·</span> 
     </span>
     <span class='ocr_line' id='line_1_15' title="bbox 122 1822 1194 1914; baseline 0 -20"><span class='ocrx_word' id='word_1_123' title='bbox 122 1837 240 1914; x_wconf 85' lang='lat' dir='ltr'>ligantia</span> <span class='ocrx_word' id='word_1_124' title='bbox 258 1835 314 1895; x_wconf 90' lang='lat' dir='ltr'>hoe</span> <span class='ocrx_word' id='word_1_125' title='bbox 332 1839 427 1912; x_wconf 92' lang='lat' dir='ltr'>ipsum</span> <span class='ocrx_word' id='word_1_126' title='bbox 448 1843 621 1914; x_wconf 88' lang='lat' dir='ltr'>servarunt,</span> <span class='ocrx_word' id='word_1_127' title='bbox 650 1845 698 1914; x_wconf 91' lang='lat' dir='ltr'>et,</span> <span class='ocrx_word' id='word_1_128' title='bbox 719 1840 744 1896; x_wconf 88' lang='lat' dir='ltr'>si</span> <span class='ocrx_word' id='word_1_129' title='bbox 764 1843 877 1914; x_wconf 86' lang='lat' dir='ltr'>oportet</span> <span class='ocrx_word' id='word_1_130' title='bbox 897 1837 1051 1896; x_wconf 88' lang='lat' dir='ltr'>audentius</span> <span class='ocrx_word' id='word_1_131' title='bbox 1077 1822 1194 1912; x_wconf 79' lang='lat' dir='ltr'>dicere&#39;,</span> 
     </span>
     <span class='ocr_line' id='line_1_16' title="bbox 122 1933 1195 2011; baseline -0.004 -17"><span class='ocrx_word' id='word_1_132' title='bbox 122 1936 208 1994; x_wconf 77' lang='lat' dir='ltr'>etim</span> <span class='ocrx_word' id='word_1_133' title='bbox 228 1933 420 1994; x_wconf 82' lang='lat' dir='ltr'>servabitur.»</span> <span class='ocrx_word' id='word_1_134' title='bbox 449 1933 481 1993; x_wconf 92' lang='lat' dir='ltr'>Si</span> <span class='ocrx_word' id='word_1_135' title='bbox 506 1935 595 2011; x_wconf 85' lang='lat' dir='ltr'>igitur</span> <span class='ocrx_word' id='word_1_136' title='bbox 622 1934 766 1994; x_wconf 87' lang='lat' dir='ltr'>israelitae</span> <span class='ocrx_word' id='word_1_137' title='bbox 785 1937 861 1994; x_wconf 88' lang='lat' dir='ltr'>inter</span> <span class='ocrx_word' id='word_1_138' title='bbox 881 1951 912 1994; x_wconf 91' lang='lat' dir='ltr'>sc</span> <span class='ocrx_word' id='word_1_139' title='bbox 931 1935 1077 1992; x_wconf 84' lang='lat' dir='ltr'>constanti</span> <span class='ocrx_word' id='word_1_140' title='bbox 1096 1935 1195 1992; x_wconf 88' lang='lat' dir='ltr'>animo</span> 
     </span>
     <span class='ocr_line' id='line_1_17' title="bbox 121 2029 1194 2107; baseline -0.005 -15"><span class='ocrx_word' id='word_1_141' title='bbox 121 2045 241 2092; x_wconf 79' lang='lat' dir='ltr'>suorum</span> <span class='ocrx_word' id='word_1_142' title='bbox 260 2035 375 2105; x_wconf 86' lang='lat' dir='ltr'>patrum</span> <span class='ocrx_word' id='word_1_143' title='bbox 394 2030 526 2090; x_wconf 87' lang='lat' dir='ltr'>eamdem</span> <span class='ocrx_word' id='word_1_144' title='bbox 544 2032 713 2107; x_wconf 87' lang='lat' dir='ltr'>religionem</span> <span class='ocrx_word' id='word_1_145' title='bbox 732 2033 961 2106; x_wconf 85' lang='lat' dir='ltr'>praestiterunt,</span> <span class='ocrx_word' id='word_1_146' title='bbox 982 2029 1116 2088; x_wconf 88' lang='lat' dir='ltr'>eumdem</span> <span class='ocrx_word' id='word_1_147' title='bbox 1135 2030 1194 2104; x_wconf 85' lang='lat' dir='ltr'>spl-</span> 
     </span>
     <span class='ocr_line' id='line_1_18' title="bbox 122 2126 1197 2204; baseline -0.003 -17"><span class='ocrx_word' id='word_1_148' title='bbox 122 2129 232 2204; x_wconf 88' lang='lat' dir='ltr'>ritum,</span> <span class='ocrx_word' id='word_1_149' title='bbox 252 2127 440 2204; x_wconf 85' lang='lat' dir='ltr'>eamdemque</span> <span class='ocrx_word' id='word_1_150' title='bbox 453 2129 596 2186; x_wconf 88' lang='lat' dir='ltr'>rationem</span> <span class='ocrx_word' id='word_1_151' title='bbox 609 2129 697 2186; x_wconf 90' lang='lat' dir='ltr'>etiam</span> <span class='ocrx_word' id='word_1_152' title='bbox 711 2134 778 2203; x_wconf 87' lang='lat' dir='ltr'>post</span> <span class='ocrx_word' id='word_1_153' title='bbox 790 2126 963 2187; x_wconf 78' lang='lat' dir='ltr'>Artaxerxis</span> <span class='ocrx_word' id='word_1_154' title='bbox 977 2131 1100 2184; x_wconf 86' lang='lat' dir='ltr'>aetatem</span> <span class='ocrx_word' id='word_1_155' title='bbox 1114 2167 1123 2201; x_wconf 97' lang='lat'>,</span> <span class='ocrx_word' id='word_1_156' title='bbox 1143 2140 1197 2184; x_wconf 86' lang='lat' dir='ltr'>cur</span> 
     </span>
     <span class='ocr_line' id='line_1_19' title="bbox 120 2223 1195 2301; baseline -0.002 -17"><span class='ocrx_word' id='word_1_157' title='bbox 120 2223 255 2301; x_wconf 83' lang='lat' dir='ltr'>privandi</span> <span class='ocrx_word' id='word_1_158' title='bbox 273 2227 349 2284; x_wconf 89' lang='lat' dir='ltr'>erint</span> <span class='ocrx_word' id='word_1_159' title='bbox 367 2241 402 2284; x_wconf 93' lang='lat' dir='ltr'>eo</span> <span class='ocrx_word' id='word_1_160' title='bbox 421 2224 535 2284; x_wconf 85' lang='lat' dir='ltr'>excelso</span> <span class='ocrx_word' id='word_1_161' title='bbox 554 2240 699 2301; x_wconf 89' lang='lat' dir='ltr'>munere,</span> <span class='ocrx_word' id='word_1_162' title='bbox 732 2241 790 2300; x_wconf 87' lang='lat' dir='ltr'>quo</span> <span class='ocrx_word' id='word_1_163' title='bbox 818 2227 930 2300; x_wconf 87' lang='lat' dir='ltr'>priores</span> <span class='ocrx_word' id='word_1_164' title='bbox 946 2223 1074 2282; x_wconf 88' lang='lat' dir='ltr'>decorati</span> <span class='ocrx_word' id='word_1_165' title='bbox 1094 2223 1195 2298; x_wconf 86' lang='lat' dir='ltr'>luere,</span> 
     </span>
     <span class='ocr_line' id='line_1_20' title="bbox 122 2319 1196 2399; baseline -0.006 -18"><span class='ocrx_word' id='word_1_166' title='bbox 122 2321 291 2399; x_wconf 79' lang='lat' dir='ltr'>auferendo,</span> <span class='ocrx_word' id='word_1_167' title='bbox 311 2324 443 2398; x_wconf 88' lang='lat' dir='ltr'>inquam,</span> <span class='ocrx_word' id='word_1_168' title='bbox 465 2323 506 2380; x_wconf 92' lang='lat' dir='ltr'>eis</span> <span class='ocrx_word' id='word_1_169' title='bbox 523 2321 655 2381; x_wconf 91' lang='lat' dir='ltr'>divinam</span> <span class='ocrx_word' id='word_1_170' title='bbox 675 2319 800 2396; x_wconf 88' lang='lat' dir='ltr'>Spiritus</span> <span class='ocrx_word' id='word_1_171' title='bbox 820 2320 920 2380; x_wconf 87' lang='lat' dir='ltr'>Sancti</span> <span class='ocrx_word' id='word_1_172' title='bbox 939 2319 1196 2393; x_wconf 78' lang='lat' dir='ltr'>commentorem,</span> 
     </span>
     <span class='ocr_line' id='line_1_21' title="bbox 121 2415 1198 2496; baseline -0.006 -17"><span class='ocrx_word' id='word_1_173' title='bbox 121 2423 205 2496; x_wconf 74' lang='lat' dir='ltr'>cnjus</span> <span class='ocrx_word' id='word_1_174' title='bbox 222 2421 419 2496; x_wconf 85' lang='lat' dir='ltr'>progenitores</span> <span class='ocrx_word' id='word_1_175' title='bbox 439 2434 540 2478; x_wconf 88' lang='lat' dir='ltr'>eorum</span> <span class='ocrx_word' id='word_1_176' title='bbox 559 2418 641 2478; x_wconf 84' lang='lat' dir='ltr'>luere</span> <span class='ocrx_word' id='word_1_177' title='bbox 660 2419 839 2495; x_wconf 78' lang='lat' dir='ltr'>participes?</span> <span class='ocrx_word' id='word_1_178' title='bbox 871 2418 968 2491; x_wconf 82' lang='lat' dir='ltr'>Quare</span> <span class='ocrx_word' id='word_1_179' title='bbox 994 2415 1112 2474; x_wconf 86' lang='lat' dir='ltr'>illarum</span> <span class='ocrx_word' id='word_1_180' title='bbox 1131 2419 1198 2490; x_wconf 92' lang='lat' dir='ltr'>post</span> 
     </span>
     <span class='ocr_line' id='line_1_22' title="bbox 121 2511 1198 2592; baseline -0.006 -16"><span class='ocrx_word' id='word_1_181' title='bbox 121 2513 316 2576; x_wconf 65' lang='lat' dir='ltr'>merem</span> <span class='ocrx_word' id='word_1_182' title='bbox 327 2515 541 2592; x_wconf 85' lang='lat' dir='ltr'>scripturarum</span> <span class='ocrx_word' id='word_1_183' title='bbox 551 2518 636 2592; x_wconf 81' lang='lat' dir='ltr'>parri</span> <span class='ocrx_word' id='word_1_184' title='bbox 649 2515 773 2592; x_wconf 89' lang='lat' dir='ltr'>pendere</span> <span class='ocrx_word' id='word_1_185' title='bbox 785 2515 1009 2576; x_wconf 83' lang='lat' dir='ltr'>auctoritatem?</span> <span class='ocrx_word' id='word_1_186' title='bbox 1036 2511 1067 2572; x_wconf 90' lang='lat' dir='ltr'>Si</span> <span class='ocrx_word' id='word_1_187' title='bbox 1080 2511 1198 2571; x_wconf 88' lang='lat' dir='ltr'>hebraei</span> 
     </span>
     <span class='ocr_line' id='line_1_23' title="bbox 121 2609 1198 2690; baseline -0.007 -15"><span class='ocrx_word' id='word_1_188' title='bbox 121 2629 223 2690; x_wconf 81' lang='lat' dir='ltr'>reapse</span> <span class='ocrx_word' id='word_1_189' title='bbox 241 2620 312 2674; x_wconf 87' lang='lat' dir='ltr'>tunc</span> <span class='ocrx_word' id='word_1_190' title='bbox 330 2615 468 2690; x_wconf 87' lang='lat' dir='ltr'>temporis</span> <span class='ocrx_word' id='word_1_191' title='bbox 488 2629 507 2672; x_wconf 89' lang='lat' dir='ltr'>a</span> <span class='ocrx_word' id='word_1_192' title='bbox 525 2615 654 2672; x_wconf 68' lang='lat' dir='ltr'>moedau</span> <span class='ocrx_word' id='word_1_193' title='bbox 672 2614 735 2690; x_wconf 90' lang='lat' dir='ltr'>lege</span> <span class='ocrx_word' id='word_1_194' title='bbox 752 2613 944 2688; x_wconf 83' lang='lat' dir='ltr'>deiecissent,</span> <span class='ocrx_word' id='word_1_195' title='bbox 965 2625 1131 2686; x_wconf 88' lang='lat' dir='ltr'>novamque</span> <span class='ocrx_word' id='word_1_196' title='bbox 1145 2609 1198 2668; x_wconf 86' lang='lat' dir='ltr'>de·</span> 
     </span>
     <span class='ocr_line' id='line_1_24' title="bbox 119 2707 1198 2788; baseline -0.006 -17"><span class='ocrx_word' id='word_1_197' title='bbox 119 2713 248 2770; x_wconf 65' lang='lat' dir='ltr'>mam</span> <span class='ocrx_word' id='word_1_198' title='bbox 264 2711 489 2786; x_wconf 87' lang='lat' dir='ltr'>praedicassent,</span> <span class='ocrx_word' id='word_1_199' title='bbox 510 2725 604 2788; x_wconf 85' lang='lat' dir='ltr'>aequa</span> <span class='ocrx_word' id='word_1_200' title='bbox 622 2716 698 2770; x_wconf 88' lang='lat' dir='ltr'>esset</span> <span class='ocrx_word' id='word_1_201' title='bbox 717 2711 876 2786; x_wconf 83' lang='lat' dir='ltr'>sententia,</span> <span class='ocrx_word' id='word_1_202' title='bbox 897 2711 973 2769; x_wconf 89' lang='lat' dir='ltr'>inter</span> <span class='ocrx_word' id='word_1_203' title='bbox 992 2708 1058 2768; x_wconf 94' lang='lat' dir='ltr'>illos</span> <span class='ocrx_word' id='word_1_204' title='bbox 1078 2707 1198 2766; x_wconf 88' lang='lat' dir='ltr'>desiisse</span> 
     </span>
     <span class='ocr_line' id='line_1_25' title="bbox 119 2805 1199 2884; baseline -0.006 -16"><span class='ocrx_word' id='word_1_205' title='bbox 119 2807 324 2884; x_wconf 77' lang='lat' dir='ltr'>propheticum</span> <span class='ocrx_word' id='word_1_206' title='bbox 343 2807 504 2884; x_wconf 90' lang='lat' dir='ltr'>Spiritum,</span> <span class='ocrx_word' id='word_1_207' title='bbox 537 2809 588 2884; x_wconf 85' lang='lat' dir='ltr'>qui</span> <span class='ocrx_word' id='word_1_208' title='bbox 609 2807 683 2868; x_wconf 88' lang='lat' dir='ltr'>allos</span> <span class='ocrx_word' id='word_1_209' title='bbox 703 2814 816 2872; x_wconf 84' lang='lat' dir='ltr'>veteres</span> <span class='ocrx_word' id='word_1_210' title='bbox 836 2805 961 2884; x_wconf 75' lang='lat' dir='ltr'>agebat,</span> <span class='ocrx_word' id='word_1_211' title='bbox 990 2805 1042 2864; x_wconf 93' lang='lat' dir='ltr'>sed</span> <span class='ocrx_word' id='word_1_212' title='bbox 1062 2805 1119 2864; x_wconf 90' lang='lat' dir='ltr'>hoc</span> <span class='ocrx_word' id='word_1_213' title='bbox 1137 2819 1199 2864; x_wconf 91' lang='lat' dir='ltr'>non</span> 
     </span>
     <span class='ocr_line' id='line_1_26' title="bbox 119 2903 1198 2984; baseline -0.004 -18"><span class='ocrx_word' id='word_1_214' title='bbox 119 2904 272 2984; x_wconf 86' lang='lat' dir='ltr'>probatur.</span> <span class='ocrx_word' id='word_1_215' title='bbox 294 2905 348 2967; x_wconf 78' lang='lat' dir='ltr'>vei</span> <span class='ocrx_word' id='word_1_216' title='bbox 368 2907 425 2965; x_wconf 93' lang='lat' dir='ltr'>alio</span> <span class='ocrx_word' id='word_1_217' title='bbox 445 2905 557 2980; x_wconf 92' lang='lat' dir='ltr'>modo,</span> <span class='ocrx_word' id='word_1_218' title='bbox 586 2907 612 2965; x_wconf 93' lang='lat' dir='ltr'>si</span> <span class='ocrx_word' id='word_1_219' title='bbox 635 2907 701 2982; x_wconf 88' lang='lat' dir='ltr'>quis</span> <span class='ocrx_word' id='word_1_220' title='bbox 719 2905 828 2964; x_wconf 87' lang='lat' dir='ltr'>diceret</span> <span class='ocrx_word' id='word_1_221' title='bbox 840 2908 914 2980; x_wconf 86' lang='lat' dir='ltr'>¹post</span> <span class='ocrx_word' id='word_1_222' title='bbox 934 2903 1043 2964; x_wconf 88' lang='lat' dir='ltr'>Christi</span> <span class='ocrx_word' id='word_1_223' title='bbox 1071 2917 1198 2962; x_wconf 74' lang='lat' dir='ltr'>rmurre·</span> 
     </span>
     <span class='ocr_line' id='line_1_27' title="bbox 119 3000 1197 3080; baseline -0.006 -16"><span class='ocrx_word' id='word_1_224' title='bbox 119 3005 264 3080; x_wconf 89' lang='lat' dir='ltr'>ctionem,</span> <span class='ocrx_word' id='word_1_225' title='bbox 283 3009 314 3064; x_wconf 89' lang='lat' dir='ltr'>et</span> <span class='ocrx_word' id='word_1_226' title='bbox 334 3006 513 3080; x_wconf 80' lang='lat' dir='ltr'>pervicacem</span> <span class='ocrx_word' id='word_1_227' title='bbox 526 3003 643 3063; x_wconf 89' lang='lat' dir='ltr'>illorum</span> <span class='ocrx_word' id='word_1_228' title='bbox 655 3003 888 3062; x_wconf 86' lang='lat' dir='ltr'>incredulitatem</span> <span class='ocrx_word' id='word_1_229' title='bbox 901 3000 1113 3077; x_wconf 84' lang='lat' dir='ltr'>Prophetarum</span> <span class='ocrx_word' id='word_1_230' title='bbox 1131 3015 1197 3058; x_wconf 91' lang='lat' dir='ltr'>ver·</span> 
     </span>
     <span class='ocr_line' id='line_1_28' title="bbox 120 3096 1198 3178; baseline -0.004 -18"><span class='ocrx_word' id='word_1_231' title='bbox 120 3101 188 3178; x_wconf 89' lang='lat' dir='ltr'>his,</span> <span class='ocrx_word' id='word_1_232' title='bbox 215 3101 317 3162; x_wconf 78' lang='lat' dir='ltr'>divine</span> <span class='ocrx_word' id='word_1_233' title='bbox 344 3099 462 3160; x_wconf 88' lang='lat' dir='ltr'>oracula</span> <span class='ocrx_word' id='word_1_234' title='bbox 482 3099 563 3160; x_wconf 87' lang='lat' dir='ltr'>haud</span> <span class='ocrx_word' id='word_1_235' title='bbox 587 3103 619 3159; x_wconf 87' lang='lat' dir='ltr'>in</span> <span class='ocrx_word' id='word_1_236' title='bbox 641 3101 737 3160; x_wconf 91' lang='lat' dir='ltr'>medio</span> <span class='ocrx_word' id='word_1_237' title='bbox 755 3115 855 3160; x_wconf 89' lang='lat' dir='ltr'>eorum</span> <span class='ocrx_word' id='word_1_238' title='bbox 872 3100 1090 3174; x_wconf 86' lang='lat' dir='ltr'>permansisse,</span> <span class='ocrx_word' id='word_1_239' title='bbox 1111 3096 1198 3156; x_wconf 85' lang='lat' dir='ltr'>facile</span> 
     </span>
     <span class='ocr_line' id='line_1_29' title="bbox 118 3195 1195 3275; baseline -0.004 -17"><span class='ocrx_word' id='word_1_240' title='bbox 118 3201 279 3275; x_wconf 79' lang='lat' dir='ltr'>sentirem3</span> <span class='ocrx_word' id='word_1_241' title='bbox 300 3197 351 3260; x_wconf 89' lang='lat' dir='ltr'>sed</span> <span class='ocrx_word' id='word_1_242' title='bbox 369 3204 437 3258; x_wconf 88' lang='lat' dir='ltr'>ante</span> <span class='ocrx_word' id='word_1_243' title='bbox 448 3199 502 3258; x_wconf 90' lang='lat' dir='ltr'>hos</span> <span class='ocrx_word' id='word_1_244' title='bbox 512 3197 594 3273; x_wconf 90' lang='lat' dir='ltr'>dies,</span> <span class='ocrx_word' id='word_1_245' title='bbox 615 3199 734 3258; x_wconf 92' lang='lat' dir='ltr'>minime</span> <span class='ocrx_word' id='word_1_246' title='bbox 753 3197 888 3270; x_wconf 90' lang='lat' dir='ltr'>credam,</span> <span class='ocrx_word' id='word_1_247' title='bbox 910 3195 1006 3270; x_wconf 78' lang='lat' dir='ltr'>absit3</span> <span class='ocrx_word' id='word_1_248' title='bbox 1029 3209 1100 3270; x_wconf 87' lang='lat' dir='ltr'>gens</span> <span class='ocrx_word' id='word_1_249' title='bbox 1115 3195 1195 3254; x_wconf 86' lang='lat' dir='ltr'>enim</span> 
     </span>
     <span class='ocr_line' id='line_1_30' title="bbox 118 3291 1199 3372; baseline -0.008 -16"><span class='ocrx_word' id='word_1_250' title='bbox 118 3301 224 3358; x_wconf 87' lang='lat' dir='ltr'>saneta</span> <span class='ocrx_word' id='word_1_251' title='bbox 236 3301 321 3372; x_wconf 88' lang='lat' dir='ltr'>erat,</span> <span class='ocrx_word' id='word_1_252' title='bbox 342 3295 465 3372; x_wconf 91' lang='lat' dir='ltr'>populus</span> <span class='ocrx_word' id='word_1_253' title='bbox 484 3294 601 3355; x_wconf 85' lang='lat' dir='ltr'>electus.</span> <span class='ocrx_word' id='word_1_254' title='bbox 623 3293 684 3354; x_wconf 84' lang='lat' dir='ltr'>Nos</span> <span class='ocrx_word' id='word_1_255' title='bbox 697 3310 768 3354; x_wconf 87' lang='lat' dir='ltr'>vero</span> <span class='ocrx_word' id='word_1_256' title='bbox 782 3291 1089 3366; x_wconf 81' lang='lat' dir='ltr'>extitisseProphetas</span> <span class='ocrx_word' id='word_1_257' title='bbox 1103 3291 1135 3348; x_wconf 91' lang='lat' dir='ltr'>in</span> <span class='ocrx_word' id='word_1_258' title='bbox 1147 3303 1199 3364; x_wconf 89' lang='lat' dir='ltr'>po·</span> 
     </span>
     <span class='ocr_line' id='line_1_31' title="bbox 117 3385 1198 3470; baseline -0.006 -18"><span class='ocrx_word' id='word_1_259' title='bbox 117 3392 193 3470; x_wconf 89' lang='lat' dir='ltr'>pulo</span> <span class='ocrx_word' id='word_1_260' title='bbox 212 3392 302 3454; x_wconf 89' lang='lat' dir='ltr'>Israel</span> <span class='ocrx_word' id='word_1_261' title='bbox 321 3393 484 3470; x_wconf 86' lang='lat' dir='ltr'>colligimus</span> <span class='ocrx_word' id='word_1_262' title='bbox 503 3408 540 3454; x_wconf 83' lang='lat' dir='ltr'>ex</span> <span class='ocrx_word' id='word_1_263' title='bbox 559 3391 621 3452; x_wconf 88' lang='lat' dir='ltr'>dlvi</span> <span class='ocrx_word' id='word_1_264' title='bbox 639 3392 760 3451; x_wconf 82' lang='lat' dir='ltr'>loannis</span> <span class='ocrx_word' id='word_1_265' title='bbox 780 3386 939 3466; x_wconf 84' lang='lat' dir='ltr'>Evangelio</span> <span class='ocrx_word' id='word_1_266' title='bbox 956 3387 994 3464; x_wconf 78' lang='lat'>(1)</span> <span class='ocrx_word' id='word_1_267' title='bbox 1016 3388 1053 3447; x_wconf 88' lang='lat' dir='ltr'>de</span> <span class='ocrx_word' id='word_1_268' title='bbox 1070 3385 1198 3462; x_wconf 86' lang='lat' dir='ltr'>Caipha,</span> 
     </span>
     <span class='ocr_line' id='line_1_32' title="bbox 118 3483 1200 3568; baseline -0.008 -15"><span class='ocrx_word' id='word_1_269' title='bbox 118 3493 174 3568; x_wconf 85' lang='lat' dir='ltr'>qul</span> <span class='ocrx_word' id='word_1_270' title='bbox 194 3505 262 3552; x_wconf 87' lang='lat' dir='ltr'>cum</span> <span class='ocrx_word' id='word_1_271' title='bbox 281 3496 359 3550; x_wconf 84' lang='lat' dir='ltr'>esset</span> <span class='ocrx_word' id='word_1_272' title='bbox 385 3489 516 3566; x_wconf 82' lang='lat' dir='ltr'>pontifex</span> <span class='ocrx_word' id='word_1_273' title='bbox 539 3491 609 3550; x_wconf 88' lang='lat' dir='ltr'>anni</span> <span class='ocrx_word' id='word_1_274' title='bbox 635 3489 733 3564; x_wconf 81' lang='lat' dir='ltr'>illim,</span> <span class='ocrx_word' id='word_1_275' title='bbox 763 3487 951 3565; x_wconf 86' lang='lat' dir='ltr'>prophetasse</span> <span class='ocrx_word' id='word_1_276' title='bbox 981 3485 1064 3546; x_wconf 87' lang='lat' dir='ltr'>illum</span> <span class='ocrx_word' id='word_1_277' title='bbox 1095 3486 1137 3544; x_wconf 87' lang='lat' dir='ltr'>ait</span> <span class='ocrx_word' id='word_1_278' title='bbox 1155 3483 1200 3544; x_wconf 86' lang='lat' dir='ltr'>di·</span> 
     </span>
    </p>
   </div>
   <div class='ocr_carea' id='block_1_2' title="bbox 112 3585 1200 4156">
    <p class='ocr_par' dir='ltr' id='par_1_2' title="bbox 112 3585 1200 4156">
     <span class='ocr_line' id='line_1_33' title="bbox 117 3585 1199 3668; baseline -0.008 -20"><span class='ocrx_word' id='word_1_279' title='bbox 117 3593 264 3648; x_wconf 86' lang='lat' dir='ltr'>centem:</span> <span class='ocrx_word' id='word_1_280' title='bbox 299 3588 388 3650; x_wconf 70' lang='lat' dir='ltr'>«Nec</span> <span class='ocrx_word' id='word_1_281' title='bbox 414 3590 546 3664; x_wconf 84' lang='lat' dir='ltr'>cogitatis</span> <span class='ocrx_word' id='word_1_282' title='bbox 583 3589 653 3668; x_wconf 87' lang='lat' dir='ltr'>quia</span> <span class='ocrx_word' id='word_1_283' title='bbox 684 3587 801 3664; x_wconf 81' lang='lat' dir='ltr'>expedit</span> <span class='ocrx_word' id='word_1_284' title='bbox 831 3585 939 3660; x_wconf 72' lang='lat' dir='ltr'>velih,</span> <span class='ocrx_word' id='word_1_285' title='bbox 974 3589 1008 3642; x_wconf 91' lang='lat' dir='ltr'>ut</span> <span class='ocrx_word' id='word_1_286' title='bbox 1036 3597 1112 3642; x_wconf 90' lang='lat' dir='ltr'>unus</span> <span class='ocrx_word' id='word_1_287' title='bbox 1137 3596 1199 3640; x_wconf 90' lang='lat' dir='ltr'>mo·</span> 
     </span>
     <span class='ocr_line' id='line_1_34' title="bbox 114 3681 1200 3763; baseline -0.008 -17"><span class='ocrx_word' id='word_1_288' title='bbox 114 3687 216 3746; x_wconf 83' lang='lat' dir='ltr'>riatur</span> <span class='ocrx_word' id='word_1_289' title='bbox 237 3685 326 3744; x_wconf 89' lang='lat' dir='ltr'>homo</span> <span class='ocrx_word' id='word_1_290' title='bbox 338 3700 391 3761; x_wconf 90' lang='lat' dir='ltr'>pro</span> <span class='ocrx_word' id='word_1_291' title='bbox 403 3686 531 3762; x_wconf 87' lang='lat' dir='ltr'>popolo,</span> <span class='ocrx_word' id='word_1_292' title='bbox 552 3692 581 3745; x_wconf 91' lang='lat' dir='ltr'>et</span> <span class='ocrx_word' id='word_1_293' title='bbox 599 3701 661 3746; x_wconf 91' lang='lat' dir='ltr'>non</span> <span class='ocrx_word' id='word_1_294' title='bbox 679 3691 742 3746; x_wconf 86' lang='lat' dir='ltr'>tota</span> <span class='ocrx_word' id='word_1_295' title='bbox 762 3700 832 3763; x_wconf 84' lang='lat' dir='ltr'>geas</span> <span class='ocrx_word' id='word_1_296' title='bbox 849 3689 958 3760; x_wconf 86' lang='lat' dir='ltr'>pereat.</span> <span class='ocrx_word' id='word_1_297' title='bbox 981 3681 1044 3740; x_wconf 88' lang='lat' dir='ltr'>lloo</span> <span class='ocrx_word' id='word_1_298' title='bbox 1069 3686 1200 3742; x_wconf 67' lang='lat' dir='ltr'>eamme</span> 
     </span>
     <span class='ocr_line' id='line_1_35' title="bbox 114 3775 1200 3860; baseline -0.006 -18"><span class='ocrx_word' id='word_1_299' title='bbox 114 3784 280 3858; x_wconf 84' lang='lat' dir='ltr'>semetipso</span> <span class='ocrx_word' id='word_1_300' title='bbox 292 3799 352 3842; x_wconf 89' lang='lat' dir='ltr'>non</span> <span class='ocrx_word' id='word_1_301' title='bbox 365 3782 460 3860; x_wconf 84' lang='lat' dir='ltr'>dlxii,</span> <span class='ocrx_word' id='word_1_302' title='bbox 482 3783 534 3843; x_wconf 89' lang='lat' dir='ltr'>sed</span> <span class='ocrx_word' id='word_1_303' title='bbox 553 3799 621 3842; x_wconf 89' lang='lat' dir='ltr'>cum</span> <span class='ocrx_word' id='word_1_304' title='bbox 641 3788 716 3843; x_wconf 87' lang='lat' dir='ltr'>esset</span> <span class='ocrx_word' id='word_1_305' title='bbox 735 3781 887 3858; x_wconf 78' lang='lat' dir='ltr'>pontifex,</span> <span class='ocrx_word' id='word_1_306' title='bbox 908 3779 1103 3856; x_wconf 86' lang='lat' dir='ltr'>prophetavit,</span> <span class='ocrx_word' id='word_1_307' title='bbox 1122 3775 1200 3852; x_wconf 87' lang='lat' dir='ltr'>quod</span> 
     </span>
     <span class='ocr_line' id='line_1_36' title="bbox 113 3873 1197 3956; baseline -0.01 -16"><span class='ocrx_word' id='word_1_308' title='bbox 113 3879 208 3944; x_wconf 76' lang='lat' dir='ltr'>Jeeus</span> <span class='ocrx_word' id='word_1_309' title='bbox 228 3882 385 3940; x_wconf 77' lang='lat' dir='ltr'>menturae</span> <span class='ocrx_word' id='word_1_310' title='bbox 415 3885 478 3940; x_wconf 87' lang='lat' dir='ltr'>erat</span> <span class='ocrx_word' id='word_1_311' title='bbox 505 3896 558 3955; x_wconf 92' lang='lat' dir='ltr'>pro</span> <span class='ocrx_word' id='word_1_312' title='bbox 586 3885 701 3956; x_wconf 77' lang='lat' dir='ltr'>gente.»</span> <span class='ocrx_word' id='word_1_313' title='bbox 736 3880 811 3940; x_wconf 91' lang='lat' dir='ltr'>Item</span> <span class='ocrx_word' id='word_1_314' title='bbox 840 3878 1005 3938; x_wconf 82' lang='lat' dir='ltr'>Matthaeus</span> <span class='ocrx_word' id='word_1_315' title='bbox 1032 3877 1125 3950; x_wconf 87' lang='lat' dir='ltr'>capite</span> <span class='ocrx_word' id='word_1_316' title='bbox 1145 3873 1197 3932; x_wconf 86' lang='lat' dir='ltr'>XI.</span> 
     </span>
     <span class='ocr_line' id='line_1_37' title="bbox 113 3972 1199 4053; baseline -0.011 -15"><span class='ocrx_word' id='word_1_317' title='bbox 113 3978 250 4038; x_wconf 88' lang='lat' dir='ltr'>serihit:</span> <span class='ocrx_word' id='word_1_318' title='bbox 285 3977 423 4038; x_wconf 76' lang='lat' dir='ltr'>«Omnes</span> <span class='ocrx_word' id='word_1_319' title='bbox 441 3979 521 4037; x_wconf 91' lang='lat' dir='ltr'>enim</span> <span class='ocrx_word' id='word_1_320' title='bbox 547 3976 707 4052; x_wconf 83' lang='lat' dir='ltr'>Pmphetae</span> <span class='ocrx_word' id='word_1_321' title='bbox 737 3983 767 4035; x_wconf 91' lang='lat' dir='ltr'>et</span> <span class='ocrx_word' id='word_1_322' title='bbox 795 3977 843 4035; x_wconf 83' lang='lat' dir='ltr'>lex</span> <span class='ocrx_word' id='word_1_323' title='bbox 873 3990 965 4053; x_wconf 86' lang='lat' dir='ltr'>usque</span> <span class='ocrx_word' id='word_1_324' title='bbox 992 3973 1029 4032; x_wconf 91' lang='lat' dir='ltr'>ad</span> <span class='ocrx_word' id='word_1_325' title='bbox 1056 3972 1199 4030; x_wconf 82' lang='lat' dir='ltr'>loannem</span> 
     </span>
     <span class='ocr_line' id='line_1_38' title="bbox 112 4066 1200 4156; baseline -0.007 -20"><span class='ocrx_word' id='word_1_326' title='bbox 112 4075 406 4156; x_wconf 69' lang='lat' dir='ltr'>prophetaverunt.»</span> <span class='ocrx_word' id='word_1_327' title='bbox 425 4075 506 4150; x_wconf 88' lang='lat' dir='ltr'>Quae</span> <span class='ocrx_word' id='word_1_328' title='bbox 532 4074 645 4151; x_wconf 85' lang='lat' dir='ltr'>verba,</span> <span class='ocrx_word' id='word_1_329' title='bbox 673 4077 762 4151; x_wconf 82' lang='lat' dir='ltr'>juxta</span> <span class='ocrx_word' id='word_1_330' title='bbox 791 4073 884 4134; x_wconf 91' lang='lat' dir='ltr'>latum</span> <span class='ocrx_word' id='word_1_331' title='bbox 913 4086 1031 4133; x_wconf 89' lang='lat' dir='ltr'>sensum</span> <span class='ocrx_word' id='word_1_332' title='bbox 1059 4066 1200 4129; x_wconf 87' lang='lat' dir='ltr'>vocabulo</span> 
     </span>
    </p>
   </div>
   <div class='ocr_carea' id='block_1_3' title="bbox 155 4287 545 4355">
    <p class='ocr_par' dir='ltr' id='par_1_3' title="bbox 155 4287 545 4355">
     <span class='ocr_line' id='line_1_39' title="bbox 155 4287 545 4355; baseline 0.003 -16"><span class='ocrx_word' id='word_1_333' title='bbox 155 4287 195 4353; x_wconf 82' lang='lat' dir='ltr'>(i)</span> <span class='ocrx_word' id='word_1_334' title='bbox 216 4289 287 4341; x_wconf 78' lang='lat' dir='ltr'>loen.</span> <span class='ocrx_word' id='word_1_335' title='bbox 304 4290 364 4355; x_wconf 84' lang='lat' dir='ltr'>cap.</span> <span class='ocrx_word' id='word_1_336' title='bbox 383 4290 425 4340; x_wconf 85' lang='lat' dir='ltr'>xi.</span> <span class='ocrx_word' id='word_1_337' title='bbox 445 4292 483 4338; x_wconf 79' lang='lat' dir='ltr'>is.</span> <span class='ocrx_word' id='word_1_338' title='bbox 506 4293 545 4342; x_wconf 74' lang='lat' dir='ltr'>tii.</span> 
     </span>
    </p>
   </div>
   <div class='ocr_carea' id='block_1_4' title="bbox 0 0 1552 5184">
    <p class='ocr_par' dir='ltr' id='par_1_4' title="bbox 0 0 1552 5184">
     <span class='ocr_line' id='line_1_40' title="bbox 0 0 1552 5184; baseline 0 0"><span class='ocrx_word' id='word_1_339' title='bbox 0 0 1552 5184; x_wconf 95' lang='lat' dir='ltr'> </span> 
     </span>
    </p>
   </div>
  </div>
 </body>
</html>
