3094 5184
589 379 628 390 -
648 355 685 406 st
707 379 747 388 -
801 369 805 376 ¹

124 471 175 525 cut
194 464 336 540 scripturn
352 469 397 524 est
420 461 479 540 (t):
504 463 669 538 ·Quoniam
689 462 854 524 Nazaraeus
885 465 1076 528 vocabitur.»
1101 471 1206 532 iterna

12 563 13 572 ’
124 563 195 622 divo
223 560 316 620 Paulo
334 567 532 620 memorantur
551 561 676 620 duorum
695 563 815 620 uomina
834 576 1004 640 magorum,
1025 567 1076 642 qui
1099 569 1129 628 in
1150 568 1206 628 Ac·

12 653 14 684 ¹
127 667 220 739 gyptn
238 659 336 736 Moysi
359 661 507 735 restitere3
529 661 559 718 in
581 660 710 736 Epistola
732 659 881 720 Catholiea
900 661 993 721 Judae
1019 662 1151 739 Apostoli
1171 667 1207 726 de

12 759 15 770 '
127 759 231 818 eodem
255 756 358 835 Moyse
378 755 450 816 haee
472 756 627 834 leguntur:
655 781 668 808 «
681 755 753 816 Cum
774 757 899 817 Michael
919 759 1120 838 Archangelus
1140 779 1206 823 cum

12 845 18 884 i

125 855 244 916 diabolo
266 855 418 932 disputans
441 854 629 916 altercaretur
646 856 683 914 de
703 855 800 933 Moysi
820 871 955 932 corpore,
978 875 1038 918 non
1058 866 1102 919 cst
1119 876 1207 921 ausus

12 949 17 1040 'v
121 953 267 1032 judicium
280 953 387 1012 inferre
409 950 604 1029 blasphemiae
616 961 632 1029 ,¹
646 953 697 1012 sed
714 952 800 1029 dixit,
822 955 944 1029 imperet
955 955 1010 1014 tibi
1023 955 1175 1018 Dominus.
1191 984 1203 1009 o

15 1052 19 1084 ³
126 1053 162 1111 In
184 1050 287 1110 eodem
307 1049 448 1110 Matthaei
475 1049 512 1126 (2)
535 1051 695 1128 Evangelio
716 1052 841 1110 traditur
859 1051 975 1110 Domini
994 1055 1087 1112 nostrl
1108 1069 1209 1130 genea-

12 1145 16 1184 l

11 1244 23 1283 ir

11 1331 23 1383 'e

11 1441 22 1482 l

14 1539 23 1578 i

14 1623 24 1680 l

16 1723 24 1778 i

12 1823 24 1880 i

126 1149 206 1226 logia
231 1148 390 1208 secundum
414 1165 551 1226 earnem,
580 1156 609 1208 et
634 1151 754 1208 nonina
776 1156 893 1225 patrum
919 1165 1038 1210 suorum
1066 1152 1207 1212 nonnulla

126 1249 304 1323 recitantur,
326 1261 401 1322 quae
417 1246 521 1306 nullibi
538 1253 669 1307 veterum
686 1246 846 1306 Bibliornm
868 1245 1013 1323 leguntur.
1034 1248 1155 1324 Insuper
1173 1250 1206 1309 in

126 1344 287 1423 Evangelio
306 1344 368 1405 dlvi
383 1343 479 1404 Lucae
494 1343 532 1422 (a)
548 1347 689 1404 insertum
702 1351 746 1404 est
760 1343 932 1421 Canticum,
957 1345 1035 1421 quud
1051 1345 1206 1410 Zacharias

126 1449 211 1520 pater
229 1442 351 1502 loannis
368 1441 514 1519 Baptistae
529 1442 655 1518 repletus
668 1441 778 1518 Spiritu
792 1441 898 1504 Sancto
911 1443 1110 1521 prophetavit,
1132 1461 1207 1521 quae

127 1542 228 1601 omnia
246 1539 396 1617 Apostoli,
418 1548 447 1601 et
466 1541 666 1618 Redemptoris
687 1539 840 1616 discipuli,
866 1547 901 1600 ut
919 1539 1102 1600 habebantur
1127 1541 1206 1617 apud

127 1639 268 1699 hebraeos
296 1641 461 1716 descripta,
492 1642 523 1698 in
552 1654 620 1698 suos
644 1639 734 1699 libros
759 1637 945 1715 retulerunt,
976 1653 1107 1716 quaeque
1139 1645 1206 1698 ante

128 1737 259 1816 ejusdem
275 1737 432 1798 adventum
451 1737 567 1798 fuerant
586 1739 804 1814 praenunciata.
820 1736 917 1813 liaeo,
932 1742 963 1796 et
974 1719 1098 1813 similia,
1116 1739 1141 1796 si
1154 1752 1208 1796 uos

128 1843 245 1898 tantum
265 1836 456 1896 hebraeorum
475 1836 622 1896 Cononem
644 1835 792 1896 esdrinum
811 1836 1021 1911 receperimus,
1043 1849 1209 1912 expungen-

11 1943 12 1956 ’
129 1937 169 1998 da
193 1941 289 1996 'essent
314 1936 351 1995 ab
375 1934 539 2011 apostolicis
566 1933 743 2010 scripturis,
769 1939 869 2008 utpote
892 1947 929 1992 ex
952 1933 1080 2008 antiqun
1104 1931 1207 1992 Bibliis

12 2037 24 2080 ἶ
130 2035 322 2095 hebraeorum
343 2035 521 2110 desumpta,
554 2048 628 2110 quae
650 2030 688 2091 ab
709 2031 812 2090 iisdem
835 2030 929 2106 falsa,
955 2036 984 2089 et
1009 2029 1208 2089 commentitia

18 2136 24 2176 ἲ
128 2133 225 2211 liunt,
246 2139 275 2194 et
293 2133 358 2194 ideo
378 2132 416 2192 ab
436 2132 610 2191 adversariis
633 2146 693 2189 non
716 2130 811 2188 solum
833 2128 975 2198 Deuterae
996 2131 1107 2186 veteres
1131 2125 1207 2186 Scri·

12 2236 24 2280 i
130 2240 233 2310 pturae
255 2231 433 2308 respuendae
457 2236 572 2306 essent,
599 2228 651 2288 sed
674 2225 769 2294 Biblia
795 2241 910 2302 quoque
935 2223 1112 2301 apostolica,
1139 2225 1209 2300 quia

131 2331 219 2408 falsa,
238 2330 345 2391 Christi
364 2329 498 2406 discipuli
521 2329 606 2388 certis
626 2328 775 2401 sacrisque
788 2327 955 2401 inseruere,
981 2329 1010 2383 et
1030 2322 1068 2382 alr
1088 2323 1209 2400 antiquo

128 2429 247 2492 Canem
267 2431 371 2490 aliena.
395 2427 520 2505 Ideoque
534 2429 601 2506 lure
621 2424 760 2502 Origenes
780 2423 818 2489 oh
837 2422 892 2482 has
910 2428 939 2481 ct
955 2418 1122 2498 hujusmodi
1139 2421 1209 2478 cita·

129 2531 224 2590 tiones
246 2529 283 2589 ab
305 2527 451 2606 Apostoin
473 2525 593 2586 collatas
612 2541 628 2584 e
646 2519 977 2596 veteribusSeripturis,
998 2533 1073 2595 quae
1088 2533 1148 2576 non
1165 2517 1205 2576 lc·

131 2633 242 2704 guntin
259 2629 290 2685 in
309 2626 426 2686 Conone
439 2624 641 2698 hebraeorum,
663 2623 694 2680 in
714 2619 835 2696 epistola
854 2617 894 2677 ad
913 2617 1085 2680 Airicanum
1107 2615 1210 2676 scribit

130 2725 215 2786 nullo
232 2725 318 2785 modo
337 2722 420 2784 nobis
439 2721 576 2782 standum
594 2735 657 2780 esse
674 2709 822 2778 doctrinae
835 2715 1026 2776 hebraeorum
1038 2715 1070 2776 in
1084 2719 1210 2774 statuen-

11 2832 17 2880 i
130 2823 180 2885 dis
202 2839 237 2884 ae
259 2823 432 2900 accipiendis
456 2837 556 2882 eornm
569 2819 669 2896 libris,
696 2815 748 2877 sed
766 2814 911 2876 Ecclesiae
934 2813 1107 2890 traditioni,
1134 2825 1208 2890 qnae

11 2921 14 2948 ”
131 2921 234 2983 docuit
255 2921 355 3000 quoles
376 2921 444 2981 iibri
464 2916 703 2979 divini-habendi
725 2919 840 2990 meent,
861 2919 895 2973 ut
913 2911 992 2972 infra
1004 2909 1126 2972 doctae

157 3146 197 3212 Ι(ι)
208 3146 267 3208 illel.
281 3160 303 3196 c.
316 3146 349 3204 ll.
372 3112 403 3183 -'
423 3143 459 3214 (a)
470 3143 530 3194 iiiut.
543 3155 565 3192 e.
577 3143 597 3192 1.
622 3166 652 3178 -
673 3137 707 3204 (s)
719 3140 778 3196 Luc,
791 3139 882 3198 Evang.
895 3146 917 3184 c.
929 3135 949 3184 i.
962 3139 986 3190 o.
