2964 5174
521 350 681 400 ...39-

65 464 181 540 quiens:
202 485 214 510 o
228 459 341 534 Quibus
354 458 442 518 fuerit
455 471 655 534 consequens,
670 461 705 516 ut
716 459 871 532 postquam
881 454 1070 532 Thraulogiam
1083 471 1148 514 our·

65 563 118 619 sim
131 560 379 636 percurrerimus,
409 572 460 631 ea,
478 569 553 631 quae
569 555 727 632 prophetiis
747 552 855 614 tradita
874 560 954 629 sunt,
971 560 1145 628 hactemus,

65 663 95 716 nt
104 673 173 716 cnm
188 657 278 716 etiam
295 653 474 730 Scripturas,
491 652 598 728 quibus
612 651 799 726 credidimus,
814 651 928 710 validas
946 666 980 709 ac
994 656 1072 708 ratas
1085 665 1149 708 esse

66 757 256 832 omnipotenti
278 757 449 814 obcuritate
471 752 697 827 ostenderimus,
724 753 797 810 serie
824 752 968 825 possimus
994 766 1045 826 per
1069 753 1149 825 ipsas

66 856 220 932 pmgredi,
245 860 274 914 et
294 854 363 913 binc
376 851 511 912 omnibus
524 852 692 912 haeresibus
708 868 801 912 unum
819 851 911 910 Deum
930 851 1102 924 ostendere,
1121 855 1151 908 et

63 953 221 1014 Dominum
233 954 479 1026 omnipotentem,
507 952 558 1027 qui
569 967 620 1026 per
634 951 728 1026 legem
740 955 769 1008 et
782 949 941 1024 Prophetas
955 991 964 1023 ,
984 955 1013 1008 et
1025 949 1144 1007 beatum

64 1055 151 1110 diam
162 1049 356 1126 Evangelium
373 1049 431 1108 luit
447 1051 575 1123 sineere,
595 1065 629 1108 ac
644 1063 781 1124 germane
796 1047 1017 1122 praedicatus.»

102 1147 131 1223 5.
154 1148 209 1207 IV.
233 1147 315 1224 Siqui
341 1146 492 1222 hucusque
521 1147 714 1220 antiquitate,
728 1145 861 1202 doctrina
880 1149 909 1202 et
926 1143 1093 1201 divinarum
1106 1141 1152 1200 lit-

66 1253 197 1306 terarum
214 1247 336 1320 peritia,
354 1244 483 1304 studium
500 1249 634 1302 nostrum
651 1243 798 1302 consecuti
811 1245 897 1316 sunt,
917 1244 1020 1300 merito
1034 1240 1151 1316 quidem

63 1345 128 1420 ille,
144 1345 198 1420 qui
211 1343 268 1402 hoc
282 1345 313 1401 in
326 1342 390 1402 loco
405 1341 489 1402 nobis
503 1344 647 1418 occurrit,
667 1345 752 1417 cujus
767 1343 875 1415 scripta
890 1341 928 1398 ad
944 1338 1151 1416 investiganda

67 1441 256 1519 aggredimur
281 1443 388 1500 noshis
408 1438 676 1516 disquisitionibus,
706 1455 760 1514 pro
780 1439 821 1497 rei
845 1441 968 1496 veritate
990 1440 1152 1495 maximum

66 1539 202 1616 ponderis
222 1538 354 1598 conferre
367 1538 492 1596 videtur.
510 1536 649 1614 Origenes
666 1539 692 1595 is
711 1542 773 1612 est,
789 1539 840 1611 qui
853 1537 971 1594 nomine
983 1535 1152 1594 Adamantii

68 1639 192 1697 donatus
209 1643 272 1712 est,
284 1640 372 1712 juxta
385 1636 465 1696 illius
481 1639 603 1710 mentis,
619 1641 652 1694 ut
665 1637 707 1695 ait
720 1635 842 1694 Photius
860 1635 1082 1692 adamantinum
1106 1649 1153 1690 ro·

68 1736 138 1810 hur,
157 1751 234 1811 quae
260 1735 349 1793 nullis
379 1735 410 1791 in
437 1734 611 1793 illustranda
634 1733 801 1810 Scriptura,
827 1739 856 1791 et
877 1735 909 1789 in
938 1731 1090 1790 scribendo
1109 1730 1152 1788 la·

66 1833 185 1892 boribus
210 1831 386 1908 defatigata,
415 1833 514 1890 omnia
540 1832 753 1890 haereticorum
779 1830 839 1890 tela
864 1846 917 1888 sua
940 1829 998 1887 fide
1018 1827 1153 1886 retunde·

66 1937 118 1990 ret.
140 1930 254 1989 Genera
274 1931 444 2006 aegyptius,
467 1927 664 1988 Alexandriae
688 1936 775 1988 natus
798 1927 954 1986 Clementis
972 1925 1154 1984 alexandrini

68 2027 228 2102 discipulus
247 2026 303 2086 fuit
321 2026 479 2102 Origenes,
498 2026 622 2086 obeunte
641 2027 757 2086 saeculo
776 2025 913 2084 secundo.
937 2025 1156 2082 Ecclesiasticus

69 2126 388 2200 doctrinaepuritatem
403 2125 598 2200 consequendi
611 2140 716 2199 causa,
735 2124 959 2198 christianisque
973 2121 1075 2180 studiis
1089 2136 1155 2196 pro·

68 2223 203 2298 liniendi,
220 2225 349 2298 primum
368 2224 493 2282 Romam
512 2224 600 2298 petit,
626 2222 694 2281 inde
719 2220 928 2280 Alexandriam
946 2237 1079 2278 reversus
1098 2219 1155 2277 lin·

70 2337 157 2398 guam
178 2320 347 2378 hebraicam
369 2320 481 2380 didicit.
505 2319 610 2378 Postea
624 2319 821 2378 Palaestinam
843 2320 1030 2394 peragravit,
1054 2317 1155 2375 Antio·

71 2419 185 2494 chiam,
207 2418 420 2493 Cappadociam
440 2420 537 2494 venit,
548 2416 678 2476 Athenas
696 2419 848 2492 visitarit,
866 2431 967 2475 rursus
985 2415 1156 2475 Caesaream

71 2517 254 2576 Palaestinae
260 2517 404 2592 concedit,
414 2517 648 2594 Hierosolymam
659 2517 740 2590 visit,
753 2515 919 2590 eisdemque
931 2517 961 2571 in
978 2513 1155 2590 regionibus,

72 2617 230 2688 optimum,
249 2619 282 2672 ut
299 2629 353 2689 par
371 2619 430 2688 est,
459 2613 629 2672 thesaurum
649 2616 801 2671 notionum
820 2613 875 2670 sibi
889 2612 1092 2686 undecumque
1109 2627 1156 2669 ac·

72 2715 200 2788 quirens.
215 2711 368 2770 Praeterea
389 2711 547 2786 Scriptores
568 2711 796 2787 ecclesiasticos,
821 2711 1006 2785 interpretes,
1027 2708 1158 2767 Clemen-

72 2815 128 2868 tem
152 2807 280 2885 scllioet',
300 2809 465 2885 Ignatium,
486 2809 662 2885 losepbum,
688 2807 841 2868 Philonem
865 2815 894 2866 et
918 2807 990 2866 alios
1010 2807 1159 2865 evolverat

71 2905 267 2966 Adamantius
294 2907 365 2965 adeo
382 2914 432 2983 ut,
460 2913 532 2966 teste
556 2906 696 2982 Eusebio,
720 2906 758 2982 (1)
775 2906 813 2965 ad
831 2906 987 2982 origenem
1002 2905 1159 2963 Caesareae

73 3011 212 3065 consueta
227 3005 398 3082 disciplinae
415 3023 536 3066 munera
554 3012 763 3082 exequentem,
778 3023 838 3065 non
856 3006 951 3063 solum
966 3005 1052 3063 multi
1066 3003 1103 3062 ab
1117 3005 1160 3061 in·

74 3104 206 3180 digenis,
233 3104 285 3162 sed
307 3106 395 3164 etiam
419 3105 456 3163 ab
474 3107 580 3164 exteris
598 3103 765 3180 regionibus
785 3119 857 3178 pene
879 3102 987 3160 infiniti
1005 3102 1158 3177 discipuli,

73 3203 168 3278 patria
195 3219 250 3261 sua
266 3202 386 3280 relicta,
405 3202 601 3263 adventarint.
624 3203 706 3262 Adde
728 3218 857 3278 qaoque,
878 3201 957 3276 quod
969 3202 1110 3274 episcopi,
1126 3215 1160 3258 ac

75 3302 164 3360 ceteri
189 3301 322 3360 doctores
347 3301 385 3359 ad
402 3317 468 3360 eum
488 3299 716 3374 conveniebant,
741 3305 774 3358 ut
792 3315 843 3374 per
864 3302 960 3375 ipsum
979 3299 1161 3374 quaestiones

73 3399 266 3474 solverentur,
276 3403 359 3475 cujus
368 3403 409 3458 rei
418 3403 500 3458 testis
510 3403 585 3459 inter
594 3400 666 3458 alios
675 3401 808 3475 exsurgit
817 3397 996 3473 Porphyrius
1005 3395 1158 3472 idem,qui,

73 3497 144 3556 dum
158 3504 262 3557 eontra
277 3496 441 3557 docuinam
449 3497 609 3574 Moysis,et
622 3497 729 3556 Christi
745 3497 865 3574 agebat,
875 3497 929 3554 ait:
942 3495 998 3570 1111
1009 3493 1159 3570 Origenes,

75 3611 133 3669 qno
153 3595 321 3654 adolescens
338 3595 438 3671 aliqua
453 3593 556 3654 utebar
574 3595 792 3670 familiaritate,
814 3597 865 3670 qul
882 3593 933 3651 lllo
955 3598 1083 3667 tempore
1102 3608 1162 3650 ma·

74 3695 156 3751 xbno
173 3692 285 3752 bonore
301 3691 375 3769 fuit,
397 3701 426 3752 et
447 3693 543 3753 adhuc
563 3701 606 3752 est
626 3700 743 3769 propter
757 3694 865 3768 libros,
881 3709 953 3768 quos
969 3697 1034 3766 post
1050 3707 1081 3748 se
1096 3691 1162 3749 reli·

74 3793 155 3866 quit,
175 3795 260 3868 cnjus
277 3791 370 3867 gloria
387 3791 465 3867 apud
483 3793 566 3851 istius
586 3792 734 3850 doetrinae
749 3790 926 3866 professores
945 3797 974 3848 et
994 3791 1161 3866 magistros,

76 3894 119 3948 ast
137 3904 206 3947 cum
233 3903 342 3964 magno
367 3888 519 3964 splendore
542 3895 713 3966 pervagata,
729 3893 783 3947 eto.
799 3913 812 3939 a
833 3889 887 3948 llis
905 3887 1040 3946 omnibns
1060 3886 1160 3946 lectori

76 3986 206 4064 objectis,
219 3989 251 4045 in
261 3987 363 4047 divino
379 4003 529 4046 sacrorum
538 3987 698 4046 Bibliorum
709 3987 826 4046 Canone
843 3986 1016 4063 inquirendo
1032 3984 1163 4061 (llliusde

78 4088 200 4160 ceteris,
213 4101 290 4160 quae
308 4085 350 4143 ad
369 4101 430 4145 rem
445 4091 578 4145 nostram
595 4101 654 4145 non
674 4087 815 4160 attinent,
830 4083 1014 4160 opinionibus
1029 4077 1162 4158 seclusis)

107 4295 141 4356 (1)
157 4297 299 4347 1111111111.
312 4297 343 4347 de
360 4298 457 4360 Origen.
469 4298 597 4349 111111-
608 4296 642 4360 (2)
663 4296 752 4348 euseb.
765 4298 830 4348 toci.
845 4296 901 4347 hist.
913 4295 956 4346 lib.
969 4297 1011 4344 vl.
