3022 5178
537 369 717 418 -203--

15 553 16 560 ¹
95 479 149 534 sive
164 473 409 534 Machabaeorum
426 473 532 549 libros,
547 478 597 550 qui
612 482 744 534 auctores
765 479 952 552 seripserunt,
969 481 1088 536 minime
1102 495 1170 536 con-

14 563 16 586 *
95 579 154 632 stat.
171 597 183 622 v
200 571 238 632 Et
261 571 433 647 posthabitis
451 570 533 630 libris
554 576 624 632 novi
643 572 789 648 foederis,
813 576 855 632 sic
883 574 1000 634 conficit
1022 575 1167 642 Isidorus:

96 670 154 730 alli
170 676 240 728 sunt
253 671 407 746 scriptores
419 685 569 728 sacrorum
579 670 721 730 librorum
732 671 834 729 divina
848 674 1037 748 inspiratione
1055 673 1172 748 loqueu-

94 778 131 829 tes
145 770 181 829 ad
201 769 394 830 eruditionem
405 775 537 828 nostram
547 777 701 847 praecepta
712 771 847 830 coelestia
864 773 894 829 in
909 771 1038 830 Ecclesia
1051 772 1167 848 dispen-

14 895 18 930 v
93 876 193 928 mutes.
219 868 332 927 Auctor
362 873 458 926 autem
486 867 653 926 earumdem
670 867 886 944 Scripturarum
905 870 1029 944 Spiritus
1048 870 1171 929 Sanctus

14 973 20 1028 'r
91 983 146 1026 esse
163 967 302 1026 creditur.
324 967 390 1041 Ipse
403 969 482 1024 enim
502 967 634 1042 scripsit,
649 969 701 1043 qui
718 984 769 1042 per
783 967 943 1044 Prophetas
958 985 1026 1026 suos
1040 969 1167 1027 scriben-

90 1065 124 1124 da
137 1064 269 1122 dictavit.
287 1088 298 1114 n
318 1062 398 1122 Alibi
417 1063 551 1122 eumdem
570 1063 718 1122 Cononem
739 1064 900 1123 Bibliorum
920 1068 1094 1127 memoravit
1119 1066 1163 1124 di·

14 1189 20 1227 ,
94 1179 143 1222 vus
174 1163 338 1238 episcopus.
368 1161 447 1220 Haec
473 1164 572 1220 omnia
590 1179 661 1221 vero
679 1163 716 1220 ab
742 1162 842 1221 eodem
862 1163 985 1238 probata
1002 1171 1088 1237 sunt,
1107 1169 1170 1222 tum

92 1276 152 1318 cum
171 1261 281 1336 scripta
304 1274 358 1318 sua
376 1259 513 1334 plurimis
530 1262 704 1319 testimoniis
725 1276 741 1318 e
761 1259 918 1336 Scripturis
936 1261 1169 1320 Beatam-Cano-

14 1433 15 1441 *
92 1359 158 1416 ulcis
180 1359 299 1434 petitis,
320 1362 420 1432 utpote
433 1357 535 1416 divina
547 1360 718 1417 auctoritate
731 1358 906 1433 pollentibus
926 1358 1169 1418 disseminaverit.

15 1511 23 1522 „
92 1454 236 1515 Praeterea
255 1461 360 1514 notatu
380 1455 503 1531 dignum
517 1461 579 1531 est,
601 1456 747 1532 quomodo
768 1455 870 1514 doctor
888 1457 1051 1516 Bibliorum
1065 1457 1170 1516 Deute-

94 1569 182 1612 mmm
199 1551 386 1611 divinitatem
400 1569 493 1628 aequo
509 1553 653 1630 adstruit,
671 1556 806 1629 quamvis
827 1555 865 1613 de
881 1555 928 1614 his
948 1554 1030 1613 libris
1049 1555 1169 1631 judaeo

93 1667 150 1710 rum
168 1653 333 1712 doctrinam
354 1653 428 1712 bene
457 1661 597 1729 noverat,
618 1657 782 1730 quinimmo
806 1654 855 1712 hic
881 1671 952 1714 suus
970 1655 1006 1713 de
1028 1655 1170 1713 librorum

93 1757 212 1810 veterum
229 1750 350 1810 Canone
366 1751 560 1810 ratiocinandi
583 1752 705 1828 modus,
727 1756 854 1828 primum
874 1753 984 1812 scilicet
1004 1753 1113 1812 Esdrae
1129 1752 1170 1810 di-

14 1874 26 1917 ῃ
92 1850 183 1908 vinum
202 1847 419 1924 scripturarum
436 1865 555 1908 censum
573 1850 752 1926 discernens,
767 1851 871 1910 deinde
891 1851 963 1910 alios
979 1851 1069 1908 libros
1086 1857 1170 1909 extra

14 1959 24 1972 ‘¹
94 1943 162 2005 hunc
178 1946 347 2022 Cononem,
367 1947 404 2018 ab
417 1948 557 2033 ,Ecclesia
576 1949 684 2008 Christi
710 1966 780 2007 vero
802 1955 949 2024 receptos,
971 1951 1073 2007 ceteris
1091 1949 1167 2006 divi-

22 2062 23 2066 *
94 2045 187 2119 mtate,
207 2052 237 2104 et
257 2047 433 2124 auctoritate
452 2063 536 2121 pares
556 2063 749 2122 nuncupans,
770 2046 906 2121 prodesse
920 2049 1028 2122 poterit
1045 2047 1083 2104 ad
1102 2046 1169 2105 illas

95 2147 195 2202 nostras
213 2147 327 2218 priores
343 2145 561 2213 observationes
578 2144 758 2218 firmandas,
774 2161 849 2219 quae
862 2147 940 2202 circa
958 2143 1105 2220 origenis,
1119 2143 1171 2207 Hi·

14 2257 24 2268 v
94 2237 162 2316 larii,
182 2247 211 2300 et
226 2235 425 2328 quorumdam
446 2259 616 2322 graecorum
636 2249 752 2317 patrum
775 2243 935 2300 sententias
957 2241 1168 2316 versabantur,

95 2337 201 2412 inques
222 2347 340 2415 praeter
360 2329 569 2422 heterodoxos,
590 2341 641 2398 alii
651 2355 768 2416 quoque
786 2335 983 2398 offenderunt.

128 2434 151 2509 S.
173 2437 223 2496 Vl.
244 2431 381 2498 Annam
401 2441 540 2498 cretensis
560 2441 712 2513 episcopus
729 2437 823 2496 multa
836 2443 865 2497 et
878 2438 954 2496 varii
971 2439 1084 2513 generis
1099 2440 1170 2495 scri·

14 2565 28 2609 ,t
97 2535 153 2605 psit.
176 2536 204 2594 ls
226 2553 242 2594 e
270 2538 389 2596 civitate
411 2535 586 2596 damascena
611 2542 709 2594 ortum
729 2537 833 2611 duxit,
856 2541 885 2594 et
905 2551 1005 2594 sacras
1023 2535 1170 2594 litterasu

96 2627 234 2693 Theodoro
246 2634 417 2711 patriarcha
430 2634 688 2711 hierosolymitano
703 2634 822 2692 edoctus
839 2633 906 2707 fuit,
919 2638 952 2690 ut
970 2633 1105 2692 nonnulli
1120 2650 1170 2692 au-

96 2731 197 2790 tumant
213 2735 335 2792 meante
352 2734 468 2792 saeculo
486 2735 618 2807 septimo.
640 2733 743 2806 Quivis
758 2747 907 2792 sermones
925 2748 994 2792 suus
1012 2734 1170 2808 investiga·

20 2851 27 2898 t
98 2829 176 2905 verit,
197 2829 316 2890 iacilius
344 2831 439 2890 Biblia
457 2830 745 2890 Demere-Canonica
764 2833 795 2888 in
813 2830 931 2889 illorum
959 2830 1171 2905 comprobatio-

18 2949 20 2958 >
95 2937 152 2982 uem
166 2942 249 3003 saepe
266 2929 426 3004 appellasse
444 2931 622 3005 cognoverit.
647 2927 785 2987 Sermone
810 2931 842 2986 in
862 2928 1036 3004 Apostolum
1068 2929 1167 2988 Titum

14 3087 17 3100 ,
96 3019 185 3082 ludim
200 3028 293 3086 verba
302 3027 340 3102 (1)
349 3029 564 3103 pronunciavit:
584 3027 684 3100 «Quod
698 3031 723 3086 si
737 3029 825 3085 etiam
835 3027 933 3088 vibrat
946 3043 1040 3104 arma,
1052 3027 1168 3103 gladius

15 3107 16 3114 ἵ
99 3121 203 3193 quidem
217 3125 360 3201 pervadet
379 3141 429 3184 cor
444 3129 524 3201 ejus,
540 3141 625 3184 arcus
646 3131 743 3183 autem
757 3126 788 3182 in
803 3129 865 3200 ejus
885 3142 973 3186 manu
988 3134 1168 3187 conteretur:

17 3269 20 3279 ,
98 3220 170 3284 Αὐτός
187 3224 237 3296 γάρ
251 3221 350 3300 Κύριος
365 3224 511 3296 πολεμήσει
530 3224 594 3294 ὖπέρ
609 3223 679 3294 duda
695 3227 735 3300 ,i.
752 3241 778 3282 θ.
795 3225 860 3297 Ipse
871 3226 947 3282 enim
959 3224 1101 3283 Dominus
1115 3241 1169 3299 pll-

14 3341 15 3348 ¹
99 3317 247 3396 gnabitpro
260 3322 354 3382 nobis.
366 3348 378 3374 >2
391 3323 427 3382 In
437 3339 570 3382 sermone
578 3323 615 3382 de
624 3322 802 3382 exaltatione
811 3329 929 3382 sanctae
940 3321 1040 3382 Crucis
1052 3321 1170 3400 symbo-

20 3435 22 3444 ’
99 3411 146 3472 lice
157 3416 316 3497 descriptae
333 3423 365 3478 iu
384 3423 476 3480 veteri
496 3427 680 3497 testamento,
701 3423 776 3481 inter
794 3422 852 3480 alia
865 3421 1001 3499 symbola
1017 3420 1122 3479 extulit
1136 3419 1170 3478 il-

101 3513 145 3576 lud
161 3523 288 3596 ejusdam
305 3519 407 3580 Judith
425 3527 454 3579 et
474 3519 604 3580 Danielis
627 3537 695 3581 cum
723 3521 861 3582 llabacue
887 3523 919 3578 in
942 3520 1009 3578 lecu
1029 3519 1169 3595 leonum,

100 3616 190 3678 scribit
199 3624 292 3680 euim:
315 3647 327 3671 «
341 3621 476 3681 Elevavit
484 3619 642 3697 aliquando
651 3620 838 3680 celeberrima
851 3620 903 3678 illa
911 3617 1014 3677 iudith
1024 3619 1172 3676 acinacem

16 3794 20 3802 ,
100 3711 127 3769 in
139 3715 327 3795 holophernis
340 3719 510 3779 dormientis
524 3726 623 3795 caput,
634 3721 729 3778 crucis
740 3717 941 3794 praefigurans
950 3717 1168 3790 exaltationem3

103 3812 270 3894 mutemque
286 3818 387 3877 Israeli
407 3820 528 3893 peperit.
544 3817 678 3876 Elevavit
692 3816 849 3892 aliquando
861 3817 893 3874 in
907 3815 972 3873 lacu
986 3814 1103 3872 leonum
1113 3811 1171 3870 Da·

18 3983 20 3992 ¹
102 3909 152 3968 niel
168 3929 267 3974 vocem
297 3917 335 3974 ad
355 3916 549 3991 altissimum,
577 3915 678 3974 Crucis
700 3915 907 3973 exaltationem
931 3912 1169 3987 praedelineans,

20 4016 23 4025 '
102 4011 207 4078 llaudo
224 4015 380 4089 prandium
400 4015 545 4092 Propheta
562 4011 722 4073 Habacuch
746 4011 864 4086 attulit,
883 4014 914 4068 in
932 4015 1079 4068 momento
1096 4015 1169 4067 tem·

14 4123 15 4128 ’
102 4108 276 4191 redemptis
296 4121 350 4174 est.
362 4140 374 4164 »
392 4112 530 4173 Sermone
545 4114 640 4188 primo
658 4113 688 4170 in
705 4109 918 4174 dormitiones.
939 4109 1061 4183 Mariae,
1077 4107 1171 4181 inquit

129 4301 159 4360 (¹)
168 4305 250 4360 ludith
261 4323 282 4360 c.
295 4313 325 4358 V.
