2964 5174
768 410 809 420 ...
830 385 867 436 92
888 409 928 420 .-

307 497 390 574 plum
403 496 473 556 dore
485 495 521 554 de
534 493 683 570 Scriptura
696 494 769 570 justl
784 497 902 568 paetum
915 490 1088 569 frangentis,
1104 496 1138 550 ut
1150 491 1303 551 ostendam
1320 505 1389 568 quo·

308 597 397 656 modo
414 596 463 655 ille
478 611 578 670 reapse
599 594 876 670 praevaricationem
887 593 1047 652 invocavit.
1067 589 1170 649 Juditlr
1181 589 1300 648 foedera
1322 605 1389 648 san·

308 697 419 753 eiverat
430 711 496 753 eum
508 691 744 768 Holopheme,(1)
756 697 841 750 uttot
854 691 956 749 diebus
967 693 1066 748 exiens
1077 688 1389 764 deprecareturDeum,

308 797 415 867 etpost
430 791 483 850 has
500 791 561 848 dies
575 791 761 864 semetipsam
773 789 900 847 traderet
911 787 1001 846 cubili
1012 787 1200 862 Holopherni.
1212 787 1293 844 Haec
1305 791 1392 860 pacta

308 888 507 966 Holophemes
528 888 663 962 admisit3
678 888 790 946 dimisit
806 885 908 944 ludilh
924 885 962 944 od
979 884 1157 960 precandum
1173 889 1258 943 extra
1279 888 1388 942 cestra.

306 985 384 1059 Quid
404 985 570 1044 faciendum
584 991 646 1044 erat
664 985 787 1043 tuum?
807 981 897 1042 Pacta
908 999 1025 1042 servare
1041 999 1094 1058 ue,
1114 982 1159 1040 vel
1170 982 1390 1059 praevaricari?

307 1083 342 1141 ln
355 1082 487 1142 confesso
501 1089 546 1142 est
559 1085 629 1158 quia
641 1081 950 1156 praevaricaritPacta
961 1082 1117 1138 enimcum
1130 1079 1318 1154 Holophemc
1330 1081 1392 1137 vio·

309 1180 389 1256 lare,
410 1181 528 1240 beatum
542 1187 605 1239 erat
621 1180 701 1255 apud
718 1179 823 1239 Deum
838 1205 851 1230 o
867 1179 903 1237 Iu
918 1178 1096 1236 Hieremiam
1113 1181 1223 1253 pariter
1234 1193 1273 1236 ex
1288 1177 1391 1236 codem

308 1278 382 1336 libl't)
397 1283 504 1338 Sumit:
524 1277 581 1340 «ἦν
599 1281 640 1332 δεῖ
649 1275 796 1350 ’τέμνεσθαι
824 1280 892 1332 κατὰ
907 1279 938 1332 τό
955 1313 963 1340 ,
988 1275 1205 1350 συντριβήσονται
1224 1275 1314 1346 πέτραι
1335 1273 1393 1328 ἕνθ’·

307 1401 364 1434 mo
386 1379 491 1451 κυρίου,
513 1381 534 1436 i.
550 1395 576 1437 e.
592 1379 673 1452 Quae
688 1379 726 1454 (tl
742 1381 918 1440 conterenda
931 1387 991 1456 est,
1001 1385 1089 1456 juxta
1101 1377 1191 1436 illud:
1211 1407 1224 1420 ·
1237 1375 1394 1435 Conteren-

306 1487 356 1538 tur
377 1483 476 1555 petrae
489 1494 508 1536 a
520 1477 595 1536 faeie
607 1477 735 1536 Domini.
751 1501 763 1528 a
780 1479 816 1536 In
833 1478 955 1537 loannis
968 1476 1160 1553 Evangelium
1178 1491 1265 1550 super
1279 1491 1314 1533 ea
1326 1491 1393 1533 ver-

306 1577 363 1635 ba:
383 1601 395 1626 n
410 1575 495 1648 Quod
510 1575 621 1634 foetum
635 1583 695 1651 est,
710 1579 742 1633 in
755 1578 818 1650 ipso
828 1579 891 1635 vita
904 1582 983 1635 erat.
996 1620 1003 1633 .
1015 1619 1043 1634 .,
1061 1575 1099 1628 ἔτι
1119 1576 1144 1628 δὲ
1165 1575 1209 1628 καὶ
1225 1573 1300 1632 ἡλίου
1316 1573 1394 1634 esdr,

308 1675 352 1728 καὶ
373 1676 405 1736 ὥς
425 1678 502 1747 φήσιν
525 1673 613 1728 leudi&
631 1713 639 1736 ,
662 1678 708 1728 τοῦ
721 1675 818 1746 πατρός
836 1673 918 1736 odnie
933 1675 1048 1746 Συμεών,
1065 1675 1110 1728 καὶ
1129 1674 1195 1736 Dede
1213 1671 1395 1744 τῶνἜβραίων

308 1770 329 1826 i.
346 1784 372 1825 e.
389 1765 494 1824 Adhuc
505 1771 536 1824 et
549 1765 619 1824 solis
632 1765 728 1840 Deus,
743 1772 772 1824 et
784 1767 859 1824 sieut
872 1765 943 1824 dicit
956 1765 1076 1840 Judith,
1087 1768 1179 1840 patris
1191 1767 1238 1823 sui
1250 1764 1392 1841 Symeon,

309 1871 339 1924 et
362 1865 553 1923 hebraeorum
565 1863 653 1921 Deus.
668 1887 681 1912 υ
699 1863 744 1921 Ex
757 1863 859 1921 eodem
871 1863 1031 1940 Evangelio
1046 1866 1251 1938 interpretatus
1267 1863 1392 1922 dietum:

313 1989 327 2013 a
339 1962 408 2022 Sine
419 1965 483 2038 ipso
494 1961 605 2020 foetum
617 1967 661 2020 est
673 1960 748 2018 nihil
759 2004 768 2035 ,
779 1967 809 2019 et
824 1963 923 2020 omnia
935 1978 987 2036 per
1010 1963 1106 2036 ipsum
1119 1961 1198 2019 laeta
1212 1967 1305 2019 sunt»
1323 1960 1394 2030 sula

304 2062 424 2137 jungit:
444 2085 456 2109 a
471 2060 509 2118 Et
526 2059 700 2117 adnotamus
717 2075 790 2116 num
807 2058 992 2133 eSeripturis
1007 2061 1120 2134 possint
1127 2058 1200 2116 haee
1213 2060 1396 2116 accuratissi-

309 2175 357 2217 me
369 2157 493 2216 ostendi.
509 2181 521 2205 υ
538 2156 649 2214 Deinde
662 2156 746 2214 Pauli
755 2155 887 2231 Apostoli
902 2156 940 2215 ad
955 2173 1091 2215 mmauos
1105 2158 1304 2214 testimonium
1316 2172 1396 2214 eom·

308 2257 413 2332 pellat3
434 2261 550 2331 postea:
569 2257 607 2330 (3)
626 2255 731 2306 «Ἀλλά
748 2256 792 2307 καὶ
810 2255 823 2308 o'
840 2258 1021 2326 Μαρδοχαῖος,
1035 2253 1059 2305 ἓν
1073 2259 1105 2328 ej
1118 2253 1393 2325 κατάἚβδομήκοντα

304 2354 414 2426 Ἐσθῆρ,
432 2355 469 2425 μή
489 2354 565 2415 ὅντὰς
581 2355 640 2416 τούς
661 2353 773 2426 ἑχὸρςύς
793 2357 839 2408 τοῦ
851 2356 961 2427 Ἰσραήλ
980 2359 1056 2409 καλεῖ
1072 2357 1170 2425 λέγων
1189 2356 1255 2425 “μη“
1275 2357 1395 2425 παραδῶς

308 2449 337 2500 re'
357 2447 483 2516 σκῆπτρόν
500 2447 630 2518 σουΚιῖριε
649 2449 704 2508 τοῖς
717 2448 757 2517 μή
775 2444 848 2500 οὖσιν
862 2489 869 2512 ,
890 2451 910 2506 i.
924 2465 950 2507 e.
966 2448 1023 2506 Sed
1035 2447 1247 2506 Mardochaeus
1260 2449 1351 2504 etiam
1364 2447 1396 2503 in

308 2547 386 2606 libro
412 2547 517 2606 Esther
535 2551 623 2623 juxta
650 2547 856 2624 Septuaginta,
878 2564 937 2606 nou
960 2551 1137 2622 existentes,
1155 2548 1288 2603 iniurieos
1304 2545 1395 2603 lsrael

309 2651 397 2704 vocat
415 2645 531 2703 dicens:
551 2672 564 2695 a
578 2647 622 2704 Ne
640 2647 740 2704 tradas
760 2653 905 2722 mcum
922 2653 1006 2706 tuum
1019 2689 1030 2722 ,
1044 2646 1185 2720 Domine,
1204 2643 1251 2702 his
1266 2645 1318 2719 qui
1335 2658 1394 2700 non

312 2749 392 2800 sunt,
407 2767 420 2791 ι

353 2841 387 2899 In
415 2841 544 2916 Epistola
571 2841 611 2902 ad
628 2857 764 2900 romanos
784 2841 859 2900 libro
884 2844 1043 2917 1v.tnquit
1068 2840 1209 2917 Origenes
1232 2863 1246 2888 «
1270 2838 1324 2897 Vis
1343 2853 1393 2896 au

310 2945 370 2996 tem
389 2945 419 2997 et
435 2954 472 2996 en
500 2941 592 2998 veteri
607 2938 765 3016 Scriptura¹
775 2939 924 3015 perdoceri
941 2983 951 3014 ,
972 2938 1051 3016 quod
1069 2938 1148 2996 filius
1175 2939 1241 3012 quis
1270 2937 1394 3010 dieitur,

311 3052 371 3093 non
384 3041 500 3095 tautum
520 3041 599 3112 ejus,
617 3036 654 3096 de
671 3040 754 3113 eujus
771 3039 882 3096 carnali
897 3040 1007 3096 semine
1022 3036 1186 3111 descendit,
1204 3035 1257 3094 sed
1273 3041 1303 3092 et
1320 3038 1395 3110 ejus,

310 3137 394 3208 eujus
413 3141 495 3193 aetus
522 3137 653 3194 imitatur
676 3141 705 3193 et
724 3137 834 3210 opero?
862 3135 940 3193 Audi
958 3134 1082 3209 Daniel,
1107 3134 1145 3208 (4)
1171 3133 1243 3209 quid
1260 3131 1341 3190 dieat
1358 3131 1396 3190 ad

308 3245 402 3289 uuum
416 3248 454 3290 ex
471 3232 531 3291 illis
549 3233 731 3309 senioribus,
750 3249 823 3309 quos
843 3235 941 3310 arguit
960 3233 1112 3291 adulterii:
1124 3230 1260 3304 ·Semen,
1277 3231 1395 3305 inqrrit,

308 3327 449 3386 chanaan
463 3335 492 3387 et
505 3346 564 3387 uon
584 3329 679 3406 luda,
699 3333 808 3405 speeies
821 3331 937 3389 seduxit
953 3336 1003 3405 te,
1022 3337 1051 3388 et
1069 3329 1302 3404 concupiscentie
1317 3343 1397 3387 ever·

309 3429 346 3484 tit
363 3443 413 3484 cor
427 3435 524 3486 tuum.
541 3454 554 3477 ι»
571 3429 785 3488 Commentario
803 3433 836 3488 in
848 3429 993 3488 loannem
1011 3435 1092 3487 teum
1107 3445 1226 3485 xxvnr.
1248 3443 1286 3484 ex
1305 3427 1396 3501 ipsius

309 3522 432 3583 historia
451 3526 605 3584 exhibent:
624 3552 636 3576 c
650 3529 694 3580 καὶ
719 3529 752 3580 τὰ
772 3531 828 3599 περὶ
852 3530 898 3589 τίς
913 3525 1048 3580 Σουσάννα
1069 3531 1114 3579 ror*
1137 3527 1180 3578 τὼ
1200 3523 1326 3596 elemptim
1349 3523 1392 3578 τόν

310 3621 446 3694 operere?
466 3626 492 3675 δέ
510 3625 641 3678 κλαίουσα
655 3625 800 3694 οἶνέέλεψεν
814 3627 852 3689 εἷς
866 3629 910 3681 ro'r
930 3627 1036 3700 οὐρανόν
1055 3622 1094 3680 ὅτι
1111 3623 1141 3684 ἦν
1163 3625 1180 3683 ἦ
1200 3625 1292 3696 καρδία
1314 3622 1397 3687 uirile

312 3712 445 3768 τετοιὸῡα
458 3715 501 3769 ἐπὶ
521 3717 606 3786 κυρίῳ,
621 3721 643 3775 i.
658 3735 685 3776 e.
701 3719 738 3777 Et
751 3735 827 3795 quae
839 3719 876 3778 de
889 3719 1036 3795 suanno,
1050 3717 1107 3776 hoe
1121 3717 1209 3776 modo
1221 3716 1395 3791 dictasunt,

311 3815 375 3886 ipso
390 3819 488 3870 autem
501 3813 575 3874 flens
593 3820 721 3892 respexit
734 3819 765 3874 in
778 3817 911 3893 coelum,
928 3821 1068 3894 quoniam
1084 3822 1147 3875 erat
1163 3831 1215 3874 cor
1226 3817 1289 3889 ejus
1308 3813 1396 3872 fisum

311 3912 344 3968 in
363 3910 500 3970 nomino.
515 3937 529 3964 ι
546 3914 660 3974 Rursus
678 3931 716 3974 eu
736 3915 856 3974 Daniele
876 3915 914 3975 ad
932 3913 1157 3993 significandum
1176 3913 1394 3987 differentiam,

309 4023 387 4084 quae
399 4010 478 4070 inter
492 4014 622 4070 animam
639 4019 669 4074 et
689 4029 795 4089 eorpus
809 4014 898 4090 cedit,
910 4013 949 4073 ad
966 4013 1130 4089 Scripturas
1151 4014 1251 4087 uenit,
1270 4015 1300 4070 et
1316 4027 1396 4087 prae

337 4219 584 4279 (illuminem.
597 4229 698 4272 aa·
715 4223 751 4287 (a)
767 4225 826 4274 iod.
843 4238 858 4276 e
877 4228 942 4276 m.
956 4233 994 4277 lc
1008 4233 1044 4278 ee.
1056 4251 1088 4264 -
1105 4219 1254 4288 (eluunt.
1267 4225 1333 4272 xlv.
1355 4229 1391 4272 u.

309 4323 341 4336 -
351 4299 386 4360 tt)
400 4302 511 4350 sosanna
521 4301 616 4352 mutu.
628 4315 650 4350 e.
662 4305 773 4354 xxxvi.
788 4312 825 4354 m.
