3094 5184
563 409 603 422 ..
623 385 660 436 99
681 408 723 420 .-

109 507 168 550 rum
189 490 350 569 codicibus,
371 494 422 570 qul
441 479 526 568 prlinl
547 491 714 570 husjuusmodl
732 507 851 568 poeseos
870 509 961 570 genus
979 493 1181 573 lnvenientes‚

108 593 176 650 inter
199 607 230 650 se
253 591 414 652 excoluere.
438 593 540 666 Quivis
562 591 718 652 hebraeam
740 593 869 670 linguam
893 591 1045 670 calluerit,
1067 595 1098 652 in
1112 593 1183 652 Pro-

109 689 301 749 tn-Canonicis
326 688 482 766 Scripturis
503 688 618 749 facilius
641 693 725 750 istius
749 690 937 767 parallellsmi
959 690 1037 768 leges
1056 694 1184 770 nouerit,

107 785 261 864 deindeque
283 789 315 848 in
343 787 444 848 Bibliis
474 787 607 848 Deuteris
627 795 782 866 versatus,
803 789 1024 850 similitudinem
1052 790 1182 866 ejusdem

110 883 282 964 probaverit.

148 984 222 1060 Quid
237 984 362 1064 amplius
375 979 554 1061 desideratum
567 986 598 1045 in
612 984 768 1061 Soupmrls
782 985 1090 1063 Dantem-Canonium,
1108 987 1187 1063 quod

112 1097 169 1141 non
193 1084 233 1142 sit
258 1082 353 1142 simile
374 1082 510 1142 omnibus
533 1089 563 1142 et
584 1083 707 1161 singulis
728 1082 864 1161 dotibus,
892 1100 966 1160 quas
993 1085 1187 1160 praesetudere

114 1177 204 1240 Biblia
221 1179 493 1266 Proto-Canouiea?
513 1180 678 1258 Scripturac
695 1187 807 1242 veteres
819 1181 1011 1242 hebraeorum
1024 1183 1055 1241 in
1069 1181 1186 1244 (lenone

110 1277 273 1339 divinorum
296 1280 438 1340 librarum
450 1283 576 1356 censitae
596 1297 614 1340 a
634 1279 765 1356 patribus
787 1280 977 1357 tridentinis,
998 1297 1099 1341 omncs
1124 1288 1186 1340 tam

19 1403 20 1408 1
112 1376 223 1438 Primae
242 1395 330 1455 quam
353 1378 522 1457 Secundae,
543 1396 604 1440 una
617 1381 760 1440 mosaicas
783 1379 879 1456 leges,
900 1380 1000 1439 civiles
1022 1386 1052 1440 et
1072 1379 1188 1460 religio-

19 1479 21 1490 ’
112 1493 158 1536 sas
178 1476 349 1554 proferunt3
373 1478 489 1538 eosdem
511 1476 664 1538 hebraicae
684 1480 778 1556 genus
800 1493 916 1554 mores,
937 1478 1132 1538 institutiones
1150 1480 1188 1538 el·

112 1574 175 1634 dem
196 1578 274 1653 gentl
296 1576 475 1654 peculiares3
496 1579 577 1638 viros
599 1576 739 1637 hebraeos
761 1576 879 1636 illarum
898 1575 1114 1652 scripturarum
1136 1593 1188 1636 au·

113 1680 225 1751 ctores3
246 1674 378 1753 linguam
399 1675 574 1754 hebraeam,
598 1691 650 1736 seu
676 1675 866 1752 chaldaeam,
896 1675 943 1734 vel
973 1691 1131 1753 graecula,
1157 1677 1189 1735 in

113 1787 169 1848 que
188 1770 253 1833 illos
276 1773 366 1834 llbros
389 1773 602 1851 descripserunt
624 1773 782 1850 (spectatis
805 1789 902 1833 rerum
928 1789 964 1833 ac
990 1779 1118 1834 aetatum
1144 1775 1189 1833 vi·

116 1868 213 1947 cibus)
240 1871 368 1931 indolem
389 1890 504 1954 quoque
528 1873 719 1944 hebraeorum
743 1889 778 1932 ac
803 1874 992 1948 proprietates
1016 1873 1047 1930 in
1072 1872 1189 1958 illorum

111 1967 234 2028 dictione
259 1971 435 2049 ostendunt3
462 1972 539 2032 idem
566 1973 643 2033 Deus
668 1972 809 2049 tandem,
836 1972 913 2031 idem
940 1971 1059 2048 cultus,
1085 1969 1189 2029 eadem

113 2067 179 2128 linis
202 2069 311 2148 ubique
328 2072 433 2132 harum
451 2071 665 2148 Scriptnuarum
682 2071 858 2148 praelucent.
879 2069 956 2144 Quid
970 2072 1087 2144 insuper
1106 2067 1190 2128 vobis

113 2168 151 2228 ab
169 2167 299 2230 Ecclesia
320 2170 454 2231 Romana
469 2171 571 2230 alienis
591 2170 803 2247 expectandum
818 2175 882 2246 est,
904 2173 937 2228 ut
952 2167 1046 2226 Biblia
1063 2166 1190 2226 Deutera

114 2282 181 2328 eum
200 2267 349 2330 Prioribus
367 2273 511 2348 jungatis,
525 2276 612 2346 atque
631 2271 663 2328 in
681 2285 741 2328 uno
760 2267 878 2328 Canone
895 2267 1054 2344 censeatis,
1071 2266 1115 2326 utl
1124 2268 1191 2341 jure

113 2367 197 2428 docet
221 2372 252 2428 et
272 2367 344 2430 facit
364 2369 494 2430 Ecclesia
517 2366 691 2430 Catholical
