3094 5176
111 471 235 548 gyptum
252 481 324 528 sane
341 467 430 528 attam
447 463 578 528 coloniae
601 470 671 528 sunt
690 469 753 544 ejus
771 467 866 542 gentis
894 465 969 529 idest
987 465 1190 544 judaeorum,

110 569 140 626 et
155 563 245 626 habet
261 564 478 643 urbnmcham,
498 566 628 642 quisuae
646 566 740 644 gentle
754 581 800 626 res
814 563 1016 642 administret,
1030 571 1059 628 et
1073 571 1189 630 cantro·

110 665 222 726 versiae
236 667 305 742 iure
326 663 463 742 (tiamsi,
485 670 515 724 et
531 670 618 740 pacta
634 669 700 724 rata
715 663 823 726 habeat
839 679 899 724 nou
918 664 1027 741 aliter,
1050 681 1139 742 mam
1158 664 1195 729 lit

111 761 143 824 ln
161 759 296 824 absoluto
311 762 497 839 republica.»
527 761 592 822 lice
610 762 716 824 asnut
739 761 880 840 Origenes
900 777 1016 840 quoque
1034 766 1065 822 iu
1085 763 1194 826 utteris

112 860 151 922 ed
169 859 343 922 Africanum
367 859 405 920 de
421 860 478 920 bac
493 857 645 920 susannae
661 859 804 922 historia:
829 859 935 922 «Nihil
951 861 1124 937 insolitum,
1151 863 1194 924 att

112 957 273 1036 emidisse3
297 959 413 1036 magnis
442 957 577 1038 gentibus
597 957 761 1020 subactisa
782 974 869 1038 rege,
890 973 1063 1020 concessum
1083 959 1141 1020 fuit
1160 968 1194 1022 ut

111 1057 173 1118 suls
190 1055 303 1134 legibus
326 1062 356 1116 et
372 1055 492 1132 judiciis
512 1061 633 1118 utentur
656 1059 775 1135 captivi.
792 1056 875 1120 Certe
887 1075 967 1120 nunc
989 1059 1190 1136 cnmjudael,

111 1158 241 1216 romanis
252 1154 461 1232 unperanubas
475 1155 648 1218 didrachma
663 1157 813 1234 pendunt,
835 1163 994 1236 mianum,
1014 1157 1191 1218 concedente

110 1237 250 1332 Caesare,
270 1257 302 1314 ln
321 1257 400 1332 ipsos
413 1257 614 1316 auctoritatem
627 1254 734 1316 lrabeat
752 1255 933 1333 mhnarcha,
952 1260 987 1316 ut
1009 1255 1052 1316 nil
1071 1255 1193 1319 dlflmat

112 1349 150 1414 ab
168 1369 223 1430 eo,
243 1355 295 1432 qul
314 1369 438 1432 regnum
459 1352 602 1416 obtineret
618 1356 651 1414 in
670 1361 775 1436 gente;
800 1357 932 1434 scimus,
951 1357 1001 1432 qui
1020 1370 1121 1416 sumus
1139 1372 1190 1416 ea·

112 1453 199 1528 perti.
224 1451 315 1512 Fiunt
334 1454 413 1512 enim
426 1451 539 1532 judicia
561 1450 703 1530 latenter,
729 1460 759 1514 et
781 1454 916 1516 nonnulli
935 1459 1028 1516 morte
1046 1453 1190 1514 damnan-

5 1633 6 1642 ἵ
112 1555 184 1629 tur;
205 1549 292 1628 idque
314 1553 347 1610 ln
371 1553 489 1632 regione
511 1554 606 1630 gentis
628 1551 717 1632 longo
736 1559 865 1630 tempore
887 1555 1060 1614 commorati
1085 1552 1189 1616 didici-

112 1663 201 1726 mus,
222 1655 252 1710 et
275 1666 328 1727 pro
348 1657 427 1712 certo
447 1653 649 1729 accepimus.»

5 1793 7 1830 p
152 1745 306 1826 Tandem,
326 1750 384 1810 nisi
403 1749 522 1810 hebraei
536 1753 644 1830 cuptivi
666 1753 699 1810 in
716 1750 840 1828 Assyria
855 1743 994 1810 facultate
1006 1748 1130 1826 praediti
1145 1765 1192 1810 res

5 1835 6 1844 ’
112 1861 183 1908 suas
198 1846 442 1925 administrandi,
456 1847 570 1928 legibus
583 1849 644 1910 auls
658 1849 760 1910 utendi
772 1891 782 1926 ,
803 1849 960 1910 familiaria
973 1850 1089 1924 negotia
1102 1847 1194 1909 libere

112 1944 332 2024 pemacnndi,
354 1946 500 2024 fuissem,
524 1949 568 2008 uti
581 1950 736 2024 exponitur
756 1949 789 2008 in
810 1947 932 2008 historia
949 1947 1121 2023 Susannae,
1144 1963 1191 2008 ar-

115 2043 209 2106 duum
228 2043 313 2104 valde
334 2044 407 2104 mihi
430 2045 546 2106 videtur
567 2045 710 2124 plurimos
730 2044 869 2106 bebraem
890 2047 1033 2106 mansmse
1052 2047 1084 2104 iu
1098 2047 1192 2122 regio·

112 2141 200 2210 nibus
221 2144 402 2220 assyriorum
421 2149 451 2204 et
472 2143 643 2222 medorum,
660 2159 728 2206 cum
751 2142 845 2222 Cyrus
866 2159 918 2206 rex
939 2159 1088 2219 persarum
1111 2148 1192 2218 pote-

4 2309 7 2346 }
112 2248 220 2302 statem
240 2241 342 2302 lecerit
359 2241 495 2303 omnibus
512 2242 629 2320 judaeis
654 2245 767 2303 intuto
787 2258 878 2322 regno
910 2259 988 2319 suo,
1018 2242 1193 2304 ascendendi

113 2339 298 2400 Hierusalem
319 2339 377 2418 (ile
404 2340 504 2416 «Quis
522 2357 560 2400 ex
574 2340 658 2401 vobis
676 2346 742 2418 est,
762 2343 824 2418 ait,
845 2343 878 2400 ln
891 2344 971 2402 omni
985 2340 1093 2418 populo
1106 2343 1193 2420 ejusl

112 2437 159 2500 Sit
183 2437 326 2500 Dominus
346 2437 424 2500 Deus
455 2454 526 2500 suus
549 2455 618 2498 cum
645 2454 701 2516 eo,
725 2444 755 2500 et
772 2439 949 2503 escendat.»
979 2439 1118 2500 Attamen
1139 2455 1194 2504 noo

3 2613 4 2616 Ἴ
113 2543 213 2616 apeme
239 2539 376 2598 novimus
403 2535 544 2615 plurbnos
564 2536 655 2598 insse
675 2553 713 2600 aa
734 2537 871 2598 omnibus
899 2535 1034 2600 tribubus
1065 2537 1193 2601 illiorum

3 2629 5 2650 '
112 2635 225 2713 lsrael,
246 2638 298 2714 qui
318 2639 349 2697 in
370 2633 494 2714 Assyria
514 2637 622 2700 morati
639 2641 729 2714 suut,
748 2641 778 2698 et
797 2651 889 2714 usque
907 2637 994 2698 modo
1007 2653 1057 2700 aas
1074 2639 1193 2714 provin·

111 2735 174 2794 clas
188 2734 298 2794 colunt.
313 2733 458 2795 Indicium
476 2734 532 2794 boc
549 2736 620 2794 sads
634 2739 737 2812 putens
749 2739 810 2811 est,
824 2733 965 2796 bdtraeos
978 2737 1010 2796 iu
1024 2737 1194 2812 captivitate

111 2834 248 2910 suijuris
267 2833 376 2910 luisse,
402 2839 490 2912 atque
505 2833 570 2894 fleri
588 2835 736 2912 potuisse,
758 2850 808 2894 eos
821 2833 877 2896 sub
890 2833 1024 2912 dynuatls
1046 2833 1193 2896 chaldaeis

3 2919 4 2940 ³
112 2933 146 2990 in
167 2929 331 2992 Susannam
353 2935 446 3010 egisse
464 2935 553 3010 juxta
571 2934 700 2995 mosaica
717 2933 862 2993 instituta.

154 3029 182 3108 S.
206 3029 244 3092 V.
266 3029 332 3088 Non
352 3029 426 3090 levis
445 3029 628 3106 difficultas,
650 3045 725 3108 quae
744 3033 936 3108 interpretum
955 3037 1019 3092 tum
1039 3038 1193 3109 veterum,

112 3133 179 3190 tum
201 3128 395 3188 recentiorum
415 3133 542 3188 menime
562 3125 755 3206 defatigarit,
777 3135 909 3204 superest
928 3128 1066 3190 diluenda
1085 3131 1117 3189 ln
1137 3129 1195 3192 hac

113 3228 249 3290 historia.
270 3227 308 3288 Et
327 3225 401 3288 haec
421 3229 544 3288 vertitur
564 3228 597 3284 in
616 3225 768 3286 vocabulis
795 3225 933 3286 arborum
957 3233 1052 3302 axina
1078 3226 1194 3290 retinas

112 3333 145 3388 et
158 3328 245 3408 apim
261 3328 387 3404 pmcne,
408 3324 463 3386 sub
477 3324 602 3402 paribus,
616 3323 779 3402 presbyteri
787 3323 1008 3384 obtestabantur
1021 3324 1130 3386 vidisse
1142 3324 1195 3386 Su·

113 3441 241 3488 mnam
255 3441 324 3486 cum
343 3423 492 3501 adultero,
522 3439 597 3502 qaae
617 3422 726 3501 verba,
753 3439 821 3484 cum
840 3439 878 3484 ex
898 3425 1011 3501 origine
1030 3425 1091 3484 rint
1110 3439 1194 3502 grae-

113 3526 239 3601 canica,
260 3531 410 3586 auctorem
439 3528 574 3599 repebant
599 3523 729 3584 Danielis
754 3527 849 3584 aetate
867 3522 1036 3598 juulorem,
1061 3526 1091 3582 et
1110 3527 1195 3584 eaba

114 3623 191 3684 lines
210 3623 350 3701 Assyriae
369 3621 546 3700 dagentam3
567 3620 646 3698 quod
665 3619 784 3698 quidem
803 3619 892 3698 liujus
911 3618 1079 3697 Seripmrae
1097 3621 1194 3682 imni·

113 3727 220 3784 nueret
238 3722 452 3788 auctoritatem.

155 3819 198 3880 De
221 3818 365 3897 ejusmodi
381 3816 558 3881 &odonibus
581 3815 749 3880 conteratur
774 3818 902 3893 primum
921 3813 1056 3894 origenis
1081 3821 1196 3878 sentam

112 3920 177 3996 tia,
200 3934 290 3996 quun
310 3915 412 3978 scribit
431 3916 470 3978 ed
487 3914 678 3993 Africanum,
699 3931 792 3992 quum
812 3914 848 3976 de
865 3914 923 3975 bac
942 3929 974 3974 re
986 3915 1069 3974 illurn
1089 3929 1195 3974 consu·

115 4017 237 4094 luisset,
268 4031 343 4092 quaa
362 4016 451 4076 etlam
470 4013 557 4074 bodie
577 4013 753 4074 adversariis
782 4012 998 4090 quodnamodo
1026 4011 1193 4072 satisfacit:

118 4139 132 4166 ι
143 4113 349 4188 beivauone,
366 4112 403 4174 de
415 4122 475 4190 qua
488 4113 709 4190 pronunciasti,
723 4127 758 4172 ac
770 4113 796 4172 si
809 4116 988 4188 compertum
1002 4108 1123 4168 haberes
1136 4123 1196 4184 quo

160 4325 196 4388 (i)
213 4333 235 4376 2.
254 4325 332 4376 Parui.
345 4339 368 4376 c.
386 4326 496 4376 xxxva
515 4331 553 4376 2³⁴
