2964 5174
529 403 569 414 .-
589 379 627 436 pp
647 403 688 414 .-

74 503 109 546 aa
117 485 183 546 iidei
193 484 467 562 libertatepmrupit
477 485 588 547 dicens:
600 487 673 546 nihil
686 486 750 546 colo
758 501 824 564 ego,
832 488 1051 550 nisiDomhrum
1060 490 1152 552 Demn

72 600 181 660 meum,
198 587 251 662 qui
268 583 398 644 condidit
412 583 525 644 eoelum
542 592 572 644 et
588 591 732 644 terram.»
750 585 862 646 Ibidem
879 589 1010 663 sequitur
1026 587 1064 648 de
1087 588 1152 648 Ma·

71 681 220 742 chabaeis:
241 681 344 755 «Quid
359 683 391 740 in
410 681 598 742 Machabaeis
615 682 767 744 beatorum
791 689 956 762 martyrum
976 687 1078 761 gravia
1094 692 1154 746 tor·

72 785 187 854 menia,
210 785 239 838 et
253 778 446 838 multiformes
463 784 574 856 septem
597 779 722 840 fratrum
741 797 866 857 poenae,
884 788 915 840 et
930 783 1099 844 confortans
1119 784 1154 842 ii·

71 876 152 934 baros
165 893 237 936 suos
248 883 354 952 mater,
370 883 400 936 et
412 879 538 936 moriens
552 879 616 953 ipsa
628 892 744 954 quoque
760 894 828 936 cum
841 878 949 938 liberis.
965 905 977 930 u
992 879 1035 940 De
1049 880 1154 940 exhor-

72 977 179 1034 tatione
198 976 335 1051 martyrii
349 991 386 1034 ex
407 981 540 1034 veterum
552 974 769 1050 Scripturarum
781 977 921 1052 exemplis
940 977 1045 1052 probat
1057 994 1154 1052 prom-

71 1079 131 1146 ptos
152 1073 329 1132 christianos
351 1072 389 1131 ad
408 1072 465 1142 hoe
484 1089 516 1132 se
534 1072 675 1150 gerendos
695 1073 758 1132 fore
773 1091 810 1132 ex
829 1073 965 1150 Daniele,
987 1091 1024 1134 ex
1049 1075 1153 1152 Tabia,

72 1169 287 1230 chiachabaais
303 1177 412 1246 septem
427 1169 586 1244 trabibus,
606 1185 680 1246 quos
696 1187 748 1230 rex
765 1170 928 1231 Antiochus
942 1173 1045 1232 suillae
1057 1177 1154 1234 carnis

72 1269 205 1344 contagio
218 1268 365 1328 maculare
375 1267 544 1344 quaerebat:
557 1268 619 1327 «Ex
635 1267 681 1327 his
694 1274 817 1344 quartus
830 1272 887 1329 ait:
903 1299 916 1315 ·
930 1271 1032 1330 Potius
1052 1278 1097 1331 est
1116 1272 1155 1332 ab

74 1362 240 1422 bominibus
257 1367 344 1424 morti
364 1364 448 1424 datos
462 1371 629 1441 exspectare
642 1381 723 1442 spem
735 1365 839 1442 abeo,
849 1368 955 1426 iterum
972 1368 1154 1428 suscitandos

72 1459 107 1518 ab
119 1476 154 1518 eo
167 1463 198 1518 in
209 1463 302 1520 vitum
313 1467 470 1521 aeternam.
481 1487 494 1514 o
511 1461 661 1522 Adversus
668 1463 791 1541 judaeos
806 1463 880 1524 libro
894 1465 1021 1524 secundo
1034 1466 1073 1525 ad
1083 1467 1152 1539 Qui-

73 1559 166 1618 rinum
193 1562 367 1618 sententiam
394 1559 510 1620 Barucb
534 1567 666 1622 enarrat:
691 1562 793 1622 «Item
821 1563 900 1638 apud
924 1562 1054 1622 Baruch:
1073 1563 1155 1624 -iiic

74 1655 146 1715 bens
172 1657 292 1733 noster,
316 1663 345 1716 et
367 1673 426 1716 non
446 1658 632 1734 deputabitur
655 1660 731 1720 alins
751 1660 861 1737 absque
882 1661 951 1738 iiio;
973 1665 1024 1739 qui
1043 1663 1156 1722 invenit

74 1769 186 1812 omnem
203 1756 284 1814 viam
303 1754 491 1832 prudentiae,
505 1762 534 1816 et
547 1755 627 1816 dedit
637 1773 703 1816 eam
717 1757 809 1818 Jacob
824 1774 914 1832 puero
931 1759 1155 1834 suo,et1sruai

74 1849 175 1910 diiecto
191 1867 256 1910 suo.
274 1851 345 1912 Post
363 1852 435 1912 haec
451 1855 483 1912 in
502 1859 581 1914 terra
596 1857 679 1914 visua
702 1861 746 1914 est
765 1861 796 1914 et
814 1871 883 1914 cum
900 1855 1068 1916 hominibus
1084 1872 1154 1916 oon·

73 1955 238 2008 versatus.»
260 1949 323 2008 Hoc
339 1952 538 2015 testimonium
552 1953 628 2010 inter
641 1952 700 2010 aiia
713 1952 806 2012 muita
820 1951 931 2027 proiert
945 1959 1060 2030 martyr
1073 1954 1151 2012 eBi-

74 2043 135 2104 biiis
148 2045 296 2106 veteribus
310 2048 343 2106 in
356 2047 484 2124 udam,
499 2054 598 2124 utpote
605 2048 737 2108 divinam
749 2048 938 2124 Scripturam.
954 2049 1064 2110 Eodem
1078 2050 1155 2110 iibro

75 2141 265 2204 Ecclaaiasiici
288 2145 378 2204 verba
399 2149 589 2223 pronunciat:
608 2146 703 2204 «item
717 2146 756 2205 ad
771 2146 916 2206 eumdem:
934 2147 1022 2224 ·Ego
1044 2164 1081 2207 ex
1104 2165 1155 2218 ore

75 2242 215 2303 ditissimi
230 2245 346 2320 prodivi
364 2252 433 2306 ante
457 2262 574 2306 omnem
597 2251 770 2306 creaturam.
795 2244 858 2322 Ego
875 2248 907 2304 in
924 2247 1011 2306 coelis
1029 2245 1104 2322 ieci,
1122 2253 1157 2308 ut

75 2348 240 2417 operaretur
263 2343 362 2402 iumen
379 2343 565 2420 indeficiens,
578 2350 609 2404 et
622 2343 729 2402 nebula
748 2346 809 2402 texi
824 2359 940 2404 omnem
957 2351 1076 2404 terram
1094 2344 1157 2422 Ego

75 2441 102 2496 in
115 2439 183 2498 aitis
204 2438 353 2516 habitavi,
370 2446 400 2500 et
418 2440 541 2500 thronus
560 2457 642 2500 meus
657 2443 689 2500 in
704 2440 840 2500 columna
857 2441 978 2501 nobis.»
995 2441 1084 2502 Libro
1097 2449 1154 2502 ter·

74 2538 112 2595 iio
123 2535 250 2613 judaeos
268 2540 364 2614 arguit
381 2538 419 2598 ad
438 2555 531 2614 nuper
548 2537 698 2598 laudatum
719 2539 874 2612 Quirinum
892 2539 1021 2598 iocutus:
1042 2538 1156 2616 «Apud

73 2632 258 2694 Salomonem
273 2637 304 2692 in
324 2635 525 2708 Ecclesiastico
540 2636 597 2713 iai:
614 2636 752 2712 -Fiii‚si
771 2637 876 2712 babes,
898 2636 1019 2696 banaiae
1038 2643 1155 2716 tecum,

74 2737 100 2790 et
115 2731 177 2792 Deo
189 2731 297 2808 dignas
311 2732 470 2794 oblationes
486 2733 579 2809 offer,
593 2749 757 2794 memorare
769 2737 909 2810 quoniam
929 2751 1008 2794 mors
1023 2749 1083 2818 non
1096 2740 1157 2796 tar·

73 2828 130 2887 dat.
144 2854 159 2879 n
175 2829 251 2888 Item
270 2829 346 2888 libro
363 2830 490 2890 secundo
513 2831 549 2890 de
569 2830 717 2907 Sapientia
738 2834 793 2890 ait:
814 2832 921 2905 «Quod
940 2834 1002 2908 ipsa
1018 2828 1059 2890 sit
1072 2832 1160 2894 iesus

72 2925 225 3002 duratas,
243 2941 331 3002 quem
348 2927 449 3004 judaei
464 2931 588 2988 occisuri
605 2936 712 3006 essent3
733 2932 764 2988 in
783 2929 932 3005 Sapientia
951 2930 1129 2990 Salomonis:
1146 2961 1159 2974 -

75 3022 343 3084 Circumveniamus
355 3029 485 3102 justum,
508 3029 648 3104 qmaiam
664 3029 795 3086 insuavis
814 3028 973 3103 astaphis,
994 3034 1024 3086 et
1044 3034 1160 3093 contra-

75 3123 188 3182 riusest
203 3121 338 3198 operibus
356 3126 480 3198 nostris,
491 3130 520 3184 et
535 3124 691 3199 exprobrat
708 3124 793 3185 nobis
810 3131 929 3200 peccata
946 3125 1054 3202 legis.»
1072 3124 1159 3184 Eam-

75 3217 139 3278 denr
160 3218 342 3296 Scripturam
361 3221 515 3297 eompdiat
535 3223 721 3298 epistolarum
740 3222 815 3281 iibro
834 3229 940 3298 quarto
957 3221 996 3280 ad
1017 3219 1159 3280 Antonia·

75 3333 163 3376 num:
182 3317 222 3394 (a)
242 3342 255 3368 «ι
265 3317 341 3378 Num
359 3322 582 3395 cumscriptum
596 3322 651 3378 sit:
669 3352 681 3364 ·
695 3320 773 3378 Deus
790 3337 850 3378 non
864 3319 933 3378 iecit
949 3325 1091 3393 mortem,
1106 3335 1160 3380 nec

74 3415 235 3476 delectatur
249 3415 287 3474 de
306 3416 467 3492 perditione
486 3420 658 3478 vivorum.»
675 3417 815 3478 Nonnihil
833 3421 972 3476 momenti
990 3416 1103 3476 confert
1121 3416 1160 3478 ad

77 3513 273 3573 Ecciseiastici
283 3513 466 3576 divinitatem
476 3514 652 3596 firmandam
661 3522 877 3592 argumentum,
888 3516 955 3576 licet
965 3518 1159 3592 incongruum

76 3610 234 3686 habeatnr,
253 3611 332 3688 quod
346 3613 466 3685 Quietus
481 3629 500 3673 a
517 3613 630 3673 Baruch
649 3617 852 3690 pronunciavit
870 3616 945 3672 inter
964 3613 1036 3672 aiias
1056 3616 1163 3690 episco

77 3725 178 3782 porum
200 3711 358 3768 sententias
370 3710 407 3768 de
420 3709 572 3770 haereticis
583 3711 764 3786 baptizandis
775 3711 892 3770 dicans:
913 3711 997 3784 «Qui
1014 3709 1071 3770 ilde
1088 3713 1160 3770 vivi·

78 3823 157 3884 mus,
172 3807 294 3882 obsequi
307 3809 355 3884 iis,
370 3811 422 3883 qui
437 3809 614 3868 instruendis
630 3808 714 3868 nobis
725 3815 793 3868 ante
806 3809 955 3884 praedicta
967 3814 1047 3884 sunt,
1059 3807 1160 3870 sedula

75 3903 279 3964 observatione
298 3903 445 3966 debemus.
466 3905 542 3965 Nam
560 3908 700 3982 scriptum
718 3913 763 3964 est
778 3905 857 3981 apud
874 3905 1073 3966 Salomonem:
1092 3904 1158 3980 (ii-

79 4000 132 4072 Qui
149 4000 313 4078 baptizatur
333 4018 351 4060 a
368 4009 501 4080 mortuo,
521 4005 675 4070 etiterum
694 4007 789 4079 tangit
801 4009 965 4078 morinum,
985 4002 1056 4078 quid
1070 4000 1157 4078 proii·

106 4229 425 4290 (r)acc1.c.xxiv.s.-
443 4233 478 4296 (a)
493 4233 558 4286 aeci.
576 4231 982 4296 c.a1v.11.-·(a)npat.n.-
997 4231 1032 4294 (a)
1045 4229 1110 4280 acal.
1122 4243 1146 4280 a.

81 4309 185 4360 axam.
200 4318 238 4360 ao.
