2964 5174
479 403 519 418 -
543 383 598 433 too
620 405 660 416 -

63 501 107 554 em
118 495 326 552 innocentem.»
346 488 495 549 Adversus
510 490 676 550 Nestorium
688 490 764 549 libro
778 505 831 548 111.
857 491 991 550 eumdem
1009 492 1119 553 librum

61 596 83 650 111
94 591 275 650 testimonium
291 587 382 664 adigit
402 588 438 647 de
446 585 555 664 Spiritu
567 586 684 647 Sancto:
696 587 733 664 (1)
753 589 925 660 «Γέγραπται
948 590 974 642 δὲ
994 592 1038 645 καὶ
1054 594 1114 664 περί

60 694 94 745 τιν’
107 689 174 761 ύγίοο
188 687 333 758 πνεύματος
348 687 388 741 δτι
404 689 507 759 πνεῦμα
521 687 616 760 Κυρίου
636 688 778 758 πετλέρωκι
794 686 838 746 τήν
866 688 1036 760 οἰκουμένην,
1051 691 1071 746 i.
1087 705 1114 747 e,

60 785 180 862 Scriptum
199 793 242 846 est
256 788 344 845 etiam
359 785 396 844 de
413 784 522 862 Spiritu
542 783 672 860 Sancto,
697 787 837 860 quoniam
855 784 980 862 Spiritus
1000 786 1117 846 Domini

59 883 156 960 replevit
167 883 263 942 orbem
276 890 430 944 terrarum.
445 909 458 934 ν
474 883 509 942 In
523 882 617 942 Isaiae
630 881 683 941 lib.
700 898 738 958 1.,
754 882 835 942 Orat.
846 890 874 942 1.
890 882 992 942 Sirach
1009 884 1117 943 librum

58 981 119 1056 adit,
134 983 172 1039 sle
194 981 360 1057 praelatus:
380 981 464 1054 «Qui
479 997 550 1040 vero
570 978 658 1038 semel
686 979 859 1039 sanctificati
877 987 964 1058 sunt,
983 997 1032 1040 eos
1055 983 1118 1039 ani·

58 1094 106 1138 uas
122 1093 201 1156 suas,
222 1079 319 1156 quoad
337 1078 400 1137 ileri
420 1084 533 1154 potest,
550 1093 639 1154 puras
656 1084 686 1137 et
705 1077 833 1137 illibatas
851 1094 969 1138 servare
992 1081 1115 1155 oportet:

57 1174 291 1248 interemptricem
308 1176 354 1248 μδν
372 1178 418 1230 τού
430 1175 563 1248 λύγοντος·
586 1176 657 1248 σοῖσιν
674 1177 777 1250 φυλακῇ
788 1174 857 1248 τήρει
873 1177 922 1235 σήν
934 1175 1050 1249 καρδίαν,
1073 1179 1118 1232 καὶ

57 1267 116 1322 edlu
126 1263 139 1319 δ
141 1289 169 1322 αν
183 1270 284 1339 πιιῡμα
297 1269 342 1326 τοῦ
351 1265 555 1335 ἕξουσιύσαντος
571 1265 658 1341 οἱνοιβῇ
668 1267 712 1321 ε’πδ
736 1267 778 1330 σε’,
789 1265 864 1322 τύπον
886 1269 933 1322 σού
947 1269 985 1340 μύ
995 1267 1120 1342 deneget

58 1361 112 1433 ἴαμα
130 1361 289 1418 antandron
313 1359 444 1434 ἆμαρτιάς
468 1361 611 1434 μεγαλοις,
630 1361 651 1418 i.
678 1377 704 1419 e.
728 1360 766 1420 Εδ
786 1361 931 1420 recordari
951 1361 1047 1438 illius,
1069 1364 1120 1438 qlli

61 1456 131 1517 licit:
142 1489 154 1504 ·
166 1458 252 1517 Omni
265 1457 397 1518 custodia
412 1473 498 1518 serva
517 1474 567 1516 cor
586 1463 682 1533 tuum;
693 1464 721 1517 et
735 1474 852 1518 rursus:
864 1489 877 1502 ·
891 1457 922 1517 Si
935 1461 1054 1535 spiritus
1067 1457 1119 1518 do·

59 1558 172 1616 romanos
188 1555 351 1616 ascenderit
364 1572 451 1631 super
468 1561 515 1632 te,
535 1557 632 1614 locum
648 1562 732 1615 tuum
748 1573 785 1614 ne
804 1556 972 1632 relinquas,
988 1559 1058 1633 quia
1073 1573 1119 1616 sa·

58 1655 119 1712 natio
138 1655 267 1730 reprimit
283 1659 403 1730 peccata
418 1653 522 1713 multa.
538 1679 550 1705 ν
568 1654 604 1712 In
618 1652 747 1712 Abdiam
763 1657 856 1730 ipsam
874 1653 1054 1731 Scripturam
1068 1654 1120 1713 ad·

60 1757 141 1811 vocet:
159 1751 369 1812 «Calamitates
384 1753 510 1812 aliomm
523 1752 682 1828 voluptatis
695 1768 765 1812 suae
782 1755 950 1829 materiam,
966 1769 1120 1830 argumen-

60 1853 158 1926 llllnqlle
176 1850 292 1928 facere,
318 1852 370 1906 Καὶ
388 1857 432 1913 τῆς
449 1849 523 1914 Solet
538 1853 671 1924 λεγούσης
685 1855 801 1924 γραφῆς,
817 1853 854 1924 tert*
869 1855 919 1905 δεῖν
936 1849 999 1914 ύλιος
1019 1849 1123 1923 ἐπιμει-

57 1947 95 2014 διᾲι
115 1949 164 2010 τοῖς
176 1949 339 2021 καμνούσιν,
355 1948 380 2002 ἒν
395 1947 421 2001 δὲ
443 1950 478 2018 τῷ
489 1948 525 2020 μοὶ
541 1949 691 2024 εἰτιχαρῇτ,
710 1951 730 2006 i.
748 1965 774 2008 e.
791 1949 902 2008 Tamen
916 1948 1065 2024 Scriptura
1081 1949 1119 2026 (δ)

57 2041 138 2103 lirim
158 2045 290 2105 dicente:
306 2075 319 2088 ·
333 2045 400 2104 Non
425 2052 555 2121 oportere
586 2048 707 2104 omuino
728 2046 848 2106 irridere
870 2046 1068 2122 calamitosis3
1090 2049 1120 2104 in

58 2138 205 2202 locantem
218 2160 256 2204 ne
278 2144 415 2220 laeteris,
431 2149 487 2202 etc.
503 2169 514 2194 ν
533 2141 611 2202 Alibi
629 2143 667 2202 ad
688 2142 837 2202 susannae
855 2142 892 2219 (a)
910 2143 1063 2203 historiam
1076 2161 1121 2202 re·

58 2237 142 2300 fertur:
165 2243 325 2315 «Τοιγάρτοι
344 2243 388 2295 νιοιιΙ
403 2241 559 2316 ον’νειδίζοντο
573 2240 650 2308 τίνες,
665 2245 719 2306 τοῖς
735 2243 832 2296 έαατύν
846 2241 998 2314 τολμήμασι
1013 2239 1121 2314 πρεπόν-

60 2357 94 2399 ιιις
119 2338 274 2407 ἀκούοντες,
295 2340 398 2412 σπέρμα
422 2342 527 2394 Χοιναοὶκ
547 2338 592 2394 καί
606 2338 650 2394 ουίι
667 2339 767 2404 Ἰούδα,
782 2341 803 2398 l.
820 2355 846 2400 θ.
862 2339 989 2398 Proinde
1012 2344 1041 2397 θδ
1060 2337 1124 2413 qui-

62 2430 114 2492 dam
131 2437 315 2512 increpantur
335 2437 516 2497 facinorosae
536 2436 675 2496 audaciae
696 2453 766 2496 suae
784 2438 990 2496 convenienter
1002 2435 1122 2495 audien·

60 2533 107 2588 ts:
118 2563 128 2576 ·
140 2533 242 2593 Semen
262 2533 405 2594 Charraan
425 2540 454 2594 et
469 2550 528 2594 non
544 2535 631 2594 Juda.
648 2559 661 2585 ν
688 2535 768 2594 Haec
787 2551 840 2612 pro
851 2534 1007 2610 Scripturis
1019 2533 1124 2594 Deute-

59 2628 88 2685 ris
99 2633 254 2692 testmonia
275 2634 397 2708 protulit
414 2633 542 2710 Cyrillus
554 2635 587 2692 in
600 2634 661 2692 suis
682 2635 813 2709 scriptis,
833 2649 908 2710 quae
925 2633 1077 2708 hucusque
1090 2633 1124 2690 ln

61 2723 134 2786 lucem
155 2731 337 2806 prodierunt.
1220 2818 1224 2826 ·

87 2824 110 2899 5.
129 2827 190 2888 XV.
213 2830 249 2888 ln
267 2845 402 2889 sermone
420 2831 514 2889 saneti
529 2829 643 2906 Eulogii
661 2828 858 2889 Alexandriae
875 2830 1001 2906 episcopi
1015 2831 1047 2887 in
1064 2829 1124 2888 lia·

60 2935 108 2980 mos
124 2924 292 2986 Palmarum
314 2926 406 2986 verba
421 2927 538 2988 Barucli
556 2927 667 3004 colligit
684 2929 837 3004 inquiens:
856 2952 868 2977 «
881 2927 1008 2999 Ἱερεμίας
1024 2927 1078 2996 ᾄδει
1093 2927 1126 2989 δι

58 3020 212 3092 terrulenter*
229 3027 285 3086 τοῖς
303 3023 389 3078 ἔθνεσι
405 3027 517 3080 δεικνύων
532 3026 574 3077 τύν
592 3024 745 3097 ἐρχόμενον,
763 3025 808 3078 κοιιΙ
828 3025 925 3096 λε’γαντ
942 3021 1017 3085 οὗτος
1032 3025 1046 3078 ὁ
1060 3024 1126 3086 Θιύς

58 3109 126 3178 tuot,
144 3115 171 3170 ού
185 3115 383 3188 λογισθήσεται
398 3115 483 3188 ἕτερος
501 3117 565 3188 πρὸς
585 3117 672 3170 αύτύν·
688 3117 771 3188 ἒξεῠρε
789 3122 877 3170 πᾶσαν
895 3117 951 3170 ύδύν
965 3116 1126 3186 lacerarent,

60 3201 74 3258 i.
88 3219 109 3263 e.
123 3206 281 3268 Hieremias
300 3210 399 3285 canit,
416 3209 502 3284 quasi
513 3208 604 3286 digito
622 3207 756 3285 gentihus
773 3207 928 3268 ostendens
947 3209 1125 3283 venientem,

60 3305 82 3355 et
96 3301 200 3363 dicens:
218 3307 299 3365 ·Hic
317 3304 394 3364 Deus
418 3312 531 3382 noster,
553 3323 612 3364 non
636 3305 816 3380 reputabitur
834 3304 908 3363 allus
920 3304 958 3362 ad
978 3321 1063 3380 eum,
1080 3305 1125 3361 in·

60 3401 124 3458 venit
137 3419 252 3462 omnem
272 3405 354 3462 viam
373 3405 528 3479 scientiae,
545 3410 600 3462 etc.
621 3429 634 3454 ν

91 3495 225 3560 Ecclesiae
248 3503 437 3578 aegyptiacae
456 3501 512 3560 hac
529 3504 561 3559 in
578 3518 611 3560 re
629 3507 816 3560 monumenta
830 3505 918 3575 sunt,
942 3515 1017 3576 quac
1034 3503 1130 3574 poste·

61 3593 124 3654 riuti
139 3601 300 3676 commisit,
329 3599 488 3676 eqrribus,
513 3605 624 3676 quanta
648 3615 718 3676 erga
736 3599 915 3673 Scriptorum
937 3597 1128 3656 Deuterorum

61 3687 226 3756 diurnitatem
242 3697 331 3757 fuerit
347 3697 420 3756 sides
437 3704 467 3756 et
483 3701 662 3774 constantia,
681 3703 770 3774 patet.
787 3698 872 3755 Nunc
893 3702 989 3755 autem
1004 3712 1041 3754 ex
1061 3695 1131 3754 afri·

61 3789 93 3846 cis
110 3794 164 3852 oris
181 3795 219 3853 ad
236 3794 325 3854 Asiae
340 3798 472 3871 regiones
493 3798 716 3871 praetergressi,
733 3796 850 3855 illarum
871 3794 1057 3854 ecclesiarum
1077 3792 1132 3851 do-

63 3887 170 3950 ctrinam
191 3899 293 3952 nostro
313 3910 365 3970 pro
386 3896 503 3971 negotio
519 3897 697 3971 investigare
715 3910 831 3952 neeesse
851 3895 915 3952 erit.

83 4079 112 4142 (Ι)
126 4087 179 4148 sap.
189 4099 211 4136 o.
225 4089 246 4136 1.
261 4091 283 4138 7.
297 4087 441 4152 -tnncct
459 4103 482 4140 o.
496 4091 550 4139 vn.
565 4097 602 4139 12.
615 4113 645 4126 -
655 4087 690 4152 (ο)
700 4090 770 4138 tom.
781 4090 824 4138 111.
834 4101 858 4150 p.
873 4090 927 4136 rte.
