3000 5170
846 425 885 440 .-
907 404 945 458 pp
966 427 1009 438 ...

383 501 533 575 emnem
551 509 734 590 gementibus
753 509 854 588 locus,
876 509 1074 572 utmanliaste
1093 518 1164 572 tuno
1188 514 1356 590 prophetiae
1371 521 1457 580 vaitei-

383 613 468 670 nlum
485 610 692 686 compleretur:
710 607 803 668 ·Non
816 613 861 668 est
873 611 904 668 iu
919 608 975 668 hoc
988 615 1118 685 tempore
1134 612 1269 688 princeps
1283 622 1334 674 ant
1347 615 1458 693 Prophe

383 717 437 787 tn,
451 711 499 768 vel
518 709 602 786 dux,
625 724 719 784 neque
739 709 821 768 locus
841 708 881 768 ad
900 708 1124 770 sacrificandum
1144 714 1362 774 nominituo.»
1381 716 1459 776 Paulo

385 815 453 885 post
472 808 509 867 de
527 807 685 866 Holofeme
701 811 879 867 mentionem
902 808 983 868 facit.
1003 809 1116 870 Pariter
1134 811 1166 869 in
1193 827 1246 872 suo
1266 812 1304 872 de
1325 813 1460 876 Catholioe

389 906 461 966 Fide
476 905 574 983 libro,
590 904 768 982 Sapientiam
787 906 913 982 appellat
926 949 935 984 ,
950 906 1076 966 doeens:
1096 933 1108 959 o
1129 907 1226 969 Patris
1245 927 1316 988 ergo
1339 913 1460 972 substan·

387 1007 460 1064 tiam
481 1004 589 1064 Filium
609 1019 688 1080 esse,
709 1003 885 1080 propheticis
896 1007 961 1080 jam
982 1003 1250 1083 olimdesignntum
1270 1016 1315 1068 est
1337 1012 1458 1086 oraculis,

385 1102 499 1162 dicente
510 1101 739 1178 Salomonezlil·
749 1100 949 1161 Substantiam
963 1104 1042 1160 enim
1053 1109 1180 1180 tuam‚et
1189 1105 1458 1185 dnloedinem‚quam

385 1203 417 1260 in
432 1200 509 1260 illios
523 1199 632 1277 hebes,
649 1199 832 1260 ostendebas.
848 1225 860 1250 o
877 1198 1009 1259 Tandem
1023 1200 1061 1259 de
1077 1203 1275 1282 martyribus,
1294 1209 1345 1282 qui
1356 1206 1459 1268 charta.

387 1301 450 1376 gini
461 1303 541 1378 passi
558 1306 628 1360 sunt
639 1342 648 1376 ‚
660 1300 787 1376 locutus,
804 1297 1051 1358 Machahaeornm
1070 1299 1223 1362 historiam
1243 1304 1366 1364 confert.

426 1399 454 1474 s.
477 1399 544 1457 XII.
568 1397 678 1456 Eadem
700 1404 793 1457 aetate
811 1413 931 1456 munere
950 1399 1123 1476 episcopali,
1145 1401 1352 1476 praeeuntibus
1369 1405 1458 1461 sancti·

387 1503 463 1574 tate,
483 1497 636 1573 doctrina,
655 1511 690 1556 ao
710 1495 790 1570 zelo,
805 1494 983 1572 fungebatur
1006 1497 1109 1556 beatlu
1126 1497 1320 1576 Fulgentius,
1339 1503 1415 1576 cujus
1432 1501 1457 1560 ll·

387 1595 454 1672 bri,
469 1597 617 1671 qtramviS,
632 1599 720 1672 juxta
732 1594 895 1673 Isidorum,
909 1595 1007 1672 plures
1020 1611 1162 1675 numero,
1179 1598 1218 1656 ad
1230 1613 1286 1657 nos
1306 1613 1401 1658 omnes
1411 1613 1459 1656 non

388 1711 556 1770 pervenere.
584 1693 629 1752 Ex
647 1693 694 1752 his
713 1699 813 1754 tamen
835 1701 978 1770 quotquot
1004 1711 1083 1754 nunc
1107 1698 1226 1770 reperiri
1245 1700 1409 1772 putruerint,
1421 1697 1457 1754 Bl-

392 1792 519 1852 bliorum
534 1793 727 1852 Deuterorum
740 1792 887 1852 Canonioe
907 1795 1066 1852 auctoritas
1087 1795 1159 1854 satis
1177 1794 1328 1871 probatur.
1348 1794 1458 1871 Epistola

390 1891 519 1950 monada
541 1891 579 1950 ad
597 1891 713 1951 Gallam
732 1891 770 1950 de
792 1890 875 1950 Statu
895 1891 1008 1950 viduali
1026 1906 1090 1967 cap.
1112 1907 1180 1950 xiv:
1200 1917 1213 1942 o
1225 1891 1340 1968 Hebes,
1362 1894 1456 1968 inquit,

388 1996 419 2049 et
437 1991 469 2048 in
490 1991 597 2065 veteri,
619 1996 648 2050 et
667 1991 699 2047 in
713 2005 792 2048 novo
812 1993 986 2048 testamento
999 1995 1168 2048 sanctarum
1182 1991 1358 2065 viduarum,
1372 1989 1457 2066 quibos

390 2087 569 2165 aedificeris,
588 2089 739 2165 exempla3
763 2091 794 2148 in
814 2091 906 2148 veteri
919 2094 1092 2148 testamento
1108 2087 1227 2164 iudith,
1243 2089 1331 2148 Anna
1343 2091 1372 2146 in
1384 2103 1453 2146 novo.

394 2229 469 2246 ....
485 2188 528 2247 lie
538 2188 642 2247 luduin
652 2189 731 2247 enim
749 2191 890 2266 scriptum
908 2193 970 2247 est:
990 2187 1052 2246 «iit
1067 2193 1130 2246 erat
1148 2186 1252 2246 Judith
1273 2189 1304 2245 in
1322 2187 1402 2245 domo
1416 2200 1455 2242 soa

392 2285 482 2345 vidua
502 2289 587 2344 annm
603 2287 698 2346 tribus
716 2293 745 2345 at
764 2286 914 2346 mensibus
938 2293 1079 2362 pumtuor,
1101 2291 1130 2344 et
1149 2285 1218 2344 iecit
1237 2285 1294 2344 sibi
1308 2285 1454 2344 tabernam

391 2385 454 2444 lum
471 2401 557 2460 super
568 2384 708 2444 solarium
729 2384 834 2443 domus
854 2399 940 2460 suaa,
962 2391 992 2443 et
1010 2385 1149 2460 imposuit
1168 2399 1257 2459 super
1276 2383 1385 2444 lumbos
1403 2396 1455 2438 suos

265 2529 267 2533 .
390 2484 532 2542 cilicium.
548 2508 560 2534 a
577 2481 712 2542 Procedit
735 2483 802 2542 inde
821 2490 939 2542 sancius
957 2484 1108 2558 episcopus
1122 2497 1264 2544 enmnnns
1277 2483 1358 2542 istius
1374 2479 1453 2538 molle

393 2583 435 2639 ris
453 2588 553 2658 gesta,
568 2585 655 2658 juxte
675 2582 806 2658 ejusdem
828 2581 895 2640 librl
915 2581 1105 2656 scripturam.
1130 2581 1259 2640 Homilla
1279 2597 1361 2640 nxrx.
1376 2575 1453 2636 iolla·

393 2681 452 2739 telo
472 2686 641 2740 sanctorum
659 2679 921 2742 Machobaeorum:
941 2703 954 2730 o
967 2677 1069 2754 ilicet,
1087 2681 1198 2755 inquit,
1222 2682 1255 2738 iu
1282 2679 1359 2738 ooelo
1373 2676 1453 2734 Bouto

393 2779 472 2837 clare
485 2778 632 2856 redrlgens
642 2782 822 2838 connexione
835 2779 998 2854 stellarum,
1013 2778 1065 2837 sed
1075 2779 1200 2853 emplius
1210 2777 1299 2838 hodie
1311 2793 1374 2838 cum
1383 2779 1454 2832 maha

394 2877 558 2952 resplendet
573 2877 701 2936 Ecclesia
712 2879 748 2936 de
761 2883 871 2952 septem
885 2877 1028 2936 sideribus
1038 2878 1176 2937 illiorum.
1191 2903 1205 2929 ν
1221 2877 1259 2936 In
1272 2877 1345 2936 libro
1354 2876 1387 2934 do
1397 2871 1453 2928 veri·

395 2978 456 3035 tato
469 2975 758 3050 praedestinationis:
779 3001 792 3026 κ
804 2975 951 3035 Admonet
961 2992 1015 3034 nos
1029 2982 1131 3035 sanctu
1149 2976 1299 3050 Scriptura
1312 2975 1347 3050 (a)
1359 2973 1452 3030 ooons:

399 3099 411 3124 o
425 3073 539 3133 Altiora
553 3080 584 3132 te
600 3091 637 3134 ne
657 3076 836 3151 quaesieris,
857 3079 886 3133 et
906 3074 1028 3134 fortiora
1044 3082 1073 3134 te
1090 3091 1128 3133 no
1145 3081 1293 3136 scrutatus
1312 3072 1424 3132 lucris.»

435 3172 517 3232 Idem
537 3173 686 3232 Ferrendo
703 3173 834 3232 scribens
847 3171 884 3232 de
901 3175 1030 3249 quinque
1046 3171 1266 3249 quaestionibus
1283 3187 1346 3247 oep.
1369 3183 1398 3226 ru
1415 3163 1452 3221 ait:

399 3268 483 3330 «Sed
502 3273 591 3331 mam
609 3275 640 3330 in
654 3272 768 3350 hymno
781 3274 871 3332 trium
888 3288 1045 3348 puerorum
1058 3271 1249 3330 nihilominus
1271 3271 1384 3346 legitor:
1397 3293 1407 3306 ·
1418 3261 1454 3318 llo·

396 3369 523 3428 nedicite
540 3372 680 3446 spiritus,
700 3375 731 3429 et
745 3373 861 3429 anhnae
881 3374 1029 3447 justorum
1045 3369 1180 3428 Domino.
1195 3395 1208 3420 ν
1225 3369 1273 3428 Ad
1291 3363 1411 3427 eumdem
1428 3356 1453 3414 dt

396 3465 512 3526 duabus
535 3467 755 3543 quaestionibus
778 3468 907 3544 loquitur
927 3471 1016 3544 Juxta
1036 3466 1200 3544 Sapientiae
1219 3467 1258 3544 (4)
1276 3467 1389 3526 librum:
1405 3455 1453 3513 «ΒΘ

398 3563 510 3640 Spiritu
520 3582 636 3642 quoque
649 3573 751 3625 sancto
764 3551 914 3642 Seriphon
925 3566 1066 3626 divinitus
1079 3567 1219 3642 inspirata
1232 3569 1275 3626 sio
1289 3565 1369 3624 dicit:
1381 3553 1453 3627 ‚Qun

396 3661 520 3740 Spiritus
540 3665 659 3724 Domini
678 3665 802 3740 replevit
829 3663 930 3724 orbem
955 3671 1116 3739 terrarum3
1139 3671 1168 3724 et
1187 3663 1243 3723 hoe
1262 3661 1339 3740 quod
1354 3653 1453 3717 continu

399 3765 500 3822 omnia
520 3765 673 3822 scientiam
697 3760 787 3822 habet
808 3766 925 3822 vocis.»
943 3762 1055 3822 Ibidem
1083 3762 1174 3822 verba
1196 3762 1343 3822 Susannae
1361 3750 1451 3829 repetit:

400 3885 413 3911 o
425 3860 533 3920 Sanota
550 3861 686 3921 Susanna
700 3862 794 3922 Deum
810 3878 913 3921 verum
928 3861 1024 3921 taliter
1042 3863 1212 3922 invocante:
1230 3891 1243 3906 ·
1256 3861 1346 3932 Deus,
1365 3851 1407 3928 qui
1418 3859 1451 3904 ⁰⁰*

381 4034 384 4041 Ι
397 3960 544 4020 cultorum
557 3977 589 4019 es
607 3963 758 4038 cognitor,
772 3964 824 4038 qui
841 3963 898 4020 sois
917 3964 1016 4020 omnia
1034 3967 1191 4038 antequam
1203 3961 1286 4019 ilani.
1302 3981 1314 4007 o
1329 3951 1407 4014 Libro
1421 3956 1452 4000 st

297 4066 302 4076 '
395 4059 491 4119 otrodo
505 4057 544 4117 ed
555 4057 783 4120 Trasimundum
795 4076 893 4138 regem
907 4075 974 4138 cap.¹
991 4075 1058 4119 xiv.
1078 4059 1194 4119 Baruoh
1207 4057 1376 4135 Scriptorum
1393 4055 1450 4103 wll‘

423 4272 460 4335 (o
476 4274 533 4336 sap.
544 4275 645 4324 exva.
659 4274 733 4337 -(2)
744 4275 807 4324 aior.
819 4277 884 4325 narr.
897 4278 991 4326 occu.
1006 4301 1035 4312 -
1054 4274 1189 4338 (nisaeus.
1200 4275 1268 4325 cru.
1287 4277 1322 4321 22.
1335 4255 1442 4322 ,piso

403 4365 456 4417 cap.
468 4357 487 4404 l.
501 4358 523 4404 7.
