3022 5178
507 495 684 548 —isr—

58 603 190 662 aicdorns
204 601 309 662 latinos
324 607 354 662 et
366 613 484 679 graecm
497 604 658 677 priscorum
671 601 822 664 doctorum
839 605 970 682 codices,
989 623 1061 684 quoa
1075 611 1135 686 ipse

58 701 252 777 undequaque
273 700 444 776 eollegerat,
468 717 484 758 e
503 702 630 777 quibus,
645 708 678 762 ut
698 701 784 760 ualde
795 703 1045 764 verosimillimum
1068 714 1133 784 est,

56 799 191 858 eduxerit
204 814 279 874 quiae
296 797 345 856 hic
359 799 395 857 de
417 801 538 858 nicaena
552 799 666 875 synodo
679 801 803 874 scripsit.
825 799 924 876 Neque
942 801 1007 860 ideo
1023 819 1136 864 errame

59 897 130 954 mihi
148 896 266 956 uldctur
282 896 475 971 blanchinus,
490 895 561 956 dum
574 899 634 955 ait:
658 896 833 956 «Cononem
852 898 1013 958 bibliorum
1031 916 1049 959 a
1067 917 1136 960 con-

61 993 212 1052 stitutione
231 995 352 1052 nicaena
374 993 522 1052 lrrmatmn
544 995 619 1052 inter
635 993 751 1080 decreta
771 995 885 1054 concilii
904 995 1135 1072 carthaginensis

60 1091 144 1164 qnasi
163 1091 196 1147 in
215 1089 309 1148 alieno
332 1088 423 1148 fundo
443 1089 625 1150 collocatum.
646 1115 658 1140 n
684 1090 807 1163 Quando
824 1099 868 1150 est
887 1094 918 1150 iu
941 1100 1040 1168 aperto
1066 1095 1139 1155 alios

61 1188 177 1264 quoqne
193 1201 318 1246 canones
344 1203 381 1246 ex
402 1186 477 1262 illis,
492 1189 543 1263 qni
559 1189 664 1264 viginti
683 1195 889 1265 numerantur,
903 1195 933 1248 et
945 1189 983 1248 ab
998 1191 1133 1251 omnibus

59 1293 91 1345 ut
110 1290 234 1346 nicaena
246 1287 360 1346 decreta
373 1289 571 1362 accipiuntur,
588 1288 620 1345 in
637 1287 750 1364 synodo
768 1287 898 1348 abicana
913 1292 1047 1365 repetitos
1060 1307 1136 1368 esse;

60 1399 135 1464 quae
153 1384 295 1461 synodus,
311 1389 409 1460 utpote
421 1384 614 1444 Mauritaniae
632 1385 796 1459 peculiaris,
807 1391 920 1460 praeter
937 1401 995 1461 res,
1016 1387 1063 1446 vel
1078 1394 1138 1446 sta-

60 1487 122 1541 tuta
151 1481 190 1540 ad
212 1482 329 1542 illarum
348 1484 499 1557 regionum
516 1481 699 1556 disciplinam
725 1485 886 1557 spectantia
904 1488 935 1541 et
951 1485 1136 1544 consuetudi-

60 1595 129 1654 nes,
148 1581 180 1636 in
198 1578 265 1636 ildei
287 1579 408 1637 decretis
430 1581 549 1636 omnino
569 1581 687 1639 incessit
703 1583 791 1655 juxta
809 1579 999 1638 nicaenorum
1019 1588 1136 1656 patrum

61 1678 239 1750 sententias,
258 1678 308 1752 qui
327 1677 500 1735 universalis
523 1675 630 1738 Christi
651 1676 796 1734 Ecclesiae
813 1693 966 1753 personam
987 1678 1134 1753 gerebant.

64 1773 179 1832 Etenim
198 1774 391 1831 verosimilius
406 1781 462 1848 est,
478 1777 565 1850 juxta
581 1775 715 1850 probata,
729 1789 855 1834 canones
868 1777 1016 1850 nicaenos,
1031 1774 1142 1835 haeresi

64 1869 119 1928 hue
137 1869 208 1928 illuc
220 1877 355 1946 urgente,
370 1877 435 1944 post
448 1871 593 1947 synodum
611 1872 766 1946 deperiisse
778 1874 811 1930 in
821 1872 941 1932 ecclesia
953 1887 1135 1948 graecorum,

63 1975 164 2028 oontm
176 1985 246 2028 vero
259 1971 290 2028 in
304 1972 424 2030 ecclesia
440 1971 532 2032 latina
545 1974 752 2047 superstitlsse,
769 1974 900 2046 inquam,
922 1985 957 2030 ac
976 1969 1080 2029 deinde
1100 1971 1138 2029 ab

64 2071 201 2127 universo
213 2068 342 2128 lidellum
353 2069 422 2129 orbe
434 2076 575 2146 tanquam
588 2068 702 2128 decreta
721 2069 851 2128 africana
863 2067 954 2126 fouisse
975 2068 1137 2126 aestimata.

64 2166 206 2225 llaromm
227 2168 333 2241 pariter
353 2169 488 2242 opinatur
505 2167 658 2225 concilium
679 2167 834 2224 nicaenum
850 2165 890 2223 de
906 2165 996 2224 sacris
1012 2163 1141 2237 Scriptu-

66 2265 106 2320 ris
123 2263 284 2338 quidquam
302 2263 473 2324 decrevisse.
501 2264 632 2324 Tandem
652 2253 720 2322 huic
738 2265 780 2320 rei
800 2262 881 2322 lavet
898 2262 1041 2335 maxime,
1062 2259 1141 2335 qued

67 2375 157 2434 supra
176 2360 262 2420 retuli
285 2359 321 2418 de
339 2369 439 2420 sancto
453 2361 616 2436 Ephraemo
636 2375 724 2437 syro,
742 2362 793 2434 qui
812 2361 949 2418 nicaenae
966 2356 1080 2433 synodo
1097 2358 1142 2414 in·

65 2457 184 2534 leniuit,
206 2464 235 2516 et
253 2458 415 2534 Scripturas
437 2458 578 2518 Deuteras
598 2459 629 2516 in
648 2473 716 2516 suos
740 2471 888 2516 sermones
917 2455 1042 2528 accivit,
1056 2469 1143 2529 mem

66 2557 197 2631 sequlttn
215 2553 408 2630 Athanasius,
429 2555 592 2634 Cyprianus
611 2555 689 2630 aler,
711 2556 804 2612 ariani
821 2567 956 2629 quoqne,
974 2552 1026 2626 qui
1042 2549 1144 2608 Bibliis

67 2653 362 2714 Dantem-Canonicis
373 2671 432 2714 non
445 2657 558 2714 mentiti
573 2660 652 2714 sunt.
669 2653 817 2728 llulsmns,
832 2652 1072 2728 chrysostomus,
1084 2648 1145 2710 Au·

64 2755 199 2827 patinas
219 2755 280 2812 suis
301 2755 415 2828 scriptis
438 2753 518 2811 claro
544 2751 682 2812 exhibent
700 2753 733 2808 in
745 2751 880 2809 *ecclesiis
901 2748 1031 2808 lidelium
1054 2748 1145 2806 lectas

65 2847 157 2908 luisse
174 2849 338 2924 Scripturas
357 2852 438 2909 istas.
458 2849 655 2928 Hieronymus
668 2847 745 2908 idem
758 2849 893 2924 quamvis
911 2848 1082 2906 aucmritate
1095 2843 1146 2904 ali·

67 2961 137 3022 qna,
162 2945 210 3005 uel
234 2945 397 3024 prioribus,
419 2955 453 3008 ut
471 2951 513 3008 lta
532 2945 646 3023 dcam,
664 2949 745 3023 pari,
766 2947 838 3004 istos
855 2945 945 3004 libros
962 2937 1143 3018 pulsauerit,

63 3049 192 3103 attamen
208 3045 385 3121 praelatione
400 3046 432 3104 in
449 3046 537 3124 libros
555 3044 717 3104 Salomonis
728 3043 819 3102 libero
836 3043 945 3102 fatetur
959 3037 1074 3113 ludith,
1088 3037 1146 3097 Tu·

63 3141 146 3218 biae,
159 3140 416 3218 Machabaeomm,
433 3142 607 3219 Sapientiae,
620 3141 814 3199 Ecclesiastici
828 3137 1004 3214 Scriphtras,
1018 3141 1141 3194 ceteras-

63 3253 120 3313 que
131 3236 294 3297 additiones
303 3239 361 3316 legi
376 3239 521 3298 inChrlsti
529 3239 674 3313 Ecclesia;
686 3253 761 3312 quae
776 3251 822 3294 res
831 3237 1018 3293 nicaenorum
1026 3237 1144 3306 patrum

68 3341 214 3395 statutum
230 3339 379 3412 exprimit:
400 3362 413 3387 «ι
427 3336 468 3395 Ut
483 3343 598 3412 praeter
612 3335 774 3411 Scripturas
787 3331 945 3392 catholicas
959 3327 1033 3388 nihil
1048 3329 1079 3385 in
1093 3327 1146 3386 Ec-

65 3432 155 3491 clesia
170 3431 283 3509 legatur
302 3457 315 3484 o
340 3449 470 3510 quasque
488 3433 610 3492 africani
626 3432 777 3506 doctores,
794 3435 894 3504 utputa
914 3444 932 3485 a
952 3423 1083 3501 patribus
1100 3438 1146 3481 ac-

64 3535 164 3610 ceptas
181 3532 214 3588 in
232 3529 360 3590 Ecclesia
376 3530 529 3608 legendas,
545 3532 718 3590 nominatim
737 3543 884 3588 mnsuere.
908 3525 946 3604 (l)
966 3523 1009 3584 lle
1026 3521 1082 3580 hoc
1098 3519 1145 3578 Bi·

99 3757 137 3820 (i)
163 3755 322 3810 cabasantius
342 3757 446 3822 probare
471 3762 574 3810 conatus
591 3761 628 3812 est
645 3757 732 3810 diuum
750 3761 927 3821 llieronymnm
945 3753 1034 3806 minori
1055 3753 1147 3816 pollere

64 3836 212 3887 andomtale
232 3837 320 3888 inillis
335 3839 639 3890 verbisdelibroludith
658 3861 670 3884 a
680 3840 727 3890 sed
743 3841 802 3902 quia
819 3838 907 3901 legitur
924 3833 1032 3900 synodus
1049 3835 1150 3883 niceam

65 3913 92 3965 ln
106 3929 211 3966 nurnero
221 3929 346 3966 sacrarum
358 3918 537 3982 seripturarum
554 3919 620 3968 haine
631 3919 721 3968 librum
737 3921 890 3982 computasse
900 3917 947 3967 etc
960 3935 973 3960 n
985 3913 1102 3976 llunqaid
1117 3925 1148 3960 ne

66 3995 114 4045 boc
131 3995 242 4046 doctoris
256 3996 423 4046 testimonium
445 4011 533 4060 parum
550 3999 694 4048 cabassutio
709 3997 890 4048 satisfaciebat?
907 3998 941 4046 ut
956 4006 1015 4044 vero
1031 3993 1148 4053 llierony·

64 4085 106 4124 nn
123 4075 151 4124 et
169 4074 273 4126 nicaeno
293 4075 391 4126 decreto
411 4077 458 4126 hac
478 4077 505 4126 in
521 4078 641 4128 amicalia
658 4077 757 4139 derogat
778 4076 913 4130 oeldomtus
932 4073 1053 4137 scriptor,
1075 4069 1148 4128 Atha·

65 4151 129 4202 radi
147 4153 274 4218 synopsim
293 4156 452 4219 compellat,
474 4156 518 4219 qui
540 4156 644 4206 noncibo
672 4156 752 4206 eidem
776 4155 905 4218 natiuit,
933 4155 960 4204 in
983 4165 1034 4215 qua
1059 4149 1151 4211 W

64 4233 309 4286 Dniaroltanonioa
328 4237 483 4298 segregantur
503 4249 520 4285 a
539 4236 795 4300 somniumque
811 4237 863 4307 illis
877 4232 1062 4293 contradicitur.
1081 4229 1148 4280 Atta·

65 4323 123 4361 m
139 4323 190 4364 aon
211 4311 311 4364 latuerit
328 4314 518 4377 cabanariam,
538 4317 718 4380 scripnuamm
736 4318 860 4381 synopsim
880 4325 999 4365 maesse
1017 4308 1149 4374 murinum

64 4389 192 4442 sumas
208 4391 321 4456 laton,
342 4394 420 4446 mmo
439 4395 472 4446 aa
490 4394 620 4460 onmes,
634 4395 781 4448 uramara
797 4394 907 4460 moen
929 4406 1008 4458 opus,
1019 4389 1147 4453 airaon,
