2964 5174
808 424 849 435 -
869 401 908 452 56
927 401 983 434 -“

345 523 412 580 nae.
430 532 443 557 ι»
459 506 564 566 Cenem
575 509 663 566 mam
672 505 733 566 Beli
752 513 781 565 et
793 507 929 566 draconis
944 507 1111 583 historiam,
1130 521 1166 565 ac
1178 508 1218 566 ita
1234 505 1424 566 Machabaeo

344 621 412 666 rum
432 607 519 680 gestis
540 603 752 681 memorandis,
778 606 816 665 ad
833 613 929 665 cetera
945 605 1168 682 transgreditur.

384 703 411 777 S.
434 703 500 762 XX.
524 702 647 762 Saucius
672 702 832 762 Eucherius
856 705 1006 779 episeopus
1033 702 1238 779 lugdunensis,
1272 705 1325 778 qni
1353 705 1426 762 cirea

346 801 500 860 dimidium
511 800 619 858 saeculi
632 802 727 876 quinti
737 803 846 860 vixisse
859 801 1054 876 existimatur,
1067 802 1279 860 commentaria
1291 801 1324 857 in
1335 803 1428 859 varios

344 897 510 972 Scripurrae
528 897 616 956 libros
635 898 766 974 reliquit,
784 900 817 956 iu
833 897 939 973 quibus
952 900 1150 957 testimouium
1166 914 1219 973 pro
1236 897 1373 956 Deuteris
1386 898 1428 956 Bi·

342 994 410 1055 bliis
422 997 550 1070 eruitur,
564 1001 594 1053 ct
610 997 738 1054 maxime
754 997 785 1053 iu
803 997 1037 1071 interpretatione
1052 995 1243 1054 hebraeorum
1264 996 1426 1070 nominum,

342 1094 394 1167 qui
412 1095 444 1150 in
461 1092 578 1152 Conone
600 1109 700 1152 sacrae
720 1091 885 1166 Scripturas
905 1092 1063 1152 habentur:
1092 1117 1104 1142 ι
1121 1091 1169 1152 Sic
1183 1092 1310 1168 Daniel,
1330 1093 1381 1167 qui
1397 1094 1426 1150 in

236 1209 238 1214 ·
341 1189 576 1266 presbyterorum
594 1189 705 1265 judicio
729 1192 902 1248 sententiam
916 1189 1034 1248 divinae
1046 1189 1264 1264 disceptationis
1286 1188 1425 1248 exhibuit.

340 1284 443 1344 Judith
460 1285 594 1345 laudans.
613 1286 743 1361 Raphael
761 1286 904 1346 medicina
920 1287 973 1345 Dei
991 1303 1027 1346 ex
1043 1286 1145 1345 Tobia.
1166 1285 1306 1346 Susanna
1322 1285 1424 1362 lilium,

341 1383 418 1443 Elui
438 1386 469 1442 in
492 1383 737 1443 Macbabacorum
754 1384 839 1443 libro.
861 1383 928 1442 Beel
950 1389 1079 1444 vetruias
1093 1384 1203 1443 idolum
1220 1382 1424 1459 babylonium.

342 1483 421 1540 llaec
439 1484 559 1541 nomina
573 1483 703 1540 iuvenire
715 1484 757 1540 ait
766 1484 798 1540 in
809 1482 926 1541 Conone
936 1481 1268 1541 divinorumlihrorum.
1278 1479 1424 1556 Quidquid

342 1585 440 1638 autem
468 1581 622 1654 scriptores
651 1579 688 1638 de
711 1580 757 1637 his
786 1581 1003 1638 commentariis
1036 1580 1304 1654 praesumpserint,
1333 1583 1426 1636 utrum

342 1676 405 1734 divi
421 1676 556 1736 Eucherii
574 1693 646 1752 opus
661 1680 739 1754 sint,
754 1694 793 1736 an
804 1694 880 1754 non,
899 1677 985 1736 nihili
1002 1695 1068 1737 mea
1081 1680 1217 1752 interest3
1231 1677 1338 1750 scripti
1353 1675 1424 1732 enin

342 1776 543 1834 auemritatem
560 1791 683 1851 quaero,
704 1791 765 1834 non
787 1781 886 1835 autern
902 1776 981 1834 illius
1003 1782 1161 1834 auctorem.

382 1871 410 1946 S.
426 1872 507 1930 XXI.
528 1872 594 1932 Una
606 1889 674 1932 oum
688 1873 830 1932 Eucherio
844 1873 988 1933 scribebat
1001 1873 1178 1932 Claudianus
1191 1873 1356 1931 Mamertus
1372 1873 1422 1946 epi

342 1985 446 2046 scopus
460 1973 626 2030 viennensis
637 1971 674 2047 (1)
692 1971 729 2030 de
738 1971 821 2031 Statu
833 1973 948 2029 animae
960 1973 1075 2047 insigne
1088 1969 1179 2045 Opus.
1195 1971 1231 2028 In
1241 1969 1302 2027 hoc
1314 1963 1422 2026 annuae

343 2069 590 2130 immortalitatem
605 2069 733 2146 probans
747 2070 911 2145 Sapientiae
925 2070 1031 2128 librum
1042 2069 1080 2144 (2)
1095 2069 1267 2144 compellat:
1289 2093 1302 2118 ιι
1319 2067 1420 2126 Audia-

343 2183 409 2226 mus
423 2169 514 2244 igitur
530 2168 602 2244 quid
619 2170 756 2244 imaginis
776 2183 846 2226 suae
859 2169 1030 2242 pronunciet
1049 2169 1173 2226 inimicis
1186 2166 1291 2224 divina
1310 2163 1420 2240 Sapien-

343 2266 403 2324 tia:
421 2296 434 2308 -
450 2265 609 2341 Dixerunt,
629 2267 739 2341 inquit,
756 2267 838 2341 impii
855 2266 1015 2341 cogitantes
1037 2281 1097 2323 non
1124 2271 1216 2339 recte,
1232 2265 1383 2339 exiguum,
1396 2267 1421 2319 et

344 2377 412 2420 cum
432 2363 529 2421 taedio
542 2369 586 2421 est
603 2369 717 2437 tempus
730 2365 808 2420 vitae
822 2369 950 2437 nostrae,
964 2368 994 2420 et
1010 2364 1155 2420 extinctam
1168 2363 1242 2419 ciuis
1256 2363 1314 2418 erit
1324 2373 1419 2433 eorpus

342 2466 491 2534 nostrum,
510 2466 540 2518 et
558 2462 677 2534 spiritus
697 2459 879 2518 diffundetur
897 2465 1049 2535 tamquam
1061 2460 1158 2520 mollis
1175 2474 1235 2516 aer.
1256 2483 1271 2510 ι.

383 2556 410 2632 S.
433 2557 528 2616 xxii.
559 2557 725 2633 Aqrritanus
752 2557 877 2632 Pmsper
897 2559 1036 2634 regiensis
1058 2559 1229 2634 episcopus,
1247 2551 1419 2630 temporibus

343 2653 449 2714 Leonis
466 2658 553 2730 primi
579 2655 724 2731 pontificis
744 2659 835 2730 vixit,
859 2659 943 2732 cujus
963 2656 1141 2714 Trithcmius
1153 2654 1196 2729 (3)
1218 2656 1249 2712 in
1271 2651 1418 2726 Scripturis

344 2751 551 2829 eruditionem,
573 2755 682 2828 ingenii
700 2752 908 2828 subtilitatem,
927 2755 1156 2812 conversationis
1172 2754 1356 2810 sanctitatem
1372 2749 1419 2805 rui·

343 2856 436 2908 ratur.
460 2850 495 2906 ln
515 2849 591 2908 libro
616 2853 710 2925 primo
734 2850 770 2909 de
787 2851 1027 2925 promissionibus
1045 2858 1074 2909 et
1092 2849 1341 2925 praedictionibus
1356 2845 1417 2919 Dei,

344 2947 508 3021 Sapientiae
520 2946 698 3022 scripturam
709 2947 747 3024 (4)
759 2948 820 3007 adit
831 2949 999 3025 hujusmodi
1008 2948 1131 3023 eloquio:
1152 2972 1164 2997 ιι
1174 2947 1264 3023 Cujus
1279 2946 1418 3020 dispensa-

342 3045 421 3102 tione
435 3050 547 3103 oreator
561 3047 691 3104 omnium
704 3045 794 3121 Deus,
809 3047 908 3105 omnia
919 3063 957 3104 ex
970 3046 1063 3104 nihilo
1078 3045 1205 3104 formare
1215 3044 1354 3119 dignatus
1367 3044 1416 3111 est,

342 3147 376 3200 ut
393 3141 541 3217 Scriptura
558 3150 660 3202 sancta
677 3145 875 3220 proloquitur:
892 3173 905 3188 ·
919 3145 964 3204 Ex
982 3144 1103 3202 materia
1121 3145 1217 3200 invisa
1234 3156 1351 3200 summa
1368 3151 1419 3194 me

343 3238 416 3314 diis,
444 3246 474 3298 et
496 3239 592 3298 media
617 3243 685 3300 imis
705 3241 859 3300 libratione
881 3242 1071 3317 perpendens.
1092 3265 1105 3291 ιι
1128 3241 1250 3298 Librum
1270 3234 1417 3297 Tobiasio

342 3339 543 3396 auctoritatem
559 3340 648 3397 sumit
662 3338 700 3412 (5)
715 3340 747 3396 in
761 3338 863 3396 eodem
883 3338 958 3396 libro
975 3354 1039 3413 cap.
1060 3353 1172 3396 xxxva
1194 3335 1315 3412 quanm
1332 3332 1415 3390 dicit:

346 3456 359 3481 ι
376 3431 583 3509 obnoxiusmre
599 3441 644 3494 est
661 3435 719 3511 legi
738 3435 883 3512 generali,
898 3451 957 3510 qua
971 3435 1081 3494 dichrm
1100 3441 1160 3493 est:
1183 3434 1262 3510 quod
1283 3432 1337 3492 tibi
1360 3426 1417 3485 lieri

343 3545 404 3588 non
425 3533 491 3607 vie,
513 3531 563 3590 alii
577 3547 614 3590 nc
630 3531 742 3591 leceris.
762 3557 775 3583 ι»
801 3533 825 3591 Ε
846 3532 961 3591 Beruch
978 3532 1052 3591 libro
1075 3533 1113 3607 (6)
1128 3535 1246 3591 nomine
1264 3526 1418 3588 Hieremiae

346 3627 454 3687 donato
474 3628 546 3688 hacc
566 3629 680 3688 haurit:
693 3655 705 3680 ι
716 3631 759 3689 De
780 3631 953 3690 daemonum
976 3636 1073 3690 autem
1097 3629 1255 3688 cultoribus
1271 3628 1310 3701 (7)
1328 3625 1417 3684 lileri-

348 3727 423 3784 mias
440 3726 569 3785 scribens
589 3730 650 3786 ait:
669 3728 753 3786 -Ubi
767 3728 886 3788 fuerunt
899 3730 1031 3804 gigantes
1043 3730 1186 3786 nominati
1203 3727 1325 3784 sciemus
1344 3732 1417 3796 prat·

351 3823 434 3882 liam.
452 3824 518 3884 Non
538 3825 592 3890 hos
613 3827 699 3903 elegit
715 3827 875 3902 Dominus,
898 3845 952 3886 nec
968 3829 1049 3886 viam
1066 3829 1202 3885 scantiae
1223 3825 1304 3884 dedit
1321 3819 1417 3893 eis30t

347 3923 495 3995 perieram
507 3930 623 3998 propter
640 3924 720 4000 quod
742 3925 896 3982 consilium
914 3941 974 3984 non
990 3925 1172 3982 habuerunt:
1190 3947 1203 3974 ι
1220 3922 1316 3981 Antea
1328 3921 1415 3978 autem

349 4017 464 4078 dixerat
481 4037 517 4078 ex
538 4021 700 4080 Hieremiae
721 4023 758 4098 (8)
778 4022 908 4098 ejusdem
924 4023 1059 4097 epistola:
1086 4047 1098 4072 ι
1115 4022 1242 4098 ingressi
1262 4022 1293 4078 in
1312 4011 1414 4078 sabio·

372 4228 406 4290 (1)
421 4229 484 4279 sibl,
496 4233 595 4280 Pata·
605 4231 639 4294 (2)
649 4234 714 4282 Eccl.
726 4235 781 4282 cll.
797 4238 851 4282 1.-
861 4232 895 4296 (3)
906 4231 969 4282 Bibl.
981 4234 1080 4282 Pata-
1091 4232 1125 4295 (1)
1136 4235 1195 4294 Sap.
1207 4233 1307 4281 o.Xl.·-
1317 4226 1349 4293 (5)
1359 4220 1404 4274 Τοῦ

345 4321 366 4357 c.
379 4310 461 4358 111-
473 4309 506 4373 (o)
517 4309 603 4362 Barac}
615 4326 637 4362 o.
650 4314 692 4362 lll.
705 4339 735 4352 -
746 4313 780 4376 (7)
792 4311 878 4364 aiax.
890 4326 946 4376 pers
956 4315 988 4364 Il.
1001 4325 1023 4364 c.
1036 4315 1078 4364 ix.
1089 4338 1120 4352 -
1130 4312 1164 4376 (s)
1175 4315 1231 4366 Bur.
1243 4325 1266 4362 c.
1278 4312 1321 4360 Vl.
1332 4315 1353 4364 ³.-
