3070 5180
547 403 707 455 ...23-

79 509 200 568 ellcnica
222 525 240 568 c
261 509 418 586 scripturis
431 509 723 571 berteto-Canonicis
744 519 861 588 sumpto
880 515 911 572 in
936 517 1103 594 evangeliea
1117 517 1162 581 lil-

81 605 139 666 biia
159 607 257 667 relato
276 607 404 668 innunt.
630 645 632 650 -
1249 605 1258 632 ¹

115 703 143 779 s.
163 703 204 762 V.
228 703 301 763 Post
321 704 394 764 hoec
415 707 530 780 omnia,
555 705 711 765 Catholicis
732 705 903 766 obsistentes
923 709 1100 787 adversarii,
1124 729 1161 772 nc

79 801 189 875 priores
202 800 321 878 quidam
334 801 478 862 Ecclesiae
488 807 584 877 pates
593 802 756 878 Scripturas
764 803 1064 866 Dantem-Canonlcas
1075 825 1163 886 agno·

80 901 170 974 risse,
190 906 308 976 urgent.
326 899 390 959 iioc
406 902 438 958 in
457 901 590 977 nagotm,
614 901 694 976 prius
714 917 803 978 qoam
827 909 973 962 mnemon
1003 905 1172 983 adeamus,

78 1011 171 1072 panca
189 996 276 1057 nobis
295 1003 381 1058 erunt
396 998 616 1074 praemittenda.

116 1093 220 1171 Usque
238 1095 277 1154 ad
292 1095 451 1156 salvatoris
470 1099 502 1154 in
521 1097 635 1155 coelum
653 1099 868 1174 ascensionem,
882 1097 1021 1159 hebraeos
1043 1101 1161 1178 solum,

77 1198 105 1250 et
114 1209 219 1252 eornm
235 1194 397 1270 proselytos
409 1199 540 1253 veterum
555 1193 770 1269 scripturarum
786 1195 919 1254 custodes
933 1195 1022 1256 fuisse
1037 1205 1160 1258 constat.

78 1289 205 1348 Hebraei
215 1297 301 1349 erant
313 1291 462 1367 Apostoli,
477 1307 610 1368 egenere
623 1290 715 1351 iudae
727 1290 862 1351 Salvatm
874 1299 972 1352 noster
986 1301 1074 1353 natus
1087 1301 1160 1354 erat.

76 1385 122 1444 Ad
137 1387 298 1464 Apostolos
316 1389 430 1447 locutus
450 1394 494 1447 est
512 1388 670 1464 Dominus,
686 1395 716 1447 et
732 1388 770 1448 ab
786 1405 821 1448 eo
838 1389 972 1450 dimnnm
991 1391 1163 1451 mandatum

77 1501 211 1562 recepere
223 1487 417 1564 Evangcilum
429 1503 516 1548 sunm
531 1491 644 1548 amotis
657 1488 790 1565 gentibus
806 1490 1004 1565 praedicandi:
1023 1515 1035 1541 a
1052 1491 1161 1551 Euntcs

77 1581 244 1658 praedicate
257 1584 449 1662 Euangelinm
461 1587 614 1644 uniuersae
629 1593 786 1646 menturae.
801 1585 909 1646 »Prius
923 1595 1019 1646 summ
1038 1589 1096 1648 iliis
1113 1589 1164 1648 Sa·

80 1683 605 1762 plentiarneiselargiri,uirtutemque
614 1701 768 1762 supernam
778 1686 1035 1764 voluit,singuiare
1043 1687 1163 1764 donum,

78 1779 220 1856 Spiritum
236 1779 394 1859 Sanctum,
408 1785 459 1859 qni
473 1789 540 1843 ante
551 1784 668 1842 iliorum
683 1785 893 1860 separationem
906 1787 983 1862 ignis
997 1787 1101 1862 specie,
1116 1801 1164 1844 eo·

78 1893 143 1936 mm
163 1880 256 1954 capiti
276 1879 405 1956 adstitit,
427 1897 485 1957 quo
502 1869 675 1940 inflammati
691 1887 785 1940 terrm
802 1888 1017 1960 percurrerent,
1032 1885 1164 1960 regiones

78 1982 287 2052 peragrarent,
304 1976 412 2052 ubique
429 1975 536 2036 Christi
553 1977 677 2036 salutern
694 1977 902 2052 praedicantes.

116 2071 165 2130 rid
186 2071 335 2148 hocopus
352 2073 475 2132 sollicito
494 2080 523 2132 et
545 2077 643 2132 animo
659 2080 793 2149 prompto
815 2077 944 2150 aggressi
962 2071 1111 2151 Apostoli,
1135 2082 1165 2134 et

78 2169 261 2229 abinvicem
277 2175 421 2248 segregati
436 2174 606 2230 universnm
627 2171 770 2230 mundum
792 2177 891 2246 utpote
907 2187 1008 2230 eorum
1025 2171 1164 2246 praedam

79 2269 169 2326 umis
194 2267 372 2344 evangelicis
397 2269 611 2344 intuebantur,
629 2269 808 2343 captivantes
831 2269 1008 2326 intellectum
1035 2269 1165 2344 gentium

80 2365 109 2422 in
122 2363 300 2441 obsequium
312 2365 391 2424 ildel.
409 2365 468 2441 Ipsi
480 2366 602 2442 judaeos
616 2372 771 2442 gentesque
784 2363 891 2423 Christi
903 2363 990 2422 iidem
1006 2363 1174 2454 docebantj·

78 2467 193 2536 praeter
206 2464 366 2539 miracula,
380 2463 539 2541 Religionis
552 2463 734 2523 Christianae
753 2464 905 2522 tentatam
918 2479 956 2520 ex
973 2463 1102 2537 antiquis
1113 2461 1164 2531 ‚he-

80 2557 237 2618 braeorum
254 2558 410 2636 Scripturis
423 2561 626 2637 explicabant,
641 2577 715 2637 quae
730 2563 805 2619 inter
824 2575 874 2618 eos
890 2558 1091 2618 servabantur.
1111 2559 1166 2618 ills

79 2657 158 2718 libris
172 2660 222 2718 vel
236 2663 363 2720 maxima
372 2662 427 2736 ipsi
439 2661 606 2737 utebantur,
616 2667 680 2720 tum
694 2661 731 2719 ad
744 2661 842 2719 hostes
856 2649 1081 2736 expugnandos,
1097 2675 1164 2720 curn

80 2761 107 2818 in
118 2761 172 2817 via
184 2762 317 2818 verimtis
336 2759 496 2820 firmandos
509 2759 618 2819 fideles.
641 2759 846 2835 Apostolorum
860 2775 948 2833 porro
959 2757 1163 2834 dbperslones,

77 2875 237 2936 eorumque
253 2859 446 2936 praedicatio,
460 2865 490 2920 et
502 2863 533 2918 in
545 2859 676 2936 pluribus
689 2859 767 2918 orbis
781 2857 946 2934 regionibns
960 2859 1163 2916 conversiones

80 2955 188 3032 iactae,
209 2957 284 3016 tales
306 2964 390 3034 sunt,
410 2965 444 3017 ut
460 2959 561 3034 negari
574 2973 634 3015 non
651 2943 775 3032 possint!

116 3054 254 3130 Apostoli
274 3056 363 3114 iidem
382 3058 490 3131 pariter
516 3072 577 3114 una
600 3071 668 3114 cum
688 3053 848 3129 Evangelio
867 3049 1030 3128 Scripturas
1050 3057 1163 3111 veteres

77 3149 221 3227 docuere,
244 3159 343 3228 utpote
360 3169 460 3212 eorum
474 3153 622 3212 doctrinae
641 3153 803 3210 maximum
820 3149 1031 3208 vadimonium.
1047 3148 1118 3207 illae
1132 3151 1164 3207 in

79 3265 183 3308 manns
200 3249 432 3310 christifidelium
451 3267 503 3328 per
523 3267 572 3310 eos
593 3249 752 3324 advenere3
777 3263 812 3306 ao
836 3249 988 3323 praecipue
1009 3248 1040 3303 in
1062 3261 1164 3306 eorum

79 3347 219 3424 scelestis,
235 3349 518 3426 congregationibus,
533 3349 682 3422 oratoriis,
696 3348 742 3405 uei
756 3348 852 3422 potius
870 3343 1163 3418 coenaculis,¹coram

80 3445 216 3504 omnibus
238 3445 424 3523 legebantur,
447 3448 536 3506 sicuti
556 3445 642 3504 divus
663 3444 788 3518 Paulus,
803 3443 938 3517 illiusque
957 3441 1068 3516 primae
1088 3445 1164 3498 aeta-

80 3545 115 3600 lis
134 3543 276 3603 historiae
299 3544 420 3619 docent,
446 3561 480 3603 ae
499 3543 611 3601 Plinius
633 3557 748 3618 quoque
768 3543 801 3597 in
826 3541 886 3598 suis
908 3539 1011 3596 litteris
1033 3535 1070 3594 ad
1088 3536 1162 3596 Tra·

77 3643 180 3714 janum
202 3646 344 3716 testatur,
372 3640 444 3699 dum
463 3643 489 3699 ei
514 3640 739 3698 christianorum
762 3639 880 3711 vitam,
907 3651 1020 3708 mores,
1043 3649 1164 3692 consue-

80 3737 193 3797 tudines
208 3744 336 3796 enarrat.
353 3737 415 3796 Hos
434 3741 510 3796 inter
527 3737 638 3812 fideles,
653 3735 770 3798 hebraei
789 3732 1017 3792 numerabantur
1041 3733 1160 3807 partim,

82 3841 108 3892 et
127 3835 250 3912 gentiles
271 3835 331 3892 aiii.
356 3833 511 3910 iithnicos,
530 3837 581 3910 qui
594 3833 754 3892 salvatoris
778 3831 941 3890 doctrinam
958 3833 1163 3904 susceperant,
1226 3864 1229 3870 -

83 3931 134 3990 hac
147 3931 315 4008 Scripturas
327 3933 447 3990 omnino
459 3931 606 4006 latebant3
621 3933 670 3988 isti
683 3929 721 3988 nb
734 3928 881 4004 apostolis
894 3967 904 4003 ,
922 3926 972 3985 vel
993 3923 1101 3984 Christi
1114 3924 1164 3981 Di·

83 4031 197 4104 scipulis
218 4029 351 4088 hebraeis
366 4036 469 4105 antea,
484 4029 686 4104 Mosaicasque
698 4028 776 4103 legas
789 4025 909 4099 edoctis,
925 4039 1069 4098 accepere.
1087 4020 1166 4096 Apo·

85 4127 146 4184 stoli
158 4130 251 4203 igitur
263 4131 379 4185 tantum
390 4128 422 4183 in
435 4143 540 4184 manus
561 4125 786 4184 christianorum
795 4108 884 4182 libros
897 4137 995 4180 sacros
1008 4117 1164 4192 tradidere,

87 4223 271 4298 eorumdem,
287 4239 471 4300 quocumque
485 4225 619 4298 iverunt,
634 4220 838 4298 praedicarunt
849 4218 1053 4290 diuinitatem,
1068 4228 1167 4275 secum

83 4337 129 4396 per
147 4321 252 4388 Asiam
274 4321 402 4399 scilicet,
421 4321 570 4396 Africam,
590 4321 736 4399 Europum
750 4318 893 4392 ferentes,
908 4322 1075 4390 ceterasque
1088 4309 1166 4370 orbis
