2964 5174
503 397 683 450 —1rt-

71 516 95 568 tc
111 509 287 566 remissior.»
304 505 383 566 Alibi
401 508 528 583 plurima
544 508 679 584 leguntur
699 509 855 584 Ephraemi
881 513 1046 572 testimonia
1067 531 1083 572 e
1101 515 1134 573 li·

73 608 121 665 bris
132 607 260 665 Deuteris
273 607 373 680 petita,
389 605 495 664 additis
505 604 659 665 formulis·
672 613 706 665 ut
720 605 869 682 Scriptura
881 607 963 684 dicit,
970 612 1057 683 juxta
1066 611 1135 669 Pro-

72 705 189 780 phetam,
210 705 395 777 utscriptum
414 708 477 779 cst,
498 703 640 762 Dominus
661 706 744 779 ait·,
763 721 838 780 quae
859 709 921 781 ejus
944 709 1052 781 scripta
1071 709 1134 767 vol·

71 805 137 860 venti
152 801 305 877 patebunt,
320 818 336 860 e
349 801 455 876 quihus
467 801 603 860 omnihus
623 801 697 877 divi,
711 805 776 860 tum
791 805 933 861 versionis
946 803 1136 879 Septuaginta

70 899 157 957 viralis
173 898 322 974 legendae,
337 915 405 956 cum
420 897 585 975 Scripturas
603 915 704 958 omnes
717 899 786 957 huic
804 902 927 958 insertas
944 907 1044 976 utpote
1059 902 1134 960 divi-

70 1013 113 1055 nas
129 997 290 1056 advocandi
306 997 486 1056 consuetudo
505 996 663 1073 probatur,
691 997 729 1056 ad
749 1013 875 1073 quarum
894 997 1093 1075 divinitatem,
1108 1009 1137 1059 et

69 1093 200 1152 dadonem
213 1093 356 1152 tuendum
371 1097 521 1171 negotium
540 1096 730 1171 suscepimus.

100 1191 124 1264 S.
141 1191 190 1250 vl.
210 1190 298 1249 Anno
317 1191 425 1251 Christi
444 1199 513 1250 350.
535 1191 708 1250 Antioohiae
727 1199 814 1250 naurs
832 1197 876 1250 est
895 1192 1022 1251 loannes
1042 1192 1136 1272 Chry-

70 1295 209 1348 sostomus.
230 1289 286 1349 Hic
303 1291 428 1350 tenellus
448 1293 577 1366 primum
598 1297 729 1350 amatre
749 1292 840 1352 vidua
864 1297 929 1349 tum
948 1292 1134 1369 christianis,

70 1405 125 1448 cum
136 1388 303 1448 liberalibus
317 1389 478 1464 disciplinis
495 1389 634 1448 educatis
648 1389 714 1448 iuit.
731 1389 908 1448 Adolescens
920 1389 1024 1449 deinde
1040 1406 1058 1448 a
1072 1390 1136 1451 ioro

70 1486 241 1562 abepiscopo
259 1486 377 1546 Meletio
393 1487 431 1546 ad
450 1487 557 1546 Christi
575 1487 711 1546 militiam
725 1493 897 1563 revocatus,
916 1503 968 1561 per
984 1504 1051 1546 eum
1064 1488 1138 1548 Scri-

70 1591 206 1659 pturarum
225 1584 397 1661 lectionem,
419 1591 448 1644 et
468 1585 644 1644 christianae
664 1587 742 1644 vitae
763 1602 885 1644 munera
907 1587 1059 1662 amplexus
1081 1595 1135 1648 est.

68 1679 163 1740 Deinde
183 1686 215 1740 in
234 1688 350 1742 montes
372 1682 544 1742 Antiochiae
566 1685 714 1758 proximos
739 1682 902 1742 monachus
925 1687 1060 1760 secessit,
1086 1688 1138 1746 ubi

69 1787 167 1854 praeter
184 1781 261 1856 alia,
278 1781 420 1840 librorum
440 1798 590 1841 sacrorum
608 1783 725 1841 lectioni
741 1781 799 1842 luit
816 1783 968 1861 assiduus,
988 1786 1066 1861 quod
1079 1803 1139 1844 mo

69 1877 214 1937 nachonmr
231 1882 421 1955 praecipuum
438 1886 501 1940 erat
517 1884 684 1958 negotium3
707 1898 799 1958 usque
816 1883 904 1958 dum,
927 1884 1040 1942 volente
1057 1883 1136 1961 Deo,

69 1977 132 2036 inter
148 1979 314 2038 mundanos
330 1979 438 2038 fluctus
453 1982 611 2056 remeavit,
631 1995 665 2039 ao
679 1980 858 2056 sacerdotio,
874 1987 903 2039 et
916 1984 1082 2057 episcopatu
1096 1986 1139 2041 in-

69 2075 195 2151 signitus,
216 2079 388 2152 sanctitate,
409 2077 558 2152 doctrina,
581 2093 714 2135 sermone
733 2077 845 2153 clarus,
864 2077 974 2137 bonum
992 2085 1138 2139 certamen

69 2176 193 2250 mrmvit,
211 2189 333 2233 cursum
347 2177 580 2250 consummavit,
600 2175 688 2234 iidem
701 2177 841 2233 servavit.
860 2174 969 2234 Meletii
983 2183 1080 2236 autem
1093 2180 1138 2235 in-

70 2273 262 2350 limumque
283 2272 340 2332 fuit
358 2273 488 2332 imbutus
506 2279 624 2332 sanctus
644 2273 761 2348 doctor,
783 2278 897 2332 etcum
916 2276 1046 2333 monacis
1070 2291 1139 2334 con·

70 2385 167 2446 susus,
183 2376 212 2430 et
229 2387 283 2446 per
300 2387 349 2430 eos
365 2373 398 2428 in
415 2370 532 2430 divinos
549 2369 640 2429 hbros
657 2372 841 2446 progressio,
860 2376 983 2446 utraque
1001 2377 1070 2430 sunt
1085 2387 1138 2430 no·

71 2471 120 2524 stra
136 2469 343 2542 ponderatione
364 2469 464 2544 digna.
490 2469 567 2527 Nam
586 2468 796 2528 monachorum
820 2473 936 2527 vetusta
957 2469 1139 2528 institutione

71 2565 200 2642 hspecta,
223 2573 254 2626 et
277 2569 309 2624 in
331 2565 486 2642 Scripturis
507 2570 663 2642 praecipua
679 2583 780 2626 eorum
801 2566 987 2641 assiduitate,
1011 2573 1040 2624 et
1059 2566 1138 2625 haud

71 2663 167 2740 studio,
186 2671 216 2724 et
233 2667 408 2724 auctoritate
420 2665 531 2723 Meletii
548 2663 722 2741 posthabitis
736 2667 768 2723 in
781 2669 899 2738 patrum
910 2663 1065 2723 traditione
1079 2681 1139 2722 ser-

70 2761 170 2836 vanda,
187 2762 390 2840 chrysostomi
404 2765 602 2822 testimonium
616 2769 716 2821 nostra
729 2765 760 2819 in
773 2778 805 2820 re
818 2762 973 2837 adaugent.
989 2761 1137 2836 Proiecto,

70 2855 99 2914 de
113 2873 166 2934 quo
182 2875 278 2936 nuper
297 2859 378 2935 dixi,
400 2865 519 2918 sanctus
537 2857 733 2936 Ephraemus,
753 2865 783 2918 et
800 2861 842 2933 is,
860 2859 971 2934 dequo
993 2874 1072 2918 nunc
1094 2859 1138 2917 di·

70 2959 155 3015 cturus
173 2958 298 3033 accedo,
320 2958 443 3034 studiis,
467 2955 766 3034 peregrinationibus,
790 2957 942 3031 doctrina,
968 2959 1137 3031 sanctitate,

70 3054 202 3115 etdivinis
216 3056 406 3131 muneribus,
421 3056 527 3132 quibus
540 3058 572 3113 in
586 3054 728 3132 Syrorum
750 3055 871 3113 ecclesia
884 3055 1031 3129 claruere,
1047 3061 1077 3112 et
1089 3071 1138 3112 ve·

70 3157 220 3231 roratione,
240 3171 302 3230 qua
315 3157 346 3213 in
359 3153 490 3213 cedema
514 3153 749 3213 christifidelibus
761 3153 891 3210 decorati
903 3159 986 3226 sunt,
1000 3154 1139 3226 praemis·

71 3249 118 3324 sis,
130 3268 186 3310 non
199 3268 305 3328 parum
318 3251 457 3310 exhibent
473 3252 655 3310 auctoritatis
671 3248 776 3322 rebus,
791 3263 865 3324 quas
879 3249 1037 3322 scripsere,
1052 3263 1137 3323 quas·

71 3359 117 3420 que
133 3365 185 3408 nos
202 3351 388 3426 potissimum
407 3347 601 3408 vindicandas
621 3347 817 3425 aggredimur.

103 3443 222 3506 Romilia
236 3465 284 3506 xr.
300 3449 333 3505 in
346 3447 482 3506 Genesim
498 3447 536 3522 (1)
552 3445 716 3521 Sapientiae
729 3444 837 3502 librum
854 3441 1009 3517 compellat
1021 3442 1136 3502 dicens:

75 3545 141 3596 «Διὸ
158 3548 201 3600 καὶ
221 3548 240 3605 η’
260 3546 347 3618 γραφή
369 3545 569 3617 ἑκπληπτομένη
594 3546 638 3603 τήν
662 3541 878 3614 ὑπερβάλλουσαν
896 3542 944 3594 τοῦ
961 3545 1028 3594 Θεοῦ
1047 3542 1140 3616 σοφίαν

70 3639 154 3713 ἔλεγεν·
169 3645 182 3696 ό
196 3645 255 3708 δούς
274 3644 300 3698 ἐν
315 3642 445 3714 balmense
460 3645 537 3705 ὀδόν,
552 3645 597 3696 καὶ
612 3642 638 3695 ἐν
662 3640 737 3695 ὕδατι
759 3640 860 3714 ι’σχυρῷ
870 3637 971 3711 τρίβον,
988 3641 1009 3697 i.
1024 3656 1051 3697 e.
1067 3638 1139 3698 Pl'o·

71 3743 124 3810 pter
136 3741 190 3802 hoc
206 3743 356 3818 Scriptura
370 3743 575 3818 obstupescens
593 3743 629 3801 de
645 3743 789 3802 eminente
801 3739 855 3798 Dei
867 3736 1031 3814 Sapientia,
1047 3737 1136 3797 dixit:

73 3839 114 3910 qui
126 3839 201 3899 dedit
214 3843 246 3900 in
259 3843 334 3899 mari
346 3839 445 3917 riam,
461 3846 491 3900 et
504 3843 536 3899 in
554 3855 631 3916 aqna
643 3839 808 3899 uehementi
825 3839 976 3899 semitam:
997 3859 1009 3885 2>
1026 3834 1063 3894 de
1075 3851 1139 3910 per-

73 3930 137 3993 lecta
152 3937 292 3998 charitate
306 3939 346 4016 (a)
361 3939 492 4016 ejusdem
504 3939 573 3998 libri
584 3938 676 3997 verba
688 3943 802 3996 censu:
822 3961 835 3986 a
852 3933 962 4012 Siquis
975 3949 1035 3992 non
1048 3933 1141 3992 credit

74 4030 205 4102 gehennae
224 4036 382 4097 Sodomam
402 4040 524 4116 cogitet,
545 4035 740 4096 Gomorrham
760 4049 858 4096 secum
878 4038 1010 4110 reputet,
1030 4031 1139 4106 suppli-

74 4127 279 4194 ciamvidelicet
287 4139 353 4212 jam
366 4142 531 4212 sumptum,
544 4141 573 4194 et
585 4134 727 4194 hactenus
740 4147 862 4192 manens
871 4174 880 4207 ,
890 4129 971 4204 Ὅπερ
986 4128 1032 4182 sal
1046 4129 1063 4186 η’
1079 4125 1140 4184 isia

100 4337 129 4402 (¹)
138 4344 204 4394 Tum.
216 4347 257 4396 lv.
271 4351 337 4408 pat.
351 4345 416 4397 Edit.
429 4347 519 4409 Maur,
532 4346 556 4396 et
566 4347 622 4408 Sap.
634 4357 656 4395 c.
669 4346 760 4396 xiva.
772 4369 803 4382 -
812 4341 847 4406 (2)
856 4342 971 4393 Tomvl.
981 4351 1006 4403 p.
1017 4342 1071 4390 297.
