3094 5184
828 388 868 396 ..
888 364 925 416 6⁰
945 387 986 396 .-

368 474 478 546 serint,
499 470 537 530 ad
556 485 644 546 quam
665 470 797 546 regulam
816 471 930 546 galatae
951 476 1021 528 sunt
1051 471 1223 546 recorrecti3
1248 472 1313 547 quid
1332 475 1412 552 legant

358 569 586 644 philippenses,
607 568 886 642 thessalonicenses,
917 567 1044 643 ephesii;
1068 565 1139 644 qnid
1159 571 1246 626 edam
1265 575 1364 630 romani
1383 575 1411 634 de

260 691 264 700 ·
368 668 502 741 proximo
520 671 644 742 sonent,
664 665 771 741 quibus
789 665 1000 741 Evangelium,
1016 673 1053 724 eb
1065 666 1188 741 Petrus,
1209 673 1238 724 et
1252 666 1349 726 Paulus
1361 687 1413 728 sau

371 765 459 838 gnine
491 779 607 838 meque
641 779 695 822 suo
721 765 870 839 signatum
897 763 1085 838 reliquerunt.
1117 762 1235 821 Habeas
1260 771 1288 822 et
1309 764 1414 828 loannes

370 861 505 918 alumnas
524 861 669 920 ecclesias.
694 861 770 920 Nam
792 863 847 918 etsi
864 860 1062 936 Apocalypsin
1081 865 1144 937 ejus
1163 861 1292 920 Marcion
1309 867 1415 940 respuit;

368 958 440 1016 ordo
461 965 560 1016 umen
581 961 780 1034 episcoporum
795 959 832 1018 ad
852 960 993 1035 originem
1008 975 1142 1018 recensus
1155 961 1187 1016 in
1199 959 1333 1018 loannem
1347 962 1417 1022 stabit

369 1063 526 1115 auctorem.
548 1055 596 1116 Sic
617 1064 646 1116 et
667 1063 829 1116 usurarum
852 1059 1028 1132 generositas
1048 1059 1272 1132 recognoscitur.
1294 1057 1359 1116 Dico
1375 1061 1418 1118 ita·

369 1170 426 1229 que
445 1153 523 1229 apud
542 1155 608 1214 illas
626 1171 680 1213 nec
700 1155 797 1230 solas,
815 1158 878 1230 jam
901 1155 1093 1231 apostolicas,
1123 1155 1174 1214 sed
1194 1155 1271 1230 apud
1291 1159 1418 1216 univesas

369 1267 445 1326 quae
463 1252 522 1310 illis
535 1253 572 1312 de
589 1255 727 1312 societate
745 1255 920 1311 sacramenti
937 1253 1196 1328 confoederantis,
1211 1253 1243 1310 ld
1254 1251 1419 1328 Evangeliom

368 1348 465 1408 Lucae
486 1350 524 1408 ab
548 1353 632 1409 initio
651 1351 785 1410 editions
805 1367 875 1410 suae
898 1358 994 1427 stare,
1016 1351 1095 1427 quod
1108 1352 1299 1410 cummaxime
1309 1357 1418 1428 tuemur,

368 1446 526 1506 Marcionis
545 1465 615 1508 vero
634 1450 826 1526 Evangelium
845 1449 988 1526 plerisque
1007 1467 1068 1510 non
1087 1456 1210 1524 uonna,
1237 1449 1323 1507 nullis
1341 1456 1420 1508 auten

370 1552 492 1622 notum,
514 1553 548 1606 ut
569 1563 629 1605 non
649 1563 684 1604 eo
705 1547 888 1606 damnatum.
910 1548 1006 1606 Habet
1024 1548 1131 1622 plane,
1151 1553 1181 1605 et
1199 1545 1272 1605 illud
1290 1547 1419 1622 ecclosias,

369 1643 421 1701 sed
440 1660 508 1702 suas
527 1651 589 1702 tam
608 1651 738 1720 posteras
758 1662 846 1722 quam
867 1646 1025 1722 adulteras,
1038 1662 1163 1722 quarum
1179 1647 1206 1704 si
1223 1660 1337 1704 oemunt
1349 1648 1421 1720 requi·

369 1755 433 1816 ras,
453 1739 569 1800 facilius
582 1745 773 1817 apostaticum
786 1744 935 1818 invenias,
961 1760 1050 1819 quam
1066 1743 1274 1818 apostobcum,
1295 1741 1420 1803 Marcione

367 1838 478 1898 scilicet
495 1839 664 1916 conditme,
685 1840 731 1900 vel
750 1841 847 1917 aliquo
862 1842 898 1900 de
915 1842 1071 1900 Marcionis
1084 1842 1229 1900 examine.
1255 1839 1369 1898 Faciunt
1385 1839 1418 1898 la-

375 1951 429 1994 vas
449 1943 478 1996 et
495 1953 620 2013 vespae,
640 1937 753 1996 faciunt
772 1940 907 2000 ecclesias
929 1945 958 1998 et
977 1940 1203 1998 marcionitae.»
1234 1936 1337 1995 Videas
1361 1939 1421 2012 prio

371 2049 437 2092 rum
456 2041 574 2110 patrum
594 2053 720 2112 emam,
742 2053 777 2096 ac
796 2036 925 2096 studium
947 2043 1010 2095 tum
1034 2036 1184 2095 traditioni
1207 2034 1372 2112 apostolicae
1389 2037 1422 2092 iu·

369 2129 533 2207 haerendi,
562 2139 627 2192 tum
646 2177 656 2208 ,
685 2134 742 2194 hac
761 2137 855 2210 posita
873 2135 1054 2210 traditione,
1083 2149 1216 2192 normam
1237 2149 1307 2192 vera
1325 2149 1342 2192 a
1358 2131 1421 2192 falsis

369 2230 537 2288 secernendi
558 2234 676 2308 scripta.

409 2327 521 2388 Deinde
534 2345 604 2388 vero
619 2330 775 2389 admodum
790 2332 897 2406 miror,
908 2331 1054 2408 quomodo
1064 2333 1137 2407 ipsi,
1152 2330 1223 2389 dum
1239 2328 1422 2388 ecclesiasticae

367 2425 532 2485 traditionis
551 2431 752 2488 auctoritatem
765 2428 867 2488 audlre
879 2430 995 2502 nolunt,
1014 2445 1052 2488 ac
1064 2430 1235 2504 praesertim
1248 2428 1284 2485 de
1297 2443 1345 2501 eo,
1362 2423 1422 2500 qood

369 2538 522 2582 sacrorum
540 2523 700 2584 Bibborum
718 2525 864 2586 canonem
883 2527 1011 2604 respicit,
1032 2526 1216 2586 divinitatem
1231 2532 1327 2584 tamen
1342 2539 1373 2582 ac
1384 2537 1422 2580 uo

370 2638 482 2682 merum
497 2623 713 2700 Scripturarum
729 2626 878 2700 fatentur,
893 2643 953 2686 non
965 2643 1003 2684 ex
1016 2628 1106 2701 novi,
1124 2625 1172 2684 vel
1185 2625 1320 2684 Foederis
1333 2624 1422 2698 antiqui

369 2722 568 2798 securitate,
603 2723 653 2782 sed
672 2723 853 2782 solummodo
873 2740 909 2781 ex
929 2723 1068 2798 simplicis
1087 2722 1253 2782 traditionis
1273 2737 1349 2779 vooe.
1375 2719 1422 2776 llor

370 2825 457 2878 autea
479 2821 658 2880 Wilhelmus
680 2822 830 2880 Llndanus
852 2823 946 2880 tribus
965 2822 1047 2882 libris
1068 2839 1120 2898 pro
1150 2824 1242 2881 variis
1264 2819 1370 2878 concilii
1385 2819 1422 2876 tri·

369 2917 482 2976 denbni
500 2920 644 2996 decretis,
665 2920 702 2978 de
714 2921 919 2979 traditionibus
936 2921 1011 2979 libro
1030 2937 1053 2979 1.
1071 2938 1099 2980 c.
1118 2937 1142 2978 1.
1165 2921 1285 2978 instruit
1296 2932 1422 2993 argumen-

368 3005 432 3074 tum
453 3023 556 3076 contra
576 3017 771 3077 Chemnitium
790 3018 919 3093 aliosque
934 3018 1094 3078 haereticos
1112 3019 1244 3078 locatus:
1275 3017 1352 3092 «Ipsi
1363 3016 1421 3072 euin

369 3131 437 3174 cum
455 3122 596 3176 conentur
615 3117 699 3175 nobis
718 3116 889 3176 traditiones
905 3134 965 3176 non
982 3120 1105 3192 scriptas
1123 3116 1159 3174 de
1173 3115 1309 3178 manibus
1321 3116 1422 3188 eripere

369 3212 413 3270 illi
435 3213 491 3274 sibi
514 3216 627 3272 incauti
649 3231 748 3274 necem
769 3221 907 3289 struunt,
935 3231 1025 3290 quarn
1049 3215 1174 3290 plurima
1195 3230 1215 3271 a
1234 3219 1325 3270 matre
1345 3216 1424 3268 uesta

369 3309 498 3369 Ecclesia
519 3311 626 3372 Christi
646 3313 804 3388 apostolica
824 3313 989 3388 subripiunt
1005 3312 1159 3387 dogmata,
1183 3327 1259 3387 quae
1274 3309 1350 3368 nullo
1365 3307 1422 3366 Scri·

368 3414 521 3482 pturarum
545 3412 710 3468 testimonio
730 3410 891 3470 retractanti
915 3411 1034 3469 valeant
1047 3410 1158 3485 liquido
1177 3409 1321 3486 probare,
1344 3421 1422 3482 queu-

370 3506 528 3566 admodum
547 3509 584 3566 de
601 3508 815 3585 Scripturarum
833 3515 964 3566 veterum
982 3507 1117 3583 Canone,
1135 3507 1182 3565 rel
1200 3507 1297 3581 libris,
1318 3510 1358 3562 est
1369 3501 1421 3560 solis

369 3605 434 3664 luce
454 3606 660 3682 manifestius,
682 3609 770 3666 etiam
793 3610 924 3684 ipsorum
945 3607 1209 3682 Antssiguauorum
1234 3618 1383 3676 consensu,
1400 3605 1423 3661 ol

369 3702 491 3777 Brentii,
508 3703 733 3780 Melancttouts,
748 3711 777 3762 et
790 3706 914 3764 aliorum
994 3705 1058 3776 Quo
1072 3706 1161 3779 enbn,
1177 3703 1423 3776 thamnatsare

369 3799 540 3875 Scripturas
561 3803 744 3876 testimonio,
766 3803 821 3862 hoc
843 3805 939 3879 potius
962 3802 1122 3877 Matthaei,
1144 3817 1233 3878 quam
1253 3798 1423 3858 Matthiaere

369 3899 442 3972 cipis
470 3897 686 3974 Evangeliuml
711 3897 769 3958 Cur
793 3903 890 3976 potius
912 3900 1008 3958 Lucae
1033 3905 1085 3958 aut
1108 3899 1222 3973 Marci,
1243 3913 1328 3972 qoam
1345 3892 1421 3962 Petri,

368 3995 518 4070 Thomae,
540 4001 592 4055 aut
618 3997 858 4056 bartholomaei?
878 3997 968 4074 Atqui
989 3997 1027 4056 ab
1047 3997 1175 4056 Ecclesia
1195 3997 1267 4056 illud
1285 3995 1421 4052 reverenter

369 4096 562 4168 suscipimus,
583 4096 692 4170 inquis,
715 4111 812 4170 aqua
835 4103 904 4154 sunt
926 4095 1140 4171 Scripturarum
1162 4095 1230 4153 libri
1253 4089 1422 4161 custoditis

366 4189 489 4249 fideliter
508 4191 546 4250 ad
564 4199 697 4268 posteros
713 4195 887 4251 transmissi.
906 4194 988 4252 Istud
1006 4200 1035 4252 et
1051 4210 1106 4250 nos
1121 4195 1250 4250 omnium
1266 4189 1421 4247 verissimum

364 4289 576 4366 praedicamus.
598 4291 749 4364 Nusquam
770 4293 888 4366 insuper
903 4290 999 4366 legas,
1015 4297 1139 4366 quatuor
1150 4307 1213 4351 esse
1227 4294 1334 4350 aarum
1346 4283 1420 4341 Evan-
