2964 5174
480 329 659 380 -113—*2

67 454 116 498 rom
135 439 230 497 veteris
245 451 279 496 ac
294 438 365 496 novi
382 439 549 495 testamenti
569 439 755 512 interpretem
781 438 894 513 elucet,
919 437 1116 500 dlil'erentiam

66 552 156 614 quoque
170 551 267 595 corum
281 533 366 610 fidei,
381 540 411 592 et
423 533 572 593 doctrinae
585 533 665 592 haud
680 549 784 610 parum
802 534 968 596 ostendunt.

16 629 18 656 '
94 635 229 694 Praeterea
245 676 254 710 ,
271 635 398 710 aliquem
411 633 519 710 symm
533 632 725 692 christianum
738 636 903 710 excogitare
924 651 941 693 e
955 635 1053 696 codice
1067 635 1116 696 hc·

65 733 140 794 hraieo
160 732 317 808 Scripturas
333 738 446 791 veteres
465 732 496 787 in
514 733 695 808 assyriorum
711 731 937 792 christianorum
954 747 1041 793 usum
1054 749 1118 792 ver-

65 835 131 906 tisse,
151 832 294 891 Ecclesiae
308 831 418 890 scilicet
443 845 543 888 eorum
566 829 715 888 orientalis
737 833 766 888 et
786 830 992 906 occidentalis,
1014 833 1116 906 primis

64 929 149 990 Christi
168 930 299 1006 saeculis,
319 931 496 1006 excogitatio
518 945 589 986 sane
605 930 769 1005 incongrua
788 934 874 1003 esset,
896 934 963 987 eta
987 928 1117 988 fidelium

64 1034 115 1086 tnnc
131 1031 261 1104 temporis
278 1029 415 1104 opinione
434 1028 582 1085 communi
602 1025 715 1102 aliena,
735 1041 810 1102 quae
829 1025 866 1084 de
884 1028 1030 1084 versionis
1057 1028 1115 1086 ale·

63 1125 197 1186 runhmae
215 1128 386 1186 auctoritate
412 1127 444 1184 in
469 1125 599 1184 Ecclesia
620 1123 729 1184 Christi
746 1121 929 1183 versabatur.
955 1125 1118 1197 Quemnam

63 1222 131 1299 latet,
149 1227 211 1299 quis
239 1225 364 1284 inficiari
392 1227 518 1300 poterit,
542 1229 653 1299 quanta
681 1225 784 1298 primis
806 1222 952 1282 Ecclesiae
974 1224 1117 1284 aetatibus

62 1320 130 1380 luerit
145 1325 289 1383 veneratio
306 1339 376 1400 erga
393 1322 583 1399 Septuaginta
601 1323 781 1380 versionem?
794 1319 903 1380 Christi
917 1321 1118 1398 Redemptoris

62 1425 134 1478 uach
150 1422 226 1480 inter·
244 1422 392 1482 Israelitas
408 1423 502 1496 ipsam
518 1421 647 1496 viguisse
664 1422 697 1478 in
717 1425 817 1496 aperto
830 1419 972 1494 hahetur,
992 1423 1117 1496 quinim-

62 1534 97 1576 mo
113 1518 256 1578 abeodem
277 1519 428 1578 Salvatore
446 1518 485 1578 ad
502 1521 610 1578 suimet
623 1520 782 1576 sententias
802 1516 1017 1578 confirmandas
1030 1521 1063 1576 in
1076 1525 1117 1577 te·

63 1621 118 1674 shut
135 1625 234 1678 vocata
253 1617 329 1694 fult,
349 1618 387 1678 ab
400 1617 547 1694 Apostolis
564 1632 722 1694 eorumque
735 1617 885 1693 discipulis
903 1617 1115 1676 commendata.

62 1711 101 1774 Per
112 1718 182 1791 ipsos
197 1733 269 1778 vero
289 1719 321 1776 in
339 1733 446 1776 manus
456 1715 683 1779 christianorum
698 1715 816 1775 devenit
834 1731 938 1792 graeca
955 1715 1118 1775 Bibliorum

61 1814 188 1874 tanslatio
199 1816 252 1876 tuli
267 1817 455 1891 auctoritate,
472 1829 506 1873 ac
519 1815 722 1890 veneratione,
735 1821 768 1872 ut
786 1829 804 1871 a
816 1814 962 1890 plerisque
975 1815 1117 1889 ipsorum,

60 1917 186 1990 aegyptios
204 1913 395 1992 Septuaginta
418 1912 567 1989 Seniores,
591 1915 642 1988 qui
659 1911 748 1989 hujus
763 1914 905 1971 versionis
922 1918 1054 1971 auctores
1069 1912 1120 1970 ha-

59 2007 155 2087 mm,
176 2012 318 2072 divinitus
337 2013 493 2088 inspiratos
510 2009 600 2069 fuisse
619 2011 819 2068 existimatum
831 2010 884 2084 sit,
899 2008 1074 2092 tautahanc
1087 2012 1119 2068 in

59 2107 300 2183 interpretationem
321 2115 385 2169 erat
403 2108 585 2184 observatio,
607 2110 691 2184 cujus
709 2106 851 2181 historia,
873 2107 917 2164 rei
937 2111 1038 2183 utpote
1059 2108 1119 2163 sin-

59 2205 146 2280 gularis
164 2209 200 2267 ab
220 2207 326 2268 iisdem
348 2207 480 2283 putribus
497 2208 558 2266 suis
577 2207 748 2281 inscriptis
773 2201 907 2262 refertur.
932 2202 989 2262 Sed
1008 2202 1044 2260 dc
1063 2201 1120 2262 hoc

59 2303 111 2362 alibi
130 2321 255 2382 egenum.
283 2305 401 2366 Certmn
421 2311 520 2365 cutem
544 2309 588 2364 est
610 2303 687 2362 hanc
710 2302 746 2362 de
766 2301 957 2378 Septuaginta
974 2301 1119 2359 versionis

59 2406 203 2466 securitate
212 2406 390 2481 doctrinam,
400 2420 476 2480 quae
489 2403 527 2462 ad
539 2405 597 2462 tria
605 2402 722 2463 saecula
739 2403 771 2459 in
782 2399 890 2459 Christi
907 2398 1037 2458 Ecclesia
1054 2413 1119 2474 per·

58 2497 168 2580 duravit,
183 2520 217 2565 ac
238 2523 257 2566 a
274 2506 348 2563 viris
361 2505 418 2580 piis
435 2518 470 2562 ea
488 2507 581 2562 aetate
594 2515 745 2561 sacrarum
760 2500 924 2558 litterarum
937 2496 1119 2573 peritissimis

58 2609 229 2680 propugnata,
252 2602 329 2663 nulli
349 2601 575 2662 christianorum
603 2599 704 2658 cedere
716 2600 861 2674 potuisse,
880 2602 914 2656 ut
928 2611 1037 2654 novam
1049 2610 1117 2652 ver·

59 2697 146 2758 ohram
160 2702 321 2762 Bibliorum
335 2718 372 2761 ex
388 2701 514 2759 hebraeo
528 2699 686 2758 conflatam
699 2699 730 2756 in
743 2697 873 2756 medium
885 2699 1070 2771 proponeret,
1084 2707 1120 2750 eo

58 2800 150 2878 magis,
169 2801 247 2878 quod
259 2804 292 2860 in
303 2801 495 2859 hebraeorum
511 2799 612 2876 lingua
628 2797 793 2873 Scripturae
818 2795 897 2871 apud
909 2791 1119 2854 Christilldeles

59 2909 152 2974 parum,
165 2899 212 2959 vel
225 2900 337 2960 nullius
349 2899 530 2958 auctoritatis
540 2902 647 2972 essent,
666 2893 911 2972 quemadmodum
928 2894 1016 2950 etiam
1030 2888 1118 2966 paulo

57 2987 266 3057 indumento
285 3012 356 3073 prae
369 2999 542 3074 aegyptiace
559 2997 692 3054 versione
701 2993 875 3070 judaeorum
893 2989 1007 3048 codices
1026 2990 1118 3046 mino·

57 3091 86 3148 rh
95 3091 184 3154 haberi
197 3096 376 3155 viderentur.
390 3097 444 3154 llis
455 3095 552 3154 verhis
565 3096 666 3169 utique
678 3091 785 3150 arridet
791 3089 912 3149 Vossius
926 3103 993 3146 cum
1015 3109 1027 3136 «
1045 3085 1119 3145 Ver·

56 3188 146 3250 sionem
164 3197 322 3272 syriacam,
333 3194 451 3270 dixerit,
463 3210 525 3252 csse
543 3209 580 3251 ex
596 3207 681 3268 opere
695 3189 887 3267 judaeorum,
905 3201 979 3262 quae
992 3183 1119 3241 formata

56 3283 99 3346 tut
114 3291 148 3350 ad
165 3292 306 3352 hebraeos
320 3291 449 3368 codices,
465 3291 603 3368 illamque
622 3306 640 3348 a
654 3290 723 3348 solis
738 3291 883 3361 receptam
899 3283 1025 3360 judaeis,
1042 3295 1118 3338 nun·
1195 3279 1198 3284 '

56 3399 126 3458 quam
138 3407 205 3450 vero
215 3391 252 3450 ab
264 3391 333 3451 ullis
341 3391 578 3466 christianorum,
593 3393 644 3466 qui
661 3403 774 3462 semper
787 3383 870 3443 nefas
886 3380 1033 3441 credidere
1047 3376 1118 3436 deli-

56 3495 106 3542 cere
122 3487 157 3546 ab
175 3505 210 3548 ca
232 3491 385 3566 versione,
402 3488 652 3566 quaehpostolica
665 3487 836 3545 auctoritate
848 3479 1019 3540 confirmata
1030 3475 1122 3534 fuito

84 3581 139 3654 Quo
163 3592 260 3646 autem
280 3589 352 3646 istae
376 3587 637 3648 demonstrationes
659 3588 828 3657 vertuntur,
854 3579 955 3652 facile,
977 3576 1029 3651 qui
1053 3573 1115 3647 opi-

55 3679 136 3742 niones
168 3701 269 3744 eorum
294 3702 312 3744 a
339 3688 447 3744 nostris
472 3685 581 3744 alienas
609 3685 730 3760 legerit,
762 3682 814 3756 qui
851 3691 935 3754 syros
961 3671 1116 3732 orientales

56 3782 200 3841 versionem
220 3783 387 3859 simplicem
406 3791 520 3843 tantum
541 3785 572 3841 in
593 3783 722 3841 Ecclesia
742 3778 891 3838 communi
907 3788 963 3832 usu
982 3769 1119 3828 hahuisse

55 3869 123 3936 firmo
139 3887 254 3958 tenent,
274 3885 405 3958 percipit.
430 3881 472 3940 Ut
492 3897 565 3940 vero
587 3882 681 3956 magis
705 3877 793 3954 hujus
819 3873 964 3950 opinionis
989 3866 1120 3943 parvitas

55 3968 112 4050 lat,
131 3977 200 4038 haec
222 3979 376 4038 addantur.
404 3978 656 4040 Percrebresccnte
675 3973 855 4051 Evangelio,
875 3975 938 4048 jam
963 3965 1047 4041 quasi
1075 3967 1119 4019 to·

54 4063 104 4130 ium
120 4075 217 4137 orbem
237 4093 407 4154 graecorum
430 4078 531 4155 lingua
549 4079 718 4150 invaserat,
740 4079 774 4132 et
789 4083 951 4131 sermonem
977 4074 1115 4141 graecum

54 4173 81 4226 ut
97 4173 244 4252 vulgatum
266 4176 413 4237 habebant
436 4183 552 4254 gentes,
573 4175 743 4252 praesertim
765 4172 854 4230 totius
878 4165 980 4243 Syriae
998 4156 1118 4236 populi,

55 4280 128 4340 ‘llam
146 4274 176 4330 in
192 4291 242 4336 cas
263 4277 394 4354 regiones
412 4274 573 4336 Alexandri
590 4272 692 4350 Magni
710 4270 819 4349 praelia
842 4283 876 4326 ac
901 4261 1042 4340 trophaea
1060 4270 1120 4314 ma·

88 4365 157 4428 Pers
168 4371 196 4430 1.
306 4423 311 4426 .
738 4380 755 4428 8
