3070 5180
799 414 840 428 ···
860 401 958 445 xxxvl
979 413 1019 428 ···

376 527 457 608 que
486 453 631 579 divinis
659 499 702 576 in
731 497 946 607 Scripturis
972 498 1184 578 verborum
1208 483 1445 607 significatio

377 616 628 740 exquirenda
660 632 735 710 erit
762 631 883 711 ferme
910 631 1049 712 iisdem
1074 633 1174 731 viis,
1201 633 1350 740 quibus
1377 662 1446 713 cu-

370 763 528 873 jusdam
553 766 725 843 auctoris
745 763 903 872 profani
927 793 1064 844 sensus
1083 768 1298 874 generatim
1321 761 1445 846 credi·
1493 753 1501 758 -

375 915 442 977 tur
467 897 744 1006 exponendus.
777 900 837 977 Ex
864 902 943 980 hoc
968 899 1197 998 enascitur,
1228 901 1272 978 in
1303 900 1445 979 Bibliis

374 1033 589 1111 verborum
626 1032 869 1140 significatus
905 1032 1168 1141 investigandi
1206 1032 1445 1114 methodum

375 1167 554 1271 (practer
582 1164 720 1263 illum,
748 1166 821 1272 qui
846 1165 896 1245 ad
923 1195 997 1246 nos
1024 1195 1153 1274 usque
1170 1195 1242 1276 per
1262 1165 1447 1246 traditio-

375 1325 467 1376 nem
489 1299 616 1396 venit,
639 1325 820 1396 sensum,
851 1327 973 1406 quem
1001 1328 1155 1408 semper
1180 1301 1361 1380 venerari
1379 1297 1447 1378 de

374 1433 540 1529 bemus,
571 1433 730 1539 quoties
753 1433 820 1512 hia
840 1433 883 1511 in
903 1433 1124 1512 Bibliorum
1151 1433 1446 1542 interpretatio

376 1593 468 1644 nem
494 1565 675 1646 conferre
698 1567 871 1672 poterit)
901 1566 1041 1646 eodem
1065 1565 1185 1646 modo
1207 1595 1280 1647 nos
1306 1593 1447 1646 conse-

377 1699 450 1805 qui
472 1725 611 1806 posse,
638 1728 721 1807 quo
749 1701 834 1778 aliis
858 1702 901 1779 in
926 1701 1039 1779 libris
1068 1701 1348 1780 communibus
1375 1728 1446 1779 ex·

302 1925 305 1934 .
377 1832 550 1939 cipitur,
581 1832 805 1939 quinimmo
827 1833 943 1912 simili
962 1836 1142 1932 ratione,
1169 1849 1208 1912 et
1229 1834 1305 1912 illis
1328 1833 1447 1912 certis

375 1965 530 2074 legibus
554 1983 791 2072 temperata,
813 1995 918 2074 quae
937 1997 987 2048 ex·
1014 1965 1190 2075 ejusdem
1208 1983 1350 2046 natura
1368 1965 1448 2042 lin-

378 2126 480 2205 guae
503 2097 718 2206 prodeunt.
751 2101 858 2178 Dicit
876 2102 982 2180 enim
1005 2101 1254 2208 Augustinus
1277 2099 1348 2178 lib.
1372 2097 1443 2176 ΙΙΙ.

380 2228 430 2308 de
444 2234 581 2311 Doctr.
605 2233 750 2313 Christ.
775 2264 808 2312 c.
828 2235 921 2312 XL:
943 2233 1112 2314 «Sciant
1137 2251 1268 2314 autem
1284 2233 1447 2311 litterati

378 2363 506 2443 modis
520 2366 708 2444 omnibus
722 2367 949 2465 locutionis,
967 2396 1070 2476 quos
1084 2366 1325 2476 grammatici
1343 2393 1448 2475 grae·

378 2525 426 2575 co
446 2499 608 2576 nomine
627 2516 758 2607 tropos
776 2518 946 2599 vocant,
977 2518 1156 2581 auctores
1174 2517 1448 2579 nostros-usos

378 2629 524 2729 fuisse,
555 2649 593 2710 et
620 2634 880 2743 multiplicius
912 2654 1032 2743 atque
1065 2636 1292 2742 copiosius,
1324 2660 1448 2741 quam

378 2781 546 2870 possunt
572 2766 822 2865 existimare,
848 2768 910 2848 vel
944 2766 1132 2866 credere,
1165 2768 1237 2874 qui
1260 2767 1447 2846 nesciunt

379 2921 446 2974 eos
467 2960 477 2994 ,
508 2899 606 2977 etin
631 2899 717 2978 aliis
742 2899 997 2997 didicerunt,
1028 2929 1132 3006 quos
1148 2918 1280 2980 tamen
1307 2917 1446 3006 tropos

379 3031 453 3134 qui
480 3050 699 3131 noverunt,
730 3051 952 3141 agnoscunt
975 3036 1017 3112 in
1036 3033 1178 3113 litteris
1195 3033 1363 3132 sanctis,
1387 3061 1448 3112 eo

378 3192 550 3272 rumque
572 3168 735 3247 scientia
753 3166 803 3246 ad
822 3196 886 3247 cas
905 3156 1178 3274 intelligendas
1196 3168 1448 3274 aliquantum

379 3295 631 3406 adjuvantur.
643 3334 671 3398 x»
688 3301 857 3409 Insuper
875 3300 1098 3380 notandum
1118 3317 1188 3400 est,
1210 3300 1378 3380 testibus
1397 3298 1450 3378 di-

380 3459 429 3508 vo
451 3431 698 3538 Hieronymo
731 3434 896 3541 epistola
916 3432 966 3514 ad
989 3433 1171 3531 GalataS,
1202 3433 1296 3532 divo
1320 3433 1450 3538 Chry-

378 3579 567 3670 sostomo,
585 3581 623 3643 et
639 3564 850 3674 Gregorio,
872 3567 1019 3646 habere
1039 3591 1189 3646 sacram
1203 3564 1451 3673 Scripturam

378 3723 469 3774 suas
481 3671 743 3804 proprietates
758 3761 767 3797 ,
792 3716 832 3778 et
843 3699 1060 3779 verborum
1078 3698 1223 3778 formas
1236 3697 1447 3805 simplices,

379 3829 485 3935 q‘uae
502 3833 600 3928 etsi,
631 3834 684 3912 ait
711 3830 905 3932 Walton,
937 3832 1080 3912 criticis
1107 3861 1192 3912 non
1219 3828 1448 3926 arrideant,

376 3964 616 4073 majestatem
643 3984 776 4046 tamen
794 3965 969 4045 divinam
990 3967 1167 4074 spirant3
1198 3964 1314 4043 sicuti
1335 3964 1451 4041 inse

378 4089 512 4180 cunda
535 4115 649 4207 parte
672 4101 745 4179 erit
773 4089 983 4207 agendum.
1017 4098 1295 4205 Quapropter,
1317 4113 1363 4174 ut
1383 4124 1451 4173 au-

379 4249 534 4311 ctorum
561 4261 762 4314 sacrorum
781 4233 941 4341 linguae
952 4231 1167 4339 perfectam
1186 4229 1451 4337 adipiscamur
