2964 5174
782 357 963 408 -108—

330 469 473 542 vitatem,
494 469 629 542 vitaeque
649 465 833 524 honestatem
852 467 969 526 allicere
984 472 1087 542 queat,
1102 467 1155 542 iis,
1172 469 1223 543 qui
1235 483 1256 526 a
1271 471 1326 528 tuis
1338 485 1394 547 ago·

332 565 419 624 nibus
439 566 543 623 remoti
560 570 647 638 sunt,
666 564 871 640 investiganda
889 571 919 624 et
938 565 1139 624 oomervanda
1159 567 1304 642 relinque,
1325 571 1397 628 nimi·

333 680 399 720 rum
419 665 474 738 iis,
499 664 550 738 qui
567 661 724 721 verborum
744 678 867 738 pompae
880 664 976 737 potius
993 662 1184 738 studuerunt,
1199 671 1252 722 aut
1269 667 1351 722 etiam
1363 667 1399 724 ia·

330 761 416 820 hulas
429 761 574 836 quasdam
590 759 744 819 haeresum
759 759 947 820 effinxerunt.
964 785 977 810 ν
995 761 1040 820 Ex
1055 760 1117 836 his,
1131 763 1310 820 auctoritatis
1325 779 1400 842 argn-

331 865 462 916 mentum
480 859 609 932 eruitur,
628 874 688 933 qua
698 855 862 933 Scripturas
879 858 917 916 ab
932 858 1044 916 Isidoro
1061 858 1168 917 relatas
1181 859 1230 917 illc
1245 860 1306 932 ipse
1323 859 1401 920 dona-

331 960 384 1016 vit.
407 957 583 1016 Eammdem
599 973 670 1016 vero
690 955 810 1033 Canon,
832 959 890 1016 nisi
911 956 1029 1032 abipso
1050 957 1208 1016 discrettnn
1231 957 1366 1034 legimus,
1388 977 1403 1018 a

333 1055 542 1132 chrysostomo
560 1071 613 1115 suo
633 1062 819 1131 praeceptore
831 1072 924 1130 nuper
934 1056 1019 1114 nohis
1032 1057 1087 1114 erit
1100 1055 1323 1132 dignoscendus.

371 1153 399 1227 S.
422 1153 502 1211 XIV.
525 1152 653 1229 Cyriilus
673 1152 869 1212 Alexandriae
882 1155 1034 1228 episcopus
1048 1152 1109 1212 iere
1126 1160 1229 1212 sancto
1245 1154 1353 1212 Isidem
1364 1171 1403 1214 aa·

332 1251 428 1326 qualis
453 1257 555 1310 contra
572 1251 705 1310 haereses
721 1252 800 1310 illius
817 1254 921 1310 aetatis
939 1251 1067 1310 mirabili
1083 1252 1216 1310 doctrina
1238 1253 1403 1312 incarnatio

332 1351 378 1407 nis
399 1351 572 1424 mysterium
601 1348 774 1408 vindicavit.
794 1349 832 1423 (t)
849 1349 907 1407 lste
932 1351 1141 1408 commentaria
1160 1349 1282 1424 protulit
1298 1351 1328 1406 in
1346 1350 1404 1409 Pro·

332 1447 435 1521 phetas
449 1452 478 1504 et
496 1449 527 1504 in
546 1447 620 1505 alios
637 1445 802 1522 Scripturas
817 1446 925 1522 libros,
947 1464 963 1505 e
983 1447 1089 1522 quihus
1110 1463 1226 1522 quoque
1238 1447 1276 1505 de
1290 1447 1404 1522 Scriptu-

333 1547 374 1604 ris
393 1545 686 1604 Dantem-canonicis
706 1548 816 1604 mentio
834 1545 967 1604 habetur.
992 1546 1027 1604 ln
1040 1545 1150 1604 Joelem
1167 1562 1233 1620 cap.
1258 1562 1282 1604 1.
1303 1546 1406 1606 Macha-

333 1643 473 1702 haeorum
493 1650 575 1720 gesta
591 1650 710 1703 enarrat
727 1646 878 1720 inquiens:
898 1642 999 1698 «Ἔιτα
1011 1646 1102 1715 γέγονε
1123 1645 1192 1697 κατοὶ
1211 1644 1407 1715 ααιροιίςἊιτίι-

330 1764 382 1815 χος
399 1744 411 1796 ὁ
425 1741 532 1800 ἐπίκλην
545 1739 784 1814 Ἐπιφανιίς,οὗτος
797 1743 950 1816 ἀφικόμενος
967 1742 1004 1804 εἷς
1021 1744 1067 1799 τίν
1080 1741 1218 1804 Ἰουδαίαν,
1231 1730 1283 1794 καί
1295 1744 1338 1795 τόν
1348 1740 1407 1794 θεῖον

332 1835 453 1906 ἐνέπρησε
473 1837 550 1897 arar,
571 1832 629 1889 εἷλέ
647 1857 674 1888 τε
695 1836 728 1888 τοί
748 1836 827 1893 cuiun
845 1837 877 1888 τοὶ
900 1834 924 1887 ἒν
942 1835 1010 1903 αὐτῷ
1030 1835 1073 1888 καί
1090 1835 1136 1886 τῶν
1153 1833 1276 1905 πατριίων
1297 1832 1357 1887 ε’θιῖν
1371 1856 1409 1887 να·
1462 1841 1463 1858 ’

333 1925 493 1998 ταραθυμεῖν
507 1924 628 1998 ε’βιοίζετο
644 1929 704 1988 τούς
719 1925 769 1980 οἶνοί
785 1927 872 1980 adrat
892 1928 937 1985 τήν
955 1925 1098 1989 Ἰουδαίαν,
1117 1922 1159 1978 ὅτε
1181 1925 1226 1979 καί
1242 1926 1276 1978 τοὶ
1296 1927 1329 1977 ai
1344 1931 1408 1978 illaa-

333 2017 447 2082 ιιαβοιιῶν
472 2017 569 2081 συνέβη
589 2021 701 2090 λαμπραὶ
714 2022 759 2072 ναί
774 2017 981 2091 ἀξιοθαύμαστα
1008 2016 1216 2090 κατορθώματα,
1232 2020 1254 2075 i.
1271 2033 1297 2074 e.
1313 2016 1408 2074 Deinde

334 2131 369 2173 eo
389 2121 519 2190 tempore
541 2116 648 2191 prodiit
666 2116 828 2176 Antiochus
849 2117 1014 2192 Epiphanes
1032 2117 1079 2174 vel
1097 2116 1220 2175 illustris
1245 2115 1407 2190 appellatus,

333 2215 388 2271 iste
408 2230 475 2272 cum
496 2216 674 2288 pervenisset
685 2217 717 2270 in
732 2214 934 2291 ludaeam,et
953 2214 1082 2274 incendit
1102 2212 1259 2288 Templum
1275 2212 1407 2285 divinum,

335 2327 370 2370 ac
388 2313 457 2372 tulit
475 2327 566 2388 vasa,
581 2329 656 2388 quae
670 2319 753 2370 crant
766 2316 798 2370 in
808 2330 861 2388 eo,
884 2319 913 2372 et
932 2315 1042 2388 patrias
1061 2313 1140 2388 legas
1157 2312 1205 2370 vel
1219 2312 1353 2372 instituta
1367 2325 1407 2367 ne·

334 2409 444 2485 gligere
464 2410 605 2484 compulit
626 2426 746 2482 omnes,
768 2413 819 2486 qui
839 2417 922 2469 erant
942 2414 973 2469 in
992 2410 1124 2484 ludera,
1146 2409 1226 2468 unde
1245 2410 1333 2467 etiam
1353 2421 1409 2464 evc-

335 2514 441 2566 nerunt
459 2507 705 2566 Machahaeorum
722 2509 774 2566 illa
791 2508 956 2583 praeclara,
978 2515 1007 2567 et
1026 2507 1174 2567 mirabilia
1193 2507 1359 2566 facinora.»
1374 2504 1409 2562 lle

336 2613 415 2665 reeta
435 2604 493 2663 ilde
512 2605 550 2663 ad
572 2607 776 2679 imperatorem
800 2606 1015 2665 Theodosium:
1036 2631 1049 2654 «
1063 2607 1116 2660 Kal
1136 2608 1212 2660 τοῦτο
1235 2605 1366 2676 γινώσκοι
1388 2598 1410 2654 al

335 2705 410 2775 μοίλα
429 2744 435 2766 ,
454 2705 499 2756 καί
513 2704 545 2763 τίς
565 2703 661 2774 ἄριστα
683 2707 828 2776 φιλοσοφῶν
844 2703 858 2758 o‘
873 2703 1007 2776 προφήτης
1022 2702 1145 2774 Ἱερεμίας
1163 2700 1282 2772 dispulsa
1299 2700 1359 2772 πρὸς
1374 2697 1409 2748 rt'r

334 2795 412 2850 θεόν’
435 2798 467 2863 (2)
490 2793 530 2850 ὅτι
548 2817 580 2848 συ
599 2794 745 2866 καθήμενος
772 2794 810 2858 είς
827 2796 870 2850 τόν
890 2796 971 2850 αι’ὤνα
987 2838 995 2858 ,
1014 2797 1060 2848 καί
1077 2795 1156 2866 ἡμεῖς
1180 2791 1356 2862 ἀπολλύμενοι
1374 2789 1410 2842 τίν

335 2886 434 2950 alara,
461 2889 481 2945 i.
506 2904 532 2946 e.
561 2887 598 2945 Et
621 2887 677 2945 hoc
705 2886 820 2962 (juxta
845 2887 962 2946 Barneh
983 2887 991 2960 l
1010 2901 1187 2963 cognoscens
1218 2883 1294 2942 hene
1322 2882 1410 2940 Hiere-

336 2986 430 3059 mias,
456 2990 486 3042 et
514 2987 622 3060 optime
647 2985 869 3060 philosophatus
895 2985 1042 3061 Propheta
1074 2983 1169 3048 Deum
1198 2980 1352 3056 compellat
1372 2995 1408 3035 :·

335 3082 480 3154 Quoniam
517 3090 550 3142 tu
581 3083 683 3142 sedens
711 3086 742 3140 in
772 3090 954 3159 aeternum,
984 3088 1013 3141 et
1041 3098 1095 3140 nos
1130 3086 1284 3156 pereuntes
1315 3079 1345 3134 in
1371 3091 1410 3133 aa

255 3155 262 3174 ⁸
336 3197 384 3238 vo.
419 3205 432 3230 »
464 3179 507 3238 De
535 3180 740 3239 lucarnatione
776 3180 814 3256 (3)
848 3180 1026 3257 Unigeniti,
1057 3178 1187 3256 ejusdem
1221 3175 1292 3236 libri
1331 3171 1411 3232 verba

336 3279 457 3352 repetit:
475 3303 491 3327 a
506 3277 568 3332 Ἐπί
586 3280 637 3350 γῆς
656 3277 752 3350 ὤφθη,
774 3280 842 3332 zarai
868 3283 900 3332 το“
917 3278 1118 3351 γεγραμμένον,
1138 3275 1182 3330 καί
1200 3274 1226 3326 ἐν
1247 3275 1306 3334 τοῖς
1328 3267 1412 3341 ἀνθρώ·

336 3396 393 3436 ποις
412 3375 622 3448 συνανεστράοη,
643 3378 664 3434 i.
680 3392 707 3434 c.
724 3376 815 3452 Super
836 3383 944 3434 terram
972 3374 1124 3451 apparuit,
1141 3376 1230 3448 juxta
1248 3368 1328 3446 quod
1350 3366 1410 3426 seri·

336 3483 419 3552 ptum
438 3482 501 3551 est,
522 3481 552 3533 et
571 3477 648 3533 inter
668 3475 801 3533 homines
821 3479 1011 3533 conversatus
1030 3479 1112 3531 est.»

375 3573 410 3630 In
431 3573 534 3631 Esaiae
550 3575 761 3631 commentario
776 3588 841 3647 cap.
863 3580 912 3629 57.
931 3571 969 3630 ad
982 3569 1107 3645 Sophiae
1123 3566 1160 3642 (4)
1177 3566 1354 3642 scripturam
1369 3575 1409 3618 ac·

336 3671 430 3730 cedit:
449 3696 462 3722 a
475 3671 528 3723 Καί
545 3673 620 3726 τοῦτο
638 3670 752 3724 altam
772 3670 852 3742 λέγων
867 3668 1095 3741 ὁπαροιμιαστής·
1110 3665 1211 3719 σκολιοί
1227 3664 1280 3735 γάρ
1294 3658 1410 3732 λογισμοί

332 3768 484 3841 χορίζουσιν
504 3769 556 3823 οὶπό
577 3772 652 3832 Θεοῦ,
668 3767 713 3822 καί
734 3765 890 3839 ρεμβασμός
905 3762 1047 3836 ἐπιθυμίας
1063 3761 1217 3835 μεταλλείει
1242 3763 1297 3812 νοῦν
1315 3757 1411 3836 ἄκακον,

336 3863 356 3918 i.
373 3877 399 3918 e.
416 3859 453 3918 Et
468 3860 524 3919 hoc
542 3859 627 3918 docet
645 3859 745 3917 dicens
757 3858 969 3916 Paraemiasta:
981 3855 1114 3914 ·Pravae
1134 3854 1213 3911 enim
1233 3850 1411 3928 cogitationes

335 3964 472 4033 separant
490 3974 508 4017 a
522 3958 599 4033 Deo,
615 3958 644 4015 et
657 3957 853 4015 inconstantia
866 3954 1032 4030 cupiditatis
1046 3953 1237 4010 transversim
1251 3949 1326 4022 rapit
1339 3959 1410 4002 men·

363 4221 474 4284 (alludit.
488 4221 606 4271 Lutetiae.
631 4246 660 4258 -
680 4219 714 4281 (t)
731 4220 827 4269 Baruch
845 4232 867 4268 o.
887 4221 930 4268 ΠΙ.
950 4243 980 4258 -·
1003 4217 1037 4281 (a)
1051 4219 1121 4267 Tom.
1144 4217 1174 4265 V.
1195 4215 1261 4264 Part.
1281 4214 1301 4261 Ι.
1321 4224 1344 4272 p.
1359 4213 1405 4258 att.

333 4329 365 4339 -
382 4303 416 4366 (t)
431 4305 487 4364 sap.
500 4315 522 4351 c.
532 4303 552 4350 i.
564 4308 586 4349 a.
