3022 5178
816 359 996 410 —244—

367 472 497 532 sionibus
510 471 649 544 adfuere,
664 484 724 526 non
738 468 903 528 cumulatae
915 470 993 541 sint,
1012 471 1142 524 attamen
1155 476 1256 528 sancta
1268 473 1417 546 synodusin

365 570 470 628 ultima
487 571 614 626 sessione
632 566 726 624 voluit
744 572 778 624 ut
796 568 988 623 recitarentur
1010 571 1040 622 et
1056 565 1221 641 legerentur
1239 571 1346 644 omnia,
1359 589 1419 646 quae

365 665 489 724 diversis
509 663 689 738 temporibus
702 662 822 721 delinita
836 670 905 720 sunt
919 663 1016 737 quoad
1031 663 1170 739 dogmata
1183 671 1212 721 ct
1228 681 1336 723 morum
1348 669 1420 727 relor·

365 766 542 838 mationem,
570 761 676 837 quibus
705 762 806 835 lectis,
829 767 925 834 patres
948 761 1064 818 aoncilii
1087 777 1138 835 per
1168 763 1335 836 apostolicae
1351 763 1419 824 Sedis

364 859 476 936 legatos
493 877 512 918 a
531 860 699 918 beatissimo
723 873 845 916 romano
866 857 1003 934 pontifice
1029 863 1206 916 statutorum
1228 862 1352 917 omnium
1367 878 1422 920 con·

365 958 560 1018 firmationem
572 961 699 1034 petiere,
717 956 824 1032 quibus
841 957 912 1015 Pius
926 963 1048 1031 quartus
1066 973 1199 1016 annuens
1216 975 1314 1017 omnes
1328 959 1385 1019 illos
1398 961 1424 1020 n-

357 1055 413 1114 dei
434 1056 572 1114 articulos
590 1054 792 1132 accipiendos,
813 1053 1010 1112 observandos
1030 1060 1060 1112 et
1075 1053 1161 1114 firmo
1179 1055 1265 1114 corde
1288 1057 1424 1118 credendos

365 1153 480 1228 voluit,
498 1159 532 1211 ut
548 1169 640 1227 nuper
661 1168 742 1210 amc
759 1151 859 1210 relatis
877 1158 1007 1227 apparet.

406 1250 434 1324 S.
453 1250 506 1309 Vl.
524 1251 640 1322 Quanta
657 1252 776 1324 insuper
795 1249 882 1326 hujus
899 1249 1007 1308 decreti
1033 1256 1109 1308 essct
1131 1253 1288 1308 auctoritas
1308 1257 1335 1309 et
1353 1251 1424 1328 lida,

370 1350 505 1424 quernei
522 1350 690 1422 praestitere
710 1347 826 1405 concilii
843 1353 940 1422 patres
957 1353 988 1404 et
1003 1345 1102 1405 fidelos
1122 1363 1223 1406 omnes
1240 1349 1425 1425 impostemm‚

367 1451 397 1504 et
416 1461 475 1521 qua
492 1450 605 1504 ratione
620 1445 793 1520 applicanda
809 1447 848 1503 sit
867 1444 946 1503 illius
964 1447 1123 1503 sanctionis
1140 1447 1207 1520 ris,
1227 1447 1311 1521 juvet
1328 1445 1371 1504 hic
1389 1445 1425 1504 de

367 1543 512 1618 scribere,
532 1560 607 1618 quae
625 1543 730 1619 synodi
749 1544 823 1600 aliae
843 1543 1036 1616 provinciales
1055 1543 1092 1600 de
1118 1543 1174 1600 hac
1199 1545 1326 1601 sessione
1343 1550 1428 1618 quarta

367 1640 528 1700 tridentina
544 1646 676 1715 agentes,
689 1639 852 1697 decrevere.
872 1637 1008 1716 Synodus
1021 1639 1194 1698 dioecesana
1207 1639 1342 1697 ecclesiae
1352 1645 1377 1696 et
1386 1643 1429 1713 epi

368 1745 503 1813 scopatus
530 1739 746 1814 angamalensis
773 1740 959 1812 antiquorum
987 1737 1213 1796 christianorum
1232 1753 1257 1795 s.
1273 1737 1429 1795 Thomaein

368 1839 516 1894 montanis
530 1835 567 1894 de
578 1836 712 1896 Melabar
727 1835 828 1894 Indiae
841 1835 997 1895 Orientalis
1016 1835 1054 1893 ab
1075 1836 1291 1910 archiepiscopo
1308 1841 1428 1908 metropo

369 1933 460 1991 litauo
474 1935 575 2009 goeusi
587 1934 708 2008 Indiae,
725 1951 761 1992 ac
777 1936 905 2009 partium
922 1935 1108 1992 orientalium
1126 1936 1267 2008 primate,
1284 1933 1429 1991 auctoritate

368 2030 525 2089 Clementis
541 2047 633 2106 papae
660 2032 742 2090 Vlll.
763 2047 841 2089 anno
864 2032 981 2090 Domini
1003 2039 1078 2089 1599
1098 2032 1238 2106 collecta,
1257 2029 1294 2088 de
1311 2029 1428 2087 librorum

370 2127 538 2186 divinorum
550 2127 667 2186 Canone
676 2129 747 2186 haec
761 2128 1006 2203 habetcap.x1v:
1023 2129 1061 2204 (1)
1081 2129 1204 2188 «Unum
1215 2128 1356 2201 similiter,
1369 2143 1428 2184 eum

368 2225 492 2302 demque
509 2227 602 2285 Deum
620 2231 768 2285 auctorem
788 2227 878 2284 luisse
898 2230 1004 2285 veteris
1031 2234 1060 2284 et
1086 2229 1156 2284 novi
1173 2227 1353 2298 testamenti,
1372 2223 1429 2280 idat

368 2322 581 2399 Prophetarum
592 2330 622 2382 et
635 2324 797 2400 Evangelii3
812 2341 882 2382 nam
895 2328 1062 2383 testamenti
1074 2327 1226 2400 utriusque
1240 2325 1385 2398 scriptores
1397 2321 1429 2379 al·

367 2419 431 2477 flati
452 2420 561 2494 Spiritu
583 2420 690 2479 Sancto
708 2425 895 2496 scripserunt.
920 2423 1021 2498 Itaque
1038 2425 1141 2496 recipit
1157 2423 1289 2480 Ecclesia
1305 2419 1428 2480 omnesli·
1490 2411 1491 2474 ἶ

368 2517 437 2574 bros
456 2517 620 2576 Canonicos
634 2522 800 2576 testamenti
817 2521 986 2594 utriusque,
1003 2519 1187 2586 infallibilem
1204 2523 1237 2577 in
1255 2521 1429 2577 severitatem

368 2617 559 2690 continenteS,
572 2621 659 2690 atque
673 2633 690 2674 a
705 2614 814 2690 Spiritu
825 2624 927 2675 sancto
941 2617 1081 2692 dictatos3
1098 2617 1234 2675 videlicet
1250 2635 1267 2675 e
1280 2619 1429 2675 testamenta

367 2715 459 2769 veteri
478 2715 606 2788 quinque
627 2713 739 2790 Moysis
755 2714 857 2789 libros,
874 2714 1022 2789 Genesim,
1037 2715 1183 2790 Exodum,
1203 2715 1374 2788 Leviticum,
1386 2712 1429 2770 llu-

366 2825 480 2885 meros,
497 2811 753 2869 Deuteronomium
773 2819 859 2870 etc.»
883 2812 927 2871 Ac
944 2815 1052 2887 pariter
1071 2811 1223 2887 descriptis
1252 2813 1320 2870 aliis
1342 2811 1427 2868 veteris

365 2911 532 2966 testamenti
544 2916 573 2966 et
583 2909 827 2985 noviScripturis‚
838 2913 923 2969 sicuti
937 2911 1111 2970 exhibentur
1124 2927 1143 2968 a
1156 2911 1273 2988 synodo
1281 2910 1428 2982 tridentina,
1490 2907 1491 2928 1

370 3005 572 3081 subjungitur:
593 3032 606 3057 a
618 3009 675 3080 Qui
692 3008 759 3066 libri
772 3025 840 3066 cum
857 3010 993 3067 omnibns
1010 3013 1071 3068 suis
1084 3009 1215 3084 partibus
1231 3016 1303 3067 sunt
1316 3006 1430 3066 Canonici

368 3109 397 3161 et
416 3103 600 3162 infallibilem
617 3107 649 3162 in
671 3122 702 3163 se
722 3109 872 3165 continent
889 3110 1052 3189 veritatem.
1070 3133 1082 3157 υ
1100 3108 1153 3165 llis
1169 3107 1277 3166 addere
1290 3123 1395 3183 quoque
1405 3107 1429 3164 li·
1490 3127 1491 3130 ¹

367 3206 432 3259 ceat
445 3201 587 3276 quidquid
598 3206 743 3261 sancitum
755 3203 811 3262 fuit
821 3207 853 3262 in
865 3205 988 3264 concilio
998 3205 1255 3281 hierosolymitano
1269 3223 1345 3264 anno
1358 3211 1426 3262 1619,
1490 3213 1491 3278 3

364 3298 496 3372 praeside
511 3298 651 3358 Dositheo
664 3301 934 3377 hierosolymorum
947 3302 1123 3378 patriarcha.
1140 3303 1177 3377 (9)
1189 3303 1386 3362 Definitionem
1397 3305 1429 3358 in·

363 3401 476 3471 tagram
493 3398 724 3456 enunciabimus:
745 3424 758 3448 «
779 3400 924 3458 Ecclesiae
937 3399 1103 3458 Catholicae
1126 3403 1258 3476 regulam
1275 3405 1427 3476 sequenter,

364 3508 480 3551 sacram
488 3495 669 3568 scripturam
686 3511 735 3554 eos
752 3513 852 3555 omnes
868 3498 1047 3573 appellamus
1059 3498 1161 3574 libros,
1177 3515 1251 3574 quos
1265 3514 1284 3556 a
1297 3497 1427 3556 laodiceno

369 3593 483 3668 synodo
505 3591 632 3668 Cyrillus
650 3593 787 3670 Luceris,
806 3597 870 3669 ipso
898 3594 1015 3671 quidem
1038 3603 1226 3672 corrogante,
1245 3595 1377 3672 probatos
1396 3608 1428 3650 re
1490 3599 1491 3602 ’

365 3697 482 3766 censet3
508 3693 545 3748 iis
562 3695 681 3766 insuper
701 3691 829 3769 additis,
850 3710 925 3769 quos
945 3697 1135 3770 insipienter,
1150 3697 1269 3770 inscite,
1292 3699 1342 3752 ant
1353 3692 1427 3766 magis
1490 3710 1491 3752 i

365 3788 508 3846 malitiose
529 3792 647 3848 vocavit
667 3791 865 3867 apocryphos,
885 3792 1063 3867 Sapientiam
1090 3793 1199 3851 scilicet
1219 3792 1386 3862 Salomonis,
1401 3788 1427 3845 li·

365 3885 452 3943 brum
470 3886 590 3963 tudith,
609 3888 749 3965 Tobiam,
768 3890 903 3948 maeonis
924 3889 1097 3964 historiam,
1116 3889 1268 3948 historiam
1287 3888 1427 3955 susannae,

364 3983 557 4044 Machabaeos
571 3993 600 4045 et
617 3987 796 4063 Sapientiam
810 3989 922 4048 Sirach
940 3989 998 4047 uos
1012 3991 1091 4047 enim
1110 4003 1178 4046 cum
1196 3989 1298 4046 ceteris
1314 3983 1426 4063 genuinis
1490 4019 1491 4036 l

391 4198 426 4260 (t)
443 4201 523 4250 blansi
546 4201 707 4263 supplement
727 4201 892 4251 conciliorum
912 4205 981 4250 Tam.
995 4203 1036 4249 vl.
1055 4215 1079 4262 p.
1102 4207 1184 4250 19.-
1206 4197 1241 4261 (9)
1232 4196 1338 4261 )Suppl
1354 4187 1427 4242 Natalis

363 4279 480 4329 alexand.
493 4281 565 4330 c..Vl
578 4281 677 4341 partel.
691 4289 717 4342 p.
729 4284 768 4329 49.
