2964 5174
532 392 572 400 ..
593 367 629 420 gy
651 391 690 400 .-

76 471 141 532 dum
159 475 269 550 ingenii
286 477 332 534 sui
352 477 519 536 austeritate
532 483 562 536 et
575 487 677 536 severa
689 476 843 552 disciplina
857 479 888 538 ln
903 478 1036 540 Montani
1055 481 1154 544 haere·

74 575 126 632 sim
144 573 281 648 delapsus
298 581 352 634 est.
374 575 516 648 Quamvis
534 581 618 636 caute
639 576 718 634 illius
738 574 805 634 iibri
827 579 886 636 sint
903 577 1035 656 legendi,
1054 587 1152 642 tamen

73 674 177 730 nostris
190 674 222 730 in
236 671 507 748 investigationibus
521 715 530 748 ,
546 675 653 749 quippe
669 689 744 749 quae
757 673 885 750 ejusdam
899 691 1011 736 errores
1023 694 1084 739 non
1104 696 1152 740 ur·
1184 667 1186 673 ’

74 775 160 846 gent,
186 785 281 846 neque
305 775 375 828 tunc
388 773 526 846 temporis
539 769 695 849 scripturis
710 771 843 830 Deuteris
860 777 1043 848 quaestiones
1056 777 1154 838 iideln

73 868 145 926 inter
169 883 204 925 ao
232 867 406 928 Montanum
423 867 702 944 officiebant,.illius
720 869 882 930 doctrinam
895 871 932 932 de
945 889 976 930 re
993 880 1094 934 nostra
1107 893 1151 934 se·

71 967 119 1040 qai
136 965 184 1024 fas
197 968 263 1025 erit.
279 965 387 1026 Contra
393 967 517 1042 judaeos
534 965 675 1042 scribens,
691 967 936 1028 Machabaeomm
950 969 1017 1028 libri
1031 972 1151 1030 secundi

72 1063 160 1122 verba
170 1070 290 1124 enarrat
307 1065 405 1124 dicens
415 1065 465 1140 (liz
485 1066 565 1138 «Qui
575 1064 704 1124 sabbatis
714 1067 872 1142 pugnando
884 1068 996 1128 fortiter
1009 1069 1151 1147 iecerunt,

69 1166 96 1218 et
114 1160 215 1220 hostes
237 1162 390 1237 allophilos
409 1169 670 1239 expugnaverunt,
691 1163 841 1239 legemque
862 1171 1013 1239 paternam
1037 1166 1074 1226 ad
1095 1169 1153 1241 pri-

69 1261 180 1318 stinum
194 1262 274 1320 vitae
293 1267 403 1320 statum
418 1267 621 1320 revocamnt.»
636 1261 679 1320 Dc
692 1261 836 1338 Martyrio
847 1277 911 1338 cap.
928 1279 981 1320 111.
1000 1280 1037 1322 ex
1057 1263 1154 1322 illere·

68 1363 143 1420 miae
166 1359 205 1436 (a)
225 1361 356 1435 Epistola
380 1360 452 1420 haec
472 1363 578 1420 sumit:
599 1361 815 1422 «Mendnerant
839 1365 917 1421 enim
939 1369 968 1422 et
992 1364 1154 1422 Hieremiae

68 1457 222 1518 scribentis
236 1459 274 1517 ad
286 1475 352 1535 eos,
362 1459 468 1536 quibus
484 1458 536 1518 illa
549 1461 703 1533 captivitas
718 1460 899 1520 imminebat:
914 1462 972 1520 -Et
982 1478 1061 1520 nunc
1073 1461 1153 1520 vide-

68 1554 134 1616 bitis
153 1556 225 1616 deos
236 1557 460 1635 babyloniorum
480 1557 583 1616 aureos
600 1563 629 1616 et
647 1563 798 1634 argenteos
816 1564 845 1617 et
858 1559 969 1634 ligneos
985 1561 1095 1634 portari
1108 1575 1155 1618 su·

69 1670 119 1728 per
139 1655 298 1730 humeros,
320 1661 500 1714 ostentantes
522 1655 690 1714 nationibus
707 1658 857 1732 timorem;
876 1661 977 1716 cavete
990 1673 1059 1732 ergo
1076 1673 1113 1716 ne
1126 1663 1156 1716 et

67 1769 120 1810 vos
136 1753 248 1813 similes
267 1751 435 1812 efficiamini
455 1753 541 1813 iachs
561 1754 682 1830 alienis,
703 1760 733 1813 et
751 1756 904 1829 metuatiS,
925 1760 955 1814 et
978 1760 1072 1814 metus
1100 1771 1153 1814 vos

68 1851 165 1924 capiat
183 1852 214 1908 in
230 1851 334 1925 ipsis.»
351 1849 440 1908 Libro
454 1849 490 1908 de
503 1850 688 1927 simplicitate
707 1857 810 1910 contra
825 1850 1013 1911 Valentinum
1027 1852 1156 1926 loquitur
1208 1851 1210 1856 ’

64 1951 155 2022 juxta
174 1947 338 2022 Sapientiae
353 1947 391 2024 (a)
406 1949 511 2008 verba:
532 1973 544 2000 o
554 1949 646 2008 Porro
664 1949 752 2008 iacies
766 1949 820 2008 Dei
839 1955 950 2024 spectat
966 1951 998 2006 in
1017 1949 1154 2024 simplici-

70 2051 131 2104 tate
143 2048 328 2122 quaerentis,
347 2053 381 2106 ut
397 2046 481 2106 docet
502 2049 566 2122 ipsa
585 2047 693 2122 Sophia
709 2063 770 2105 non
788 2046 905 2122 qnidam
928 2047 1091 2121 Valentini,
1106 2047 1158 2106 sed

68 2141 244 2202 Salomonis.
258 2167 271 2194 r
287 2143 330 2202 De
347 2144 503 2204 traditione
516 2146 626 2220 inquit:
647 2143 698 2202 «Si
711 2151 741 2202 et
753 2143 888 2202 Susanna
901 2147 932 2202 in
948 2143 1061 2220 judicio
1074 2161 1156 2203 reve·
1213 2147 1217 2160 '

69 2239 130 2299 lata
144 2248 350 2317 argumentum
364 2244 481 2304 velandi
494 2249 638 2319 praestat,
653 2259 772 2318 possum
786 2242 898 2318 dicere,
912 2248 942 2302 et
959 2243 1008 2302 hic
1022 2243 1158 2304 velamen

70 2338 184 2396 arbitrii
200 2338 291 2398 init.»
313 2340 377 2399 iloc
396 2357 413 2400 e
433 2340 589 2417 Scripturis
605 2341 771 2416 exemplum
793 2342 883 2398 sumit
899 2340 1108 2416 Tertullianus,
1123 2347 1157 2401 ut

70 2442 155 2495 antea
170 2437 333 2512 profitetur.
349 2437 392 2498 De
399 2441 504 2514 jejunii
517 2438 624 2498 effectu
636 2455 654 2497 e
665 2438 794 2498 Danielis
809 2437 1004 2498 additionibus
1016 2439 1154 2515 loquitur:

74 2532 126 2592 «Si
147 2534 209 2594 Deo
230 2536 403 2596 miserabilis
419 2536 537 2612 Daniel,
556 2535 594 2612 (4)
611 2535 742 2596 leonibus
755 2538 786 2594 in
800 2536 867 2594 lacu
884 2535 981 2596 iuerat
996 2535 1156 2612 horribilis,

71 2631 120 2690 ubi
142 2632 262 2709 quidem
281 2634 324 2693 iiii
345 2649 397 2694 sex
416 2633 519 2694 diebus
532 2636 677 2710 jejunanti
701 2633 857 2709 prandium
873 2632 1003 2710 Angelus
1019 2651 1157 2710 procura·

71 2733 122 2790 vit.
135 2757 147 2781 υ
162 2730 207 2790 lie
220 2735 406 2808 monogamia
418 2748 482 2807 cap.
499 2748 581 2790 xvrr.
593 2733 744 2792 historiam
753 2731 963 2792 Judithreiert:
978 2732 1158 2792 «Habebunt

54 2827 155 2904 plane
168 2829 285 2890 Christo
299 2831 379 2908 quod
394 2829 529 2908 adlegent
552 2833 716 2906 speciosum
729 2830 928 2907 privilegium,
945 2832 1042 2890 carnis
1053 2847 1157 2906 usquc·

71 2943 186 3003 qunque
203 2927 441 2988 imbecillitatem.
460 2928 517 2988 Sed
531 2928 608 2988 hanc
623 2928 799 3004 judicabunt
807 2931 872 3004 jam
885 2943 946 2986 non
958 2928 1043 2988 Isaac
1059 2944 1159 2988 meno-

71 3041 175 3100 gamus
194 3031 408 3103 paternoster,
431 3044 485 3086 nec
506 3027 629 3088 loannis
648 3027 756 3088 Christi
776 3025 883 3102 spado,
903 3042 958 3084 neo
977 3026 1080 3086 Judith
1096 3027 1158 3088 lilia

71 3123 198 3201 lderari,
217 3140 272 3195 nec
287 3131 333 3185 tot
349 3127 408 3186 alia
422 3127 556 3202 exempla
573 3125 781 3188 Sanctarum.»
798 3123 887 3184 Libro
902 3125 997 3198 primo
1017 3122 1157 3184 adversus

71 3221 252 3284 Marcionem
270 3241 335 3300 cap.
358 3243 404 3284 vr.
427 3229 489 3302 agit
505 3225 543 3285 de
562 3225 668 3302 Dario,
687 3230 717 3284 et
733 3222 905 3296 iloloieme,
929 3227 958 3280 et
976 3220 1155 3282 Alexandro.

72 3317 164 3382 Simili
178 3323 266 3382 modo
280 3322 317 3383 de
334 3327 522 3401 monogamia
534 3339 599 3401 cap.
616 3341 668 3382 xv.
691 3323 886 3382 Ecclesiastici
905 3319 1086 3396 scripturam
1109 3338 1158 3396 pe-

72 3421 106 3479 tit
117 3421 234 3480 dioens:
249 3421 326 3482 «Nee
334 3422 399 3484 ideo
413 3421 521 3482 duritia
533 3413 725 3498 imputabitur
738 3421 865 3496 Christo,
881 3421 919 3480 de
935 3419 1048 3478 arbitrii
1063 3422 1159 3495 cujus·

73 3533 197 3594 curaque
213 3519 298 3578 liberi
314 3521 398 3597 vitio,
416 3536 494 3596 ecee,
509 3522 615 3597 inquit,
632 3520 671 3596 (5)
687 3522 771 3594 posui
790 3525 858 3580 ante
876 3525 905 3578 te
924 3517 1035 3578 bonum
1052 3523 1082 3576 et
1094 3533 1158 3576 ma-

74 3615 148 3693 lum,
164 3617 240 3694 elige
257 3618 336 3694 quod
349 3618 461 3679 bonum
478 3625 555 3678 est.»
572 3617 652 3678 Alibi
670 3617 772 3678 eadem
787 3616 878 3676 verba
890 3633 927 3676 en
942 3616 1095 3676 Dominieo
1107 3631 1158 3674 ore

74 3715 214 3774 celebrat:
235 3715 304 3776 «Sic
317 3717 347 3776 et
359 3719 392 3778 in
405 3720 527 3792 posteris
542 3716 656 3794 legibus
667 3716 811 3776 Crantoris
825 3718 957 3776 invenias
972 3714 1159 3791 proponentis

76 3819 141 3872 ante
162 3813 312 3874 hominem
332 3814 442 3876 bonum
468 3821 497 3874 et
522 3815 649 3890 malum,
675 3817 768 3874 vitam
793 3821 822 3874 et
839 3819 973 3872 moriem.
988 3838 1001 3862 1>
1018 3811 1160 3886 Exempla

76 3911 147 3988 alia,
164 3927 240 3988 quae
257 3913 417 3974 bibliorum
436 3911 792 3975 Dantem-Canonicnmm
805 3911 989 3970 divinitatem
1009 3909 1157 3984 maltam,

77 4009 160 4082 plura
176 4025 214 4068 ex
233 4009 311 4070 illius
331 4013 446 4086 scriptis
466 4011 629 4088 colligenda
644 4017 739 4070 erunt.
760 4010 888 4070 Tantum
905 4022 1023 4088 monere
1040 4007 1089 4064 hie
1105 4023 1158 4064 vo·

78 4105 116 4164 ini
138 4107 375 4185 Tertullianum,
404 4112 509 4185 quavis
540 4109 720 4168 dubitatione
744 4107 880 4182 seclusa,
907 4105 996 4164 libres
1019 4104 1159 4162 Deuteros

102 4239 137 4301 (r)
154 4241 381 4292 r.uo.c.1v.-
396 4242 431 4305 (ι)
448 4243 575 4294 narone.
587 4245 657 4294 vis
679 4240 911 4305 a.-(e)sap.o.1.
928 4245 990 4288 1.·-
1008 4207 1044 4299 (ι’)
1060 4238 1121 4284 nan.
1134 4248 1156 4282 a.

80 4321 141 4370 XIV.
153 4347 184 4360 -
195 4321 230 4384 (a)
240 4322 304 4372 licei.
318 4336 340 4373 e.
352 4326 404 4372 XV.
419 4331 455 4374 18.
