3086 5182
573 325 732 378 ...59-

112 441 202 512 ctor,
223 442 310 512 prout
333 439 419 496 naha
446 431 527 512 dini,
556 435 671 497 collatis
697 440 771 498 inter
791 453 824 498 se
841 443 871 498 et
892 438 1024 500 docmina
1050 439 1189 504 hebraeo-

116 549 186 594 rum
208 539 238 594 et
259 534 441 594 ethnicorum
462 535 667 613 opinionibus,
688 536 853 598 decerneret
872 545 1014 614 wadmm
1034 540 1189 620 huniae,

112 640 145 694 et
157 634 297 694 unitatis
314 632 518 710 protenderent
534 634 640 695 horum
654 637 870 714 institutiones,
892 653 966 714 quae
983 638 1058 699 aliae
1073 639 1111 698 eh
1125 640 1190 700 aliis

14 755 15 758 ¹
114 731 229 792 alienae
255 747 321 792 sese
347 737 448 792 mutuo
476 732 630 793 destruunt
656 749 713 809 eo,
741 734 819 809 quod
838 734 883 793 illi
905 738 1071 796 nereidum
1097 735 1191 798 Deum

14 821 17 860 ξ
113 829 280 906 Sapientiae
299 829 434 908 iontem,
452 845 548 907 neque
573 831 611 890 ah
633 847 667 892 eo
685 834 815 908 petiere,
835 837 869 892 ut
893 832 1011 894 divinae
1029 831 1192 911 Sapientiae

114 943 188 990 suae
211 929 301 989 radiis
324 929 519 990 illustraretur
545 929 678 990 inflamus
700 945 801 1000 eorum
828 930 1003 992 intellectus.
1030 931 1126 1009 Atque
1149 935 1191 994 ite

111 1027 185 1087 hino
204 1026 272 1088 inde
285 1027 411 1105 ¹Sapiens
431 1027 498 1088 illos
517 1027 705 1105 philosophos
726 1024 823 1107 arguit
843 1029 881 1090 ad
908 1029 1025 1093 illorum
1054 1031 1190 1093 emendo

113 1127 236 1186 tionem

155 1223 184 1301 s.
208 1223 244 1285 V.
267 1224 329 1284 Etsi
355 1241 426 1284 vero
453 1225 625 1304 hujusmodi
646 1225 780 1286 doctina
803 1227 845 1286 ita
867 1224 1035 1302 clarescet,
1061 1231 1190 1288 attamen

115 1323 279 1384 aduersarii
305 1323 394 1402 hujus
418 1321 583 1400 Scripturae
607 1323 754 1384 divinitati
773 1325 905 1401 mentiti,
926 1322 1092 1402 objiciunt,
1113 1325 1191 1386 illius

33 1455 35 1462 ·
114 1427 284 1498 auctorem,
300 1435 353 1498 pre
369 1437 403 1482 eo
416 1422 495 1498 quod
510 1421 695 1499 redargueret
709 1437 878 1500 graecorum
892 1421 1130 1500 philosophorum
1143 1423 1193 1484 do·

112 1521 255 1596 cuinam
270 1525 304 1580 ut
323 1534 414 1596 nuper
428 1519 559 1597 ostendi,
580 1520 697 1580 illorum
710 1521 852 1597 principia
864 1525 1007 1580 secmtum
1020 1535 1093 1580 esse.
1109 1519 1189 1600 Sed,

112 1620 141 1678 sl
159 1625 261 1678 eontra
278 1617 356 1678 hano
367 1617 530 1678 docuinam
547 1620 665 1696 scripsit·
678 1616 842 1693 Sapientiae
860 1623 978 1694 auctor,
999 1623 1115 1695 sumpto
1127 1619 1190 1682 tha·

14 1719 24 1758 l
113 1722 194 1776 mate
213 1732 250 1776 ex
272 1717 400 1794 antiquis
420 1723 449 1778 et
472 1715 581 1776 divinis
607 1715 763 1793 seripturis
786 1715 898 1794 Moysis
918 1723 948 1778 et
971 1717 1096 1780 alhaum
1119 1717 1190 1778 Pro·
1267 1730 1271 1740 ·

112 1815 287 1892 phetarum,
308 1799 593 1892 quommdpmnm
611 1817 717 1892 poterit
734 1815 818 1874 illum
838 1814 927 1876 inisse
946 1814 1091 1876 imbutum
1111 1832 1191 1894 prae·

113 1931 216 1976 eorum
235 1914 474 1991 philosophorum
491 1912 746 1975 institutionibus?
767 1915 830 1974 Hoc
844 1929 914 1974 sane
927 1913 1119 1975 hebraeorum
1132 1921 1191 1976 eta·

14 2005 16 2014 ’
113 2015 186 2074 tutis
207 2027 241 2072 ao
259 2011 419 2073 conditioni
438 2011 590 2088 officeret,
611 2015 728 2074 eosdem
750 2017 781 2073 ln
801 2013 936 2074 omnibus
956 2015 1018 2074 suis
1037 2019 1190 2074 consuetu-

14 2109 19 2152 f
113 2109 233 2170 dinibus
253 2117 390 2186 perpetuo
410 2109 448 2170 ah
468 2110 591 2171 ethnicis
606 2112 716 2172 alienos
730 2112 767 2172 ad
781 2113 859 2172 hano
871 2127 964 2190 usque
977 2113 1074 2190 hem,
1096 2120 1125 2173 et
1139 2129 1191 2190 pua

117 2214 268 2270 ternorum
289 2209 480 2270 traditionum
501 2207 714 2286 aemulatores,
734 2215 882 2270 mutuatos
900 2224 963 2270 esse
980 2209 1191 2287 aphilosophie

115 2306 248 2384 profanis
268 2306 431 2368 doctrinam
449 2307 485 2368 de
498 2307 578 2385 Deo,
600 2308 638 2368 da
650 2309 765 2369 ammae
778 2306 1012 2385 immortalitate,
1033 2307 1070 2368 da
1080 2307 1192 2385 Judido

14 2411 16 2416 '
114 2405 236 2484 futuro,
258 2405 295 2466 de
315 2408 377 2468 vite
399 2414 535 2484 aeterna,
557 2407 680 2484 allisque
700 2408 868 2485 mysteriis,
889 2421 964 2484 quae
978 2409 1010 2466 in
1030 2407 1121 2466 ueteri
1136 2403 1190 2466 Te·

114 2509 261 2565 stramento
274 2505 433 2582 praedicta,
448 2507 480 2564 in
493 2519 630 2582 novoper
644 2503 791 2565 Christum
805 2503 906 2564 lesum
918 2503 1091 2564 continuata
1099 2501 1190 2564 luere.

115 2604 180 2664 lieo
197 2605 297 2680 utique
316 2603 482 2664 christianis
502 2609 578 2666 esset
597 2603 829 2680 attendendum,
850 2604 933 2679 quie
952 2602 1034 2662 libris
1053 2599 1191 2660 hebraeo·

14 2757 15 2760 ,
115 2715 183 2761 rum
212 2701 377 2763 haurientes
399 2701 551 2780 Evangelii
576 2704 754 2778 veritatem,
783 2704 971 2777 omniumque
994 2699 1191 2777 dogmatum,

116 2813 192 2876 quae
210 2801 242 2858 ln
262 2815 296 2860 eo
315 2800 444 2862 stabilita
465 2806 535 2862 eunt
555 2800 592 2860 eh
613 2800 779 2878 Apostolis,
800 2801 936 2860 noverint
951 2805 1061 2876 quanta
1081 2796 1194 2857 oonior·

14 2928 23 2960 ,ι
117 2897 219 2957 mitate
242 2897 352 2973 pollent
377 2897 433 2958 hae
460 2900 619 2960 mendae
638 2897 813 2974 Salomonis,
834 2899 905 2958 novi
924 2891 1191 2958 Foederis'Blbliie.

116 2993 237 3056 Summa
259 3011 307 3056 ros
331 3001 406 3056 esset
427 2998 497 3072 eis,
521 2995 715 3072 (adversariis
741 2995 827 3072 dico)
849 3001 878 3055 et
900 2995 1059 3054 christiano
1081 2994 1193 3054 nomini

115 3092 204 3154 valde
216 3105 391 3171 congraum,
400 3093 471 3154 dum
490 3091 623 3153 Platonis
636 3107 740 3169 nempe
750 3092 828 3154 diota
841 3109 858 3152 e
871 3091 1017 3170 Sapientia
1029 3091 1193 3150 Sulmonis

116 3190 278 3270 hauriant,
299 3193 446 3269 cogitare,
467 3187 618 3252 Platonem
639 3189 959 3265 eamdem-ceterosque
972 3186 1111 3249 ortena
1128 3185 1193 3263 phi·

116 3289 254 3367 losophos
273 3293 370 3368 potius
390 3291 428 3352 ab
447 3285 578 3352 hebraeis
599 3287 758 3368 quidquam
778 3301 866 3349 sanae
883 3287 1033 3348 harinae
1046 3284 1193 3362 didicisse,

116 3403 208 3466 quam
228 3387 368 3450 hebraeos
383 3387 413 3448 id
428 3388 466 3454 ab
485 3387 609 3450 ethnicis
632 3387 831 3464 acquisivisse.
852 3383 995 3448 Probrum
1006 3381 1194 3462 iudaelspri·

115 3503 219 3564 mum,
240 3489 345 3548 deinde
363 3487 543 3564 christianis,
563 3486 656 3563 lieret,
673 3485 750 3545 hanc
770 3486 920 3544 instituere
940 3488 969 3542 et
988 3480 1110 3572 probare
1128 3495 1194 3542 ean·

115 3587 249 3646 tentiam.
272 3585 411 3646 Doctrim
431 3584 624 3646 hebraeorum
645 3599 760 3644 summa
780 3581 926 3658 Sapientia
946 3579 1053 3642 referta
1065 3585 1128 3656 est,
1148 3579 1193 3640 uit

14 3665 15 3674 ¹
115 3697 218 3741 eorum
246 3681 325 3742 Deus
350 3684 475 3744 essentia
501 3683 749 3760 sapientissimus,
771 3680 852 3741 illam
873 3678 970 3758 Moysi
992 3683 1021 3738 et
1039 3676 1193 3754 Prophetis

114 3781 244 3854 primum
261 3778 384 3857 indidit,
406 3781 491 3841 sicuti
511 3779 589 3841 illius
609 3784 672 3857 ejus
692 3779 815 3854 deinde,
837 3778 888 3854 qul
902 3777 1082 3836 voluntatem
1097 3774 1192 3836 Patris

14 3911 15 3956 3
116 3877 285 3955 expleturus
300 3881 451 3939 interram
465 3878 632 3956 deseendit,
654 3879 752 3957 ibique
771 3883 960 3938 conversatus
979 3880 1034 3936 est.
1054 3873 1194 3952 Nunquid

115 3993 156 4038 ne
173 3977 339 4055 hujusmodi
356 3976 504 4054 Sapientia
518 3981 689 4040 aumomtaie
702 3977 825 4055 prolana
840 3974 1023 4050 roboranda,
1045 3988 1096 4034 sau
1114 3987 1194 4032 com·

117 4077 268 4137 miscenda
292 4083 368 4137 esset
381 4077 418 4137 ad
430 4077 510 4137 illius
525 4078 690 4156 augendum
712 4075 937 4136 testimonium?
958 4073 1056 4148 absit,
1079 4075 1195 4132 aemma

117 4179 148 4234 et
167 4173 267 4236 eadam
288 4176 351 4251 ipsa
371 4180 414 4236 esi
434 4190 501 4236 oum
521 4174 601 4253 Deo,
622 4173 737 4235 inilnita
758 4179 786 4232 et
805 4172 879 4233 nulli
900 4171 975 4231 freta
995 4167 1124 4228 humano
1137 4183 1195 4228 au-

118 4272 202 4332 xlllo.
