3070 5180
797 364 956 414 ...44-

337 489 428 549 num,
447 471 526 550 quod
543 470 675 548 Apostoli
704 469 832 530 molestis
858 469 1060 546 tradiderunt,
1083 475 1112 528 et
1132 469 1295 548 depositam
1317 467 1419 530 Sancti

339 569 463 647 Spiritus
473 569 649 646 compilare?
660 565 709 626 An
720 583 781 626 non
794 574 839 627 est
851 568 1022 644 compilare,
1037 581 1127 644 quum
1143 567 1286 644 quaedam
1296 567 1419 644 quidem

339 671 550 744 immutantur,
570 673 599 725 et
615 682 695 725 error
717 665 824 726 dicitur
845 668 970 743 corrigi?
990 666 1067 724 Nom
1083 668 1177 726 omnis
1196 667 1247 726 illa
1269 667 1415 743 historio,
1521 693 1525 706 ·

336 784 412 843 quae
430 768 571 826 castitatis
581 764 746 839 exemplum
755 763 911 839 praebebat
923 765 1050 823 ecclesiis
1062 763 1130 839 Dei,
1151 763 1189 822 ab
1207 767 1270 841 ipso
1284 765 1418 824 abscissa

338 871 382 923 est
401 871 431 923 et
453 864 566 938 abiecta
587 868 617 920 et
635 861 812 937 posthabita.
834 861 936 920 Trium
955 877 1110 936 puerorum
1128 859 1272 937 hymnus,
1291 863 1417 937 quima-

336 967 416 1022 xime
434 961 535 1022 diebus
560 960 736 1020 solemnibus
756 963 788 1018 ln
807 961 935 1019 eeclesiis
953 960 1006 1020 Dei
1027 963 1157 1036 eonlmr,
1177 959 1215 1018 ab
1233 964 1289 1020 isto
1310 978 1327 1020 e
1352 961 1416 1020 loeo
1519 962 1527 1002 i

337 1077 390 1119 suo
398 1063 513 1136 penitus
522 1074 622 1118 erasus
635 1065 708 1116 est.»
721 1058 777 1121 Hic
789 1060 899 1118 interea
906 1057 1056 1117 fatendum
1064 1064 1109 1116 est
1120 1073 1188 1116 cum
1195 1057 1332 1135 lluffiao,
1345 1073 1418 1117 vero

337 1173 416 1232 esse,
435 1173 510 1233 quae
523 1156 702 1232 Hieronymo
719 1157 781 1230 ipse
799 1154 952 1233 objiciebat
968 1155 1136 1217 nouaclum
1153 1154 1190 1214 de
1209 1155 1265 1216 hac
1281 1157 1418 1232 pericope

336 1253 485 1331 Danielis,
509 1263 612 1314 verum
638 1255 727 1312 etiam
749 1253 787 1312 de
806 1254 871 1314 aliis
896 1253 978 1312 libris
995 1260 1025 1312 et
1046 1253 1258 1330 additionibus,
1283 1269 1360 1329 quae
1377 1251 1419 1312 ab
1524 1275 1525 1278 ¹

336 1353 479 1412 hebraicis
499 1351 696 1412 voluminibus
719 1351 855 1427 aberant,
879 1367 953 1426 quae
977 1368 1047 1410 vero
1067 1367 1170 1428 graeca
1189 1351 1360 1428 legebantur
1384 1353 1419 1410 in
1517 1355 1527 1400 t

335 1450 471 1510 omnihus
492 1450 622 1508 fidelium
640 1448 785 1524 ecclesiis3
806 1465 876 1508 uam
888 1448 986 1511 ethoc
1003 1465 1040 1510 ex
1061 1449 1190 1524 ejusdem
1205 1449 1331 1514 doctoris
1348 1465 1417 1508 ver-

335 1547 380 1606 bis
399 1548 572 1622 adstruitur,
593 1547 645 1624 uui
666 1546 705 1604 ad
720 1548 828 1606 amicos
848 1547 1011 1622 episcopos,
1035 1553 1063 1606 et
1084 1546 1124 1606 od
1140 1547 1213 1606 alios
1234 1545 1304 1606 fidei
1320 1549 1418 1606 socios

336 1645 476 1720 scribens,
490 1645 676 1720 conqueritur
688 1644 725 1702 de
743 1643 920 1720 oppositione
931 1643 1139 1719 quorumdam,
1154 1645 1205 1720 qui
1218 1647 1337 1704 minime
1347 1661 1418 1720 pm·
1518 1687 1520 1694 s

334 1739 444 1800 bahent
463 1757 522 1800 non
541 1747 657 1800 tonbrm
675 1757 783 1800 noram
796 1756 880 1799 suam
895 1755 932 1800 ex
951 1740 1075 1800 hebrom
1094 1739 1309 1816 scripturarum
1328 1745 1419 1802 inter·

335 1841 542 1916 pretationem,
560 1855 664 1898 verum
686 1840 774 1898 etiam
791 1854 901 1898 novum
920 1837 1061 1898 librorum
1084 1838 1235 1915 ordinem,
1256 1843 1418 1917 segregatis
1518 1879 1527 1890 -

335 1935 525 1995 hebraeorum
542 1935 696 2013 Scripturis
709 1935 747 1995 ah
758 1935 827 2012 illis,
848 1951 922 2014 quiae
941 1941 1084 1996 vocantur
1100 1935 1416 2016 DeuteroCanonicac,
1520 1935 1527 1998 ’ἶ

336 2040 365 2092 et
383 2034 507 2109 amplius
527 2033 722 2111 quorumdam·
736 2033 877 2093 librorum
889 2033 1099 2109 Prophetarum
1114 2034 1246 2108 portibus
1265 2037 1418 2096 nonnullis
1519 2053 1520 2058 ¹

334 2147 452 2206 prorsus
464 2131 609 2190 abscissis.
625 2131 671 2190 Ita
685 2133 763 2190 enim
780 2133 812 2190 in
830 2131 1007 2207 praelatione
1019 2131 1180 2192 llleremiae
1194 2132 1279 2190 dicit:
1301 2157 1314 2184 a
1326 2133 1417 2194 Prae-

333 2235 413 2288 terea
430 2229 563 2290 ordinem
576 2231 723 2288 visionum
742 2231 793 2305 qui
811 2229 888 2304 apud
908 2244 1026 2305 macces
1043 2235 1072 2286 et
1084 2229 1189 2288 latinos
1208 2231 1327 2290 omnino
1347 2248 1417 2292 eoa·
1525 2263 1527 2288 r

333 2327 417 2386 huns
434 2334 488 2403 est,
503 2326 540 2387 od
558 2328 712 2403 pristinam
730 2326 819 2385 iidem
835 2329 1023 2386 correxirnns.
1043 2326 1164 2386 Lihrmn
1180 2334 1280 2387 autem
1298 2329 1417 2392 Baruch
1520 2345 1527 2385 ε

333 2427 440 2484 notarii
457 2428 536 2499 ejus,
557 2425 608 2499 qui
625 2423 703 2498 apud
720 2422 859 2484 hebraeos
880 2440 934 2514 nec
951 2425 1074 2501 legitur,
1094 2440 1149 2484 nec
1166 2425 1310 2504 habetur,
1330 2445 1416 2503 prae-

334 2524 530 2598 termisimus3
547 2537 600 2597 pro
619 2521 665 2580 his
679 2521 815 2580 omnibus
829 2522 983 2582 meledicta
1000 2522 1038 2581 ab
1053 2523 1175 2582 aemulis
1191 2525 1414 2603 praestolantes,

334 2622 440 2698 quihus
458 2639 504 2680 me
521 2637 638 2682 necesse
659 2628 704 2680 est
721 2636 772 2697 per
792 2622 909 2698 singula
934 2622 1073 2698 opuscula
1092 2623 1274 2698 respondere.
1294 2649 1308 2677 a
1331 2626 1415 2686 Idem
1522 2643 1527 2683 r

334 2720 437 2792 repetit
453 2721 485 2776 in
506 2719 656 2778 Danielem
676 2718 712 2778 de
732 2719 861 2795 ejusdem
879 2718 946 2779 libri
967 2720 1185 2781 additamentis:
1205 2746 1218 2773 α
1235 2723 1333 2799 Quae,
1350 2726 1415 2800 ipse

334 2814 449 2890 scribit,
470 2818 540 2890 quia
560 2819 593 2874 in
609 2821 671 2875 toto
691 2815 761 2875 orbe
782 2815 911 2892 dispersa
928 2823 1013 2893 sunt,
1028 2833 1100 2877 veru
1111 2821 1292 2895 anteposito,
1307 2836 1418 2898 easque

329 2912 499 2988 jugulante,
510 2913 700 2991 subjecimus,
714 2929 752 2973 nc
764 2913 928 2974 videremur
939 2915 1017 2989 apud
1030 2917 1178 2990 imperitos
1193 2929 1333 2992 magnam
1345 2933 1415 2993 par.
1526 2927 1527 2934 κ

333 3015 394 3067 tem
401 3011 558 3068 voluminis
570 3010 766 3072 detruncasse.
786 3037 798 3064 a
816 3011 928 3072 Pariter
942 3014 973 3070 in
985 3011 1094 3072 libmm
1108 3013 1212 3072 Esther
1225 3015 1265 3074 ad
1276 3014 1413 3093 Paulam,

333 3111 362 3164 et
377 3107 582 3185 Eustochium,
604 3109 735 3168 conlecta
754 3126 792 3168 ex
811 3108 936 3169 hebraeo
953 3108 1031 3168 illius
1048 3109 1115 3168 libri
1133 3113 1285 3188 versione,
1308 3119 1338 3172 et
1359 3129 1414 3172 no·

332 3205 400 3262 totis
415 3221 490 3280 quac
510 3207 541 3264 in
562 3209 673 3282 mancis
689 3206 863 3266 editioms
880 3207 1064 3284 legebantur,
1083 3211 1116 3267 in
1133 3209 1258 3268 hebraeo
1274 3211 1413 3288 omissae,
1526 3233 1527 3258 r

332 3301 416 3360 dicit:
437 3327 449 3352 «
465 3302 526 3362 Nee
546 3303 717 3364 affectamus
733 3304 834 3365 laudes
852 3304 1019 3379 hominum,
1042 3321 1096 3364 nec
1115 3308 1342 3382 vituperationes
1362 3323 1414 3366 ex·
1526 3341 1527 3364 t

332 3398 525 3472 pavescimus.
545 3425 558 3450 o
576 3400 640 3460 Hoc
657 3401 734 3460 idem
746 3404 888 3477 excipitur
905 3404 1114 3477 epraefatione
1130 3404 1238 3463 Tobiae
1258 3405 1413 3481 etiudnh,

211 3565 213 3574 ,
332 3494 402 3552 dum
419 3498 480 3571 ipse
497 3497 597 3558 scribit
618 3499 656 3558 ad
677 3502 841 3577 episcopos,
868 3502 919 3576 qui
939 3499 1045 3560 horum
1068 3500 1228 3561 Bibliorum
1257 3501 1415 3577 cupiebant

332 3594 612 3672 interpretationem
627 3597 762 3672 equibus
777 3597 912 3658 omnibus
927 3597 1013 3658 divus
1026 3599 1127 3658 doctor
1139 3601 1313 3658 sententiam
1327 3616 1414 3660 suam

333 3697 448 3766 postem
461 3699 495 3750 ut
509 3699 595 3752 antea
607 3693 686 3770 dixi,
701 3689 870 3772 emendare,
884 3694 932 3754 vel
944 3697 1047 3756 melius
1063 3697 1208 3771 explicare
1223 3703 1345 3758 coactus
1356 3705 1413 3774 est,

333 3793 367 3846 ut
385 3787 434 3845 hic
449 3787 535 3864 iacit,
556 3805 624 3850 cum
646 3793 805 3867 supradicti
823 3793 935 3853 Ruffini
957 3793 1047 3853 verba
1072 3798 1102 3852 et
1132 3799 1294 3856 ceterorum
1313 3811 1414 3872 aegre·

333 3882 441 3960 ferens,
459 3885 551 3945 eidem
569 3890 733 3966 respondet,
748 3907 871 3967 eumque
890 3893 996 3967 arguit,
1011 3893 1167 3967 quasinon
1181 3899 1415 3968 capremontem

333 3997 417 4040 suam
433 3983 667 4058 interpretatum:
687 3988 792 4060 «Quod
813 3994 910 4047 autem
929 3987 1040 4064 refero,
1051 3988 1289 4064 quidadversnm
1307 3989 1415 4050 Susan-

332 4093 390 4136 nae
401 4121 410 4154 ,
422 4085 451 4138 et
464 4080 547 4158 Beli,
563 4088 591 4141 et
603 4083 737 4144 draconis
748 4084 879 4162 sabulos,
904 4091 933 4144 et
951 4084 1094 4162 hymnum
1118 4087 1207 4145 trium
1229 4101 1410 4163 puerorum,

333 4178 450 4250 quaein
463 4177 597 4238 hebraico
613 4181 761 4242 volumine
780 4199 839 4242 non
861 4182 1022 4259 habentur,
1048 4183 1166 4246 hebraei
1179 4184 1290 4243 soleant
1303 4184 1411 4260 dicere,

331 4276 382 4352 qui
406 4293 452 4336 me
479 4280 659 4357 criminatur,
680 4281 802 4342 stultum
821 4297 852 4342 sc
876 4281 1086 4360 sycophantam
1110 4281 1223 4358 probat.
1245 4281 1312 4343 Non
1333 4285 1413 4345 enim
