2964 5174
479 351 520 366 ..-
540 332 577 383 05
598 347 638 367 ...ι

51 442 218 502 nannum
250 439 333 500 Clare
358 445 456 516 patet,
480 457 574 518 neque
603 440 806 517 explanatione
824 443 869 500 esi
895 457 988 522 opus,
1007 444 1103 504 livan-

51 542 131 618 gellum
141 555 189 598 seu
202 535 407 614 Apostolorum
432 551 537 598 sonum
550 539 584 596 in
599 538 699 598 orbem
716 544 860 598 terrarum
877 541 997 617 exiisse,
1010 547 1040 601 et
1052 543 1102 600 do·

50 641 131 696 etiam
142 635 246 696 Christi
260 652 358 696 semen
370 635 512 696 diffusum
533 635 571 694 ab
589 637 678 712 ipsis,
697 641 785 712 atque
801 639 862 696 suis
876 637 1024 714 discipulis
1039 654 1101 697 me·

48 737 87 812 jori
96 734 216 810 proiectu
229 735 377 794 excultum
392 734 475 809 adeo,
490 739 524 792 ιιι
539 733 647 810 ubique
657 732 883 802 christianorum
896 749 1035 796 numerus
1050 750 1101 796 au·
1169 753 1172 760 ’

51 839 144 909 geretvu.
165 833 244 892 llaec
263 837 362 893 omnia
383 848 504 892 evenere
522 834 623 907 primis
643 832 1007 914 Religionisuchristlanae
1029 839 1102 894 tem·

50 931 275 1008 pollentemque
293 931 331 990 ab
348 947 383 991 ea
400 936 493 990 aetate
506 932 537 988 in
552 946 657 990 manus
667 921 800 990 bdelium
813 929 978 1007 Scripturas
990 947 1102 1010 sacrae,

50 1029 168 1106 Evangelii
187 1027 255 1089 librl
273 1028 492 1104 deferebantur,
513 1034 547 1087 ut
565 1027 646 1102 dial,
667 1033 697 1086 et
712 1027 749 1086 ab
767 1028 903 1088 omnibus
919 1029 1100 1105 legebantur.

53 1127 108 1186 llaec
123 1129 196 1186 enim
215 1125 346 1187 fidelium
363 1129 413 1201 pla
434 1125 612 1186 consuetudo
629 1132 692 1185 erat
715 1132 779 1184 tum
793 1129 825 1184 in
845 1126 1006 1204 Religionis
1033 1129 1104 1186 acti-

50 1225 162 1300 laton
178 1225 332 1287 Divinitati
351 1227 510 1303 gratiarum
532 1223 706 1299 actionibus,
724 1224 819 1282 Biblie
829 1223 944 1302 legendi
961 1224 1102 1300 quotidie,

50 1329 110 1382 etex
135 1325 170 1382 iis
192 1325 388 1399 praesertim,
416 1339 493 1399 quaa
519 1327 588 1397 apta
614 1320 821 1380 credebantur.
830 1321 883 1380 dit
911 1321 1104 1381 haecomnia

50 1421 245 1497 conplerentur,
262 1437 379 1480 neeesse
393 1423 494 1497 utique
507 1425 570 1480 erat
588 1418 804 1495 Scripturarum
821 1421 937 1496 versio,
955 1422 987 1478 in
1005 1422 1104 1496 singu·

51 1517 120 1578 laum
135 1522 264 1596 gentium
284 1519 402 1596 lingua,
416 1525 450 1578 ut
462 1520 620 1595 unicuique
636 1520 716 1594 viro,
731 1518 836 1594 doctis,
851 1517 976 1578 indoctis
989 1521 1104 1593 praesto

51 1621 110 1674 ne.
127 1616 168 1676 lix
183 1617 240 1676 bae
261 1615 512 1676 anirnadverslone
525 1617 616 1693 igitur
633 1614 745 1674 finnari
762 1620 857 1690 potest
872 1615 981 1674 latinae
997 1613 1104 1672 Biblio-

52 1727 96 1770 mm
109 1712 243 1774 versionis
271 1719 420 1790 vetustas,
441 1715 527 1774 sicuti
541 1715 574 1772 in
594 1713 681 1788 hujus
706 1713 823 1789 linguae
843 1712 979 1788 gentibus
997 1711 1106 1772 Christi

51 1811 193 1882 prostitutio
206 1811 333 1872 babetur
347 1814 477 1888 antiqua.
491 1811 614 1870 Walton
625 1813 657 1868 in
672 1813 733 1869 suis
743 1811 954 1887 prolegomenis
963 1809 1032 1869 huic
1043 1825 1107 1869 sen-

52 1912 130 1968 tentiae
144 1909 391 1988 iavetinquiens:
411 1909 588 1969 «Probabile
610 1915 709 1968 tamen
731 1913 774 1968 est
793 1911 888 1984 ipsam
905 1907 943 1968 ab
963 1911 1034 1984 ipsis
1051 1907 1105 1966 Eo·

51 2005 127 2068 dulae
139 2008 303 2085 primordiis
314 2011 346 2066 in
363 2023 419 2068 usu
434 2007 542 2082 fuisse,
562 2022 629 2066 cum
642 1999 772 2064 Ecclesia
780 2005 886 2064 Latina
900 2007 964 2063 sinc
972 2007 1106 2064 versione

15 2103 16 2108 ’
52 2120 95 2164 ase
108 2122 162 2166 non
176 2109 315 2183 potuerit,
343 2121 464 2182 eamque
483 2104 643 2164 Ecclesiam
659 2105 835 2178 Romanam,
859 2118 934 2178 quae
945 2103 1108 2178 principem

53 2203 106 2262 inter
115 2204 242 2263 molestas
251 2203 351 2262 locum
361 2205 512 2279 tenuit„et
523 2203 710 2278 antiquarum
720 2200 911 2259 traditionum
923 2199 1109 2259 mnndssima

54 2297 100 2376 luit,
109 2304 137 2360 lu
153 2303 301 2362 communi
315 2317 371 2361 usu
393 2303 528 2380 recipere.
545 2299 692 2376 Serrarlup
705 2299 743 2358 ab
760 2283 966 2374 Apostolorum
980 2295 1108 2373 quodam

54 2397 168 2458 mamm
191 2402 356 2476 existimat,
379 2383 416 2458 et'
428 2400 516 2458 aetati
533 2398 707 2474 apostolicae
728 2411 828 2473 parem
838 2400 949 2454 censet
969 2391 1103 2462 Vossius.

55 2493 164 2566 Quamvis
179 2505 276 2558 autem
294 2500 337 2556 lta
352 2513 383 2558 se
400 2496 507 2556 habere
524 2496 597 2556 haec
616 2496 789 2570 videantur,
812 2501 841 2553 et
859 2497 973 2570 praeter
987 2491 1109 2551 dubium

54 2588 134 2654 lituae
143 2595 307 2673 Scripturas
317 2611 388 2654 usus
404 2598 553 2670 andquus,
571 2601 605 2653 ut
621 2594 695 2670 dial,
706 2598 836 2652 attamen
853 2591 948 2651 solum
966 2589 1024 2648 hoo
1037 2591 1109 2648 novi

54 2687 145 2752 foedans
154 2695 234 2756 libris
246 2694 411 2756 concedunt
425 2695 575 2768 nonnulli,
591 2705 652 2750 non
667 2698 764 2750 numm
778 2688 971 2750 hebraeorum
980 2687 1109 2762 Scriptu-

55 2789 90 2846 lli-
104 2790 189 2864 Quare
214 2799 319 2854 eontra
338 2795 410 2852 istos
433 2793 600 2851 testimonia
620 2790 786 2866 seligimus,
812 2787 918 2864 mribus
944 2785 1110 2862 Scripturae

54 2887 231 2952 maveteus
257 2891 327 2950 libri
348 2891 447 2950 latinis
468 2891 587 2950 auribus
610 2889 710 2948 donati
736 2885 971 2962 comprobantur.

83 2983 259 3050 Tomitanus
280 2991 407 3066 primum
427 2991 459 3048 in
472 2988 746 3065 Apologetieoeap.
765 3001 877 3044 uxrx.
906 2983 1022 3041 disertis
1045 2995 1112 3038 ver·

54 3077 84 3138 lit
101 3089 225 3146 mutor:
245 3087 382 3146 «Fideles
403 3087 441 3146 od
461 3085 621 3145 audiendas
642 3083 806 3159 Scripturas
821 3081 1011 3153 convenisse,
1035 3092 1112 3136 eam·

54 3191 93 3250 lie
100 3181 131 3239 ob
142 3199 199 3244 rem
217 3187 346 3244 oratoria
361 3191 412 3244 aut
425 3185 561 3243 ecclesias
576 3183 693 3242 adiisse.
713 3206 725 3232 v
743 3179 828 3254 Quod
840 3193 952 3236 vanum
965 3179 1041 3234 esset
1056 3174 1113 3232 nisi

53 3271 126 3338 noo
136 3281 351 3343 intellexissent.
373 3283 443 3358 Cap.
465 3298 554 3340 xxrx.
574 3281 610 3339 de
625 3278 780 3356 Scripturis
801 3280 860 3336 ait:
888 3273 1110 3349 «Principium,

54 3373 167 3454 medium,
179 3387 207 3440 et
217 3381 351 3440 omnium
362 3397 460 3439 rernm
470 3379 561 3438 linem
571 3394 621 3437 cas
630 3377 818 3453 praevidisse.
831 3376 913 3447 Quae
925 3369 1114 3448 providenter

54 3473 217 3554 amponius
225 3478 297 3539 dum
306 3480 433 3554 patimur
440 3474 662 3554 leguntur,dum
676 3474 908 3550 recognoscimus
917 3468 1107 3545 probantur.»

53 3561 138 3630 Pariter
155 3575 229 3636 idern
249 3583 353 3636 contra
368 3576 560 3652 Ermogenem
580 3570 738 3632 Marcionis
756 3570 932 3647 discipulum
952 3567 1029 3625 circa
1051 3563 1107 3623 Ge·

56 3676 133 3728 tiseos
150 3673 250 3732 verba:
272 3697 285 3724 «ι
295 3673 386 3732 Terra
402 3678 466 3731 erat
481 3670 637 3730 invisibilis
654 3676 684 3728 et
702 3669 903 3744 incomposite.
914 3690 927 3716 s
945 3664 1010 3723 Ait:
1034 3687 1047 3714 «
1058 3660 1116 3720 Sed

56 3775 81 3818 ⁰¹
93 3771 264 3843 sententious
284 3775 504 3849 argumentatum
516 3771 708 3846 Ermogenes:
721 3765 834 3824 ·Terra
854 3771 952 3824 autem
964 3767 1028 3821 erat
1040 3761 1116 3818 invi-

56 3857 135 3938 sibills,
146 3873 173 3926 et
182 3869 381 3944 incomposita:
395 3899 406 3910 ·
418 3867 495 3926 Nam
504 3873 533 3926 et
550 3872 644 3925 terrae
657 3878 764 3922 nomen
782 3861 887 3938 redigit
900 3862 932 3918 in
946 3858 1111 3932 materiam,

57 3959 108 4028 ilii
121 3967 193 4024 terra
211 3969 264 4043 sii,
279 3966 445 4043 quaefacta
460 3970 504 4025 est
519 3980 557 4024 ex
569 3964 637 4039 illa,
651 3968 681 4022 et
693 3964 759 4020 croi
776 3963 808 4018 in
821 3959 878 4018 hoo
896 3957 1012 4033 dirigit,
1031 3955 1116 4030 quasi

57 4069 113 4126 lite
127 4077 229 4139 semper
246 4071 324 4126 retro
339 4065 426 4124 fuerit
443 4065 545 4122 innata
562 4066 591 4122 ei
608 4062 728 4120 insecta.
749 4056 940 4119 indivisibilis
954 4059 1068 4127 autam,
1082 4056 1112 4109 et

58 4152 134 4232 mdis,
144 4163 208 4235 quio
220 4162 389 4239 informem,
404 4168 434 4220 et
447 4161 617 4235 confusam,
629 4164 658 4219 et
672 4157 852 4217 inconditam
869 4153 934 4213 vult
947 4151 1037 4210 fuisse
1050 4164 1126 4206 ma.

58 4251 168 4403 ῑθῗιιι.»
183 4257 206 4318 Ε
223 4261 326 4338 quibus
339 4251 437 4326 verbis
457 4265 535 4320 reete
551 4259 714 4320 decernitur
734 4255 926 4334 Ermogenem
940 4253 1028 4336 juxta
1045 4261 1113 4305 ver·

95 4351 171 4413 orel.
750 4358 767 4411 5
892 4349 894 4353 ’
