3086 5182
883 376 1042 426 ..14-

431 489 512 561 riae,
531 485 600 544 fasti
620 484 762 558 mosaici,
783 482 868 541 losne
888 482 983 558 bella,
1004 481 1140 542 iudicum
1161 490 1253 562 gesta,
1273 485 1333 548 Saul
1348 499 1374 551 et
1386 492 1449 556 bari.

430 583 476 642 dis
496 598 603 660 regna,
624 589 775 656 ceteraque
796 582 827 638 in
848 581 1052 656 aristocratia,
1073 587 1102 640 et
1119 583 1281 643 monarchia
1293 585 1403 651 hebraica
1415 609 1450 669 pa·

429 687 517 743 bato.
539 679 599 738 Nec
620 677 743 739 arduum
763 678 821 737 hoc
838 680 908 755 erit,
929 679 1010 738 uarie
1028 681 1151 755 sumptis
1168 682 1331 758 etymologia
1355 690 1451 754 viroron
1500 699 1501 762 g

430 785 459 838 a
478 794 576 838 amm
595 775 863 855 significationibus.
887 775 942 836 sca
962 775 1033 852 pra
1052 775 1120 836 nae
1135 778 1237 838 secar
1254 778 1347 840 omna
1360 782 1452 862 sapa
1500 765 1501 768 ‘

430 893 529 938 rarum
550 876 628 936 focio
647 881 837 951 evanescent,
849 874 980 951 nihilque
999 881 1171 953 superesset,
1186 879 1242 935 nisi
1258 877 1453 955 figmentnmilh

430 975 544 1052 simile,
570 989 644 1050 quae
668 972 777 1031 ethnici
795 975 827 1030 in
846 974 970 1032 vetustis
989 979 1019 1032 et
1038 973 1169 1033 obscuris
1188 975 1322 1036 oeuutns
1337 993 1399 1038 vane
1412 985 1454 1042 snis

428 1076 460 1134 in
479 1073 608 1132 historiis
628 1073 786 1130 commenti
806 1077 874 1130 sunt
893 1069 930 1130 de
949 1071 1065 1130 illorum
1085 1071 1201 1149 Qibus
1221 1089 1255 1130 ao
1272 1073 1333 1132 diis.
1350 1075 1394 1133 llis
1405 1077 1453 1138 adde

429 1171 523 1232 Grotii
542 1170 722 1244 aliorumque
741 1175 913 1245 argumenta
933 1171 1012 1228 circo
1036 1169 1123 1246 hujus
1148 1168 1307 1246 Scripturas
1328 1172 1454 1249 allegorian

427 1268 557 1328 humano
577 1269 675 1327 sensui
696 1282 877 1343 repugnare3
900 1266 1006 1326 ibidem
1021 1270 1097 1326 enirn
1112 1270 1209 1344 agitur
1222 1269 1257 1326 de
1269 1267 1383 1346 Arbios,
1399 1279 1453 1350 cnjus

428 1366 562 1442 tamilla,
583 1367 626 1424 alt
644 1365 732 1441 hujus
752 1364 916 1440 Scripturas
937 1371 1064 1442 auctor,
1092 1366 1131 1424 ad
1156 1381 1240 1424 snam
1264 1373 1375 1427 aetam
1392 1385 1455 1446 nque

427 1469 459 1524 in
478 1466 567 1524 lsrael
588 1463 783 1539 censebatur,
811 1465 920 1540 quippe
936 1465 988 1539 qui
1012 1464 1194 1524 circumcidit
1219 1481 1336 1524 carnem-
1352 1473 1454 1542 praeputii

428 1567 484 1625 sui.
506 1563 682 1639 Genealogia
700 1561 803 1622 Judith
819 1562 856 1621 de
873 1562 952 1622 tribu
972 1561 1103 1639 Simeon,
1126 1562 1270 1624 Manassis
1288 1566 1390 1624 uirisui
1399 1581 1455 1626 usn

428 1663 529 1722 mortis
549 1662 742 1736 repentinus,
763 1659 834 1718 durn
854 1661 884 1718 in
912 1673 983 1737 agro
1001 1660 1129 1721 instabat
1148 1659 1341 1738 messoribus,
1363 1664 1455 1723 oudo

425 1767 489 1820 tum
508 1761 650 1835 nomina,
671 1766 846 1836 ceteraque,
868 1775 983 1819 omnem
1003 1758 1158 1834 parabolae
1178 1762 1301 1836 speciem
1319 1761 1454 1838 ansuloni,

426 1865 456 1918 ot
477 1857 602 1934 probant
624 1857 762 1915 historiae
782 1859 945 1916 veritatem.

465 1955 494 2030 s.
516 1955 570 2014 ΠΙ.
589 1953 742 2029 Sestindo,
758 1953 881 2012 historia
895 1954 998 2014 Jndith
1015 1957 1133 2016 minime
1146 1963 1324 2017 antevertere
1334 1963 1411 2032 potest
1419 1973 1456 2014 no

425 2053 575 2112 nuchiam
596 2051 783 2128 hebraicam,
805 2068 904 2128 neque·
917 2053 1048 2129 ejusdem
1069 2059 1161 2114 aemte
1182 2055 1290 2115 habere
1308 2055 1399 2114 locum.
1421 2055 1455 2114 Sul

427 2165 529 2221 revera
547 2165 659 2210 aarum
673 2152 841 2225 captivitate
858 2149 1033 2228 babylonica
1049 2154 1142 2212 serlus
1159 2155 1298 2229 postulat.
1317 2153 1446 2230 Opinioh'

424 2249 584 2308 senoendoe
610 2246 961 2323 adversaria.Scripturae
981 2248 1080 2308 verbis
1106 2253 1274 2328 opponitur.
1303 2251 1336 2310 ln
1353 2253 1424 2326 capite
1436 2271 1454 2310 r.

423 2347 515 2420 Juxta
533 2344 689 2422 vulgatam
705 2345 880 2420 editionem,
901 2345 1052 2405 Holoferni
1073 2347 1181 2407 Achlor
1194 2354 1312 2408 enarrat
1330 2356 1398 2428 gesta
1411 2351 1456 2410 illio

432 2459 499 2502 rum
522 2443 612 2502 Israel
634 2459 671 2502 ax
688 2442 837 2502 Abraham
858 2443 896 2502 ad
914 2446 960 2502 sui
981 2457 1074 2520 usque
1094 2461 1220 2523 aevum,
1244 2454 1274 2506 et
1290 2455 1457 2523 recensetum

423 2539 513 2600 inodo
529 2539 566 2600 ab
585 2539 719 2618 Aegypto
739 2543 847 2618 egressi
864 2557 916 2617 per
935 2543 1216 2619 desertum,·onnos
1237 2546 1419 2623 quodraginta,
1430 2562 1457 2604 u·

427 2640 596 2698 raverintet
615 2645 724 2714 septem
745 2639 879 2715 gentibus
899 2639 1075 2700 chananaeis
1095 2645 1261 2720 prostratis,
1282 2651 1367 2704 terrm
1382 2657 1456 2716 urm,

424 2741 453 2794 ct
472 2738 603 2797 civitates
623 2738 825 2812 posscderint:
850 2761 864 2788 ι
879 2738 916 2798 lit
934 2755 1027 2814 usque
1044 2739 1115 2800 dum
1135 2755 1196 2800 non
1212 2747 1364 2816 peccam
1378 2743 1402 2798 in
1414 2756 1457 2799 oon·

424 2839 524 2908 spectu
542 2833 594 2892 Dei
605 2836 685 2910 sul,
706 2842 790 2895 crant
812 2851 879 2896 eum
901 2837 959 2896 illis
982 2837 1081 2913 bona,
1102 2837 1179 2897 Deus
1201 2841 1284 2898 enim
1303 2839 1404 2898 illorum
1419 2837 1456 2894 odi

422 2932 615 3007 iniquitatem.
631 2931 707 2992 Nam
721 2939 750 2992 et
765 2937 832 2992 aab
847 2934 901 2994 hos
918 2951 1010 2994 annos
1025 2951 1092 2996 cum
1104 2939 1292 2996 recessissent
1305 2953 1322 2996 a
1335 2939 1387 3011 via,
1400 2950 1458 3009 paru

421 3029 541 3089 dederat
559 3029 617 3090 illis
633 3030 730 3106 Deus,
753 3037 785 3090 ut
805 3033 988 3093 ambularent
1004 3036 1035 3093 in
1053 3050 1109 3111 ea,
1130 3038 1316 3096 exterminati
1335 3040 1393 3094 sunt
1405 3047 1456 3108 proc

424 3127 470 3186 liis
491 3144 510 3188 a
526 3127 626 3188 multis
650 3127 839 3204 nationibus,
861 3138 891 3190 et
912 3131 1029 3206 plurimi
1051 3147 1151 3192 eorum
1170 3136 1283 3208 captivi
1300 3133 1403 3194 abducti
1416 3135 1458 3188 sont

421 3226 453 3282 in
471 3231 579 3285 terram
599 3241 659 3284 non
679 3243 774 3286 suam.
805 3229 904 3303 Nuper
926 3237 1024 3289 autern
1044 3233 1152 3290 reversi
1175 3230 1214 3291 ad
1233 3232 1383 3292 Dominum
1398 3229 1457 3288 hut

421 3338 507 3383 sunm
529 3341 567 3384 ex
588 3324 790 3402 dispersione,
818 3343 877 3402 qua
904 3328 1025 3404 dispersi
1052 3328 1196 3406 fuerant,
1221 3330 1344 3390 adunati
1360 3328 1457 3400 suni,el

423 3421 615 3481 ascenderunt
636 3430 776 3482 montana
797 3423 1008 3502 haecomnia,
1028 3429 1177 3487 etiterum
1196 3427 1345 3502 possident
1361 3426 1457 3486 iiluna

420 3518 501 3594 lem,
528 3518 578 3578 ubi
604 3526 674 3580 sunt
698 3526 800 3582 sancta
819 3537 959 3582 oerunn»
987 3523 1096 3584 Eadem
1119 3525 1325 3586 describuntur
1346 3528 1374 3582 in
1394 3519 1458 3580 code

420 3630 544 3692 graeco,
565 3617 617 3676 sed
636 3607 785 3695 perspicue
805 3623 909 3698 magis.
932 3621 977 3680 lbi
996 3625 1075 3681 enim
1095 3623 1218 3683 dicitur:
1246 3649 1259 3676 o
1273 3620 1458 3698 Postqtitmll't⁴

419 3721 521 3773 cerunt
535 3715 684 3776 Chanaom
704 3761 711 3776 .
730 3762 738 3777 .
758 3763 765 3777 .
781 3763 788 3777 .
809 3720 1016 3782 habitaverunt
1030 3724 1062 3780 in
1075 3729 1269 3782 serracorum
1282 3721 1378 3782 diebus
1391 3716 1459 3776 nillil

417 3817 448 3870 et
470 3814 650 3888 usquedum
672 3832 732 3876 non
754 3826 911 3893 percnum
941 3835 1040 3880 coram
1064 3821 1124 3880 Deo
1143 3837 1266 3898 eorum,
1287 3820 1396 3880 inerunt
1410 3815 1460 3874 boii

418 3923 486 3968 oum
512 3910 579 3986 eis,
604 3915 744 3988 quoniam
767 3914 868 3992 Deus,
894 3920 944 3994 qui
969 3918 1031 3978 odit
1054 3920 1261 3995 iniquitatem,
1288 3935 1354 3976 com
1377 3917 1410 3974 eb
1424 3915 1459 3968 ol

416 4007 539 4080 mando
559 4007 657 4070 autern
669 4011 837 4074 deiecerunt
855 4018 946 4092 aria,
967 4033 1057 4092 marn
1069 4019 1220 4094 proposuit
1233 4019 1290 4094 eis,
1311 4013 1405 4092 perditi
1415 4010 1461 4069 iiii

416 4105 499 4166 bellis
527 4108 627 4168 multis
648 4109 735 4170 valde
754 4112 864 4187 valde,
889 4121 919 4172 et
938 4116 1047 4190 captivi
1071 4115 1152 4176 ducti
1172 4121 1241 4176 sant
1260 4117 1294 4174 in
1312 4120 1408 4172 terram
1422 4119 1461 4164 11011

416 4219 522 4281 suum,
543 4213 572 4266 et
590 4207 731 4284 templum
751 4209 804 4270 Del
823 4197 1002 4272 eorum‘solo
1020 4212 1215 4289 adaequatum
1235 4220 1300 4289 est,
1320 4217 1349 4272 et
1362 4207 1461 4268 urium

416 4317 516 4361 eorum
540 4304 673 4364 hostibus
693 4305 826 4368 subditae
852 4309 943 4370 fuere
965 4311 1052 4370 Nunc
1078 4314 1212 4372 conversi
1234 4311 1275 4371 ad
1298 4311 1383 4368 Demo
1402 4314 1460 4362 suan
