3070 5180
553 417 594 432 -*
613 397 648 448 tt
672 419 712 432 -
782 434 784 449 .

131 500 169 562 lu
187 499 433 562 tobiam-antem
455 501 570 563 (litarat
592 503 761 564 chromatio
780 510 809 564 et
831 505 1024 578 Eiiodorosu
1049 508 1173 586 Exigitis

95 602 173 658 euim
186 606 221 660 ut
242 600 351 660 librum
364 600 501 661 ohaidmo
515 617 647 662 sermone
666 605 863 679 conscriptum
876 604 914 662 ad
927 605 1051 665 latinum
1064 608 1175 684 stylum

94 698 230 774 “mma
251 698 360 758 librum
379 700 478 775 utique
497 699 625 775 Tobiae,
651 717 738 776 quein
760 701 878 760 hebraei
899 702 936 760 de
954 704 1087 781 catalogo
1101 705 1175 764 divi·
1272 711 1275 720 ⁴

95 812 198 856 uarum
223 795 439 872 seripturarum
459 802 605 873 secantes,
629 798 691 874 bis,
716 815 791 875 quae
810 799 1020 877 hagiographa,
1035 802 1082 862 vel
1106 819 1174 878 apo·

94 893 206 971 orypha
225 900 398 970 memorant,
414 897 628 970 manciparunt.
651 896 719 954 Feei
732 899 803 955 satis
814 897 956 958 desiderio
974 906 1093 974 vestro,
1113 916 1173 959 nou

93 999 191 1052 nonen
205 1008 272 1052 meo
284 993 391 1052 studio.
411 992 547 1070 Arguunt
565 999 600 1053 et
607 1008 661 1052 nos
688 993 879 1054 hebraeorum
894 996 1010 1072 studia3
1029 1004 1059 1056 et
1079 1000 1174 1074 impu·

93 1095 156 1148 tant
175 1088 261 1150 nobis
276 1095 378 1151 eontra
397 1105 483 1150 suum
506 1090 653 1150 Cononem
670 1092 770 1150 latinis
794 1091 914 1152 aurihtrs
931 1095 989 1154 ista
1004 1095 1173 1166 transferre.

92 1186 148 1248 sni
164 1187 270 1248 melius
288 1203 350 1246 esse
365 1187 501 1264 judicans
516 1188 737 1265 pharisaeorum
754 1189 905 1265 displicere
919 1190 1049 1267 judicto,
1076 1199 1105 1252 et
1115 1195 1175 1268 epi·

93 1300 249 1360 seoporum
265 1285 446 1361 jussionibus
476 1285 637 1362 deservire,
663 1288 756 1346 iustiti
787 1293 820 1348 ut
850 1289 965 1361 potui.»
984 1287 1029 1348 Ex
1054 1288 1100 1348 his
1131 1290 1175 1349 di·

92 1383 147 1440 otis
167 1388 234 1442 tum
252 1383 290 1442 de
309 1382 384 1442 libro
403 1383 525 1460 iudith,
547 1400 615 1444 oum
639 1384 676 1443 de
693 1383 800 1444 Tobiae
822 1384 945 1444 historia
965 1392 1102 1462 exsurget
1123 1387 1174 1445 tio·

93 1480 180 1540 oioris
199 1482 359 1557 sententia,
377 1497 439 1557 qua
466 1488 497 1540 et
524 1480 644 1559 synodo
676 1484 814 1542 nioaenae
828 1487 880 1541 et.
897 1484 1038 1558 episeopis
1059 1484 1175 1544 eredere

93 1579 185 1653 magis
202 1583 233 1637 et
253 1578 450 1654 obtemperare
469 1578 605 1655 volebat,
621 1595 711 1655 quam
726 1579 886 1655 pharisaeis
901 1580 1024 1654 plaeere.
1039 1581 1173 1658 Insuper,

93 1681 125 1734 ut
142 1675 234 1750 paulo
253 1683 321 1736 ente
339 1675 450 1736 dietum
463 1681 525 1754 est,
546 1693 584 1736 ex
603 1692 653 1736 ore
677 1676 869 1738 hebraeorum
884 1677 1080 1755 Hieronymus
1093 1686 1176 1740 exoa

93 1771 240 1832 Ganonem
262 1773 319 1832 has
345 1773 508 1852 Seriphuas
526 1777 638 1852 rejicit,
659 1791 720 1834 non
740 1781 839 1835 autem
858 1792 895 1834 ex
915 1777 1020 1836 suimet
1046 1776 1174 1854 judicio,

93 1878 121 1930 et
131 1871 253 1948 wando
265 1873 367 1932 medus
380 1873 418 1931 ed
431 1872 536 1932 horum
553 1873 714 1932 Bibiiorum
726 1874 947 1932 translationem
962 1880 1098 1950 apparet3
1119 1875 1175 1934 hoe

94 1969 252 2046 seandalo,
266 1971 298 2027 in
320 1970 399 2047 quod
411 1971 529 2032 hebraei
541 1969 723 2031 offenderent
736 1974 863 2030 maxime
875 1974 907 2030 in
925 1971 971 2030 his
985 1971 1067 2031 libris
1080 1977 1176 2035 banse

94 2067 242 2144 terendis,
271 2073 306 2128 nt
333 2071 398 2144 ait,
421 2085 482 2128 non
506 2076 603 2129 autem
633 2086 702 2128 suae
729 2071 875 2130 voluntati
900 2069 1087 2129 tribuendum
1104 2078 1173 2132 est.
1288 2147 1290 2152 ,

94 2165 155 2224 lloo
174 2181 293 2242 quoque
307 2165 447 2240 probatur
463 2183 500 2226 ex
520 2167 579 2225 aiio
596 2166 680 2242 loro,
696 2165 767 2226 dum
785 2166 893 2225 Tobiae
909 2167 1016 2226 librum
1034 2169 1076 2226 sio
1092 2184 1175 2243 prae·

94 2265 186 2324 venit:
207 2263 246 2340 (i)
266 2263 382 2323 «Liber
401 2279 517 2340 quoque
534 2263 657 2339 Tobiae,
682 2264 750 2323 lioet
773 2279 834 2323 non
851 2263 974 2323 hebetur
993 2267 1025 2322 in
1037 2263 1174 2343 Conone,

95 2368 191 2422 tamen
212 2364 283 2438 qnia
302 2369 459 2438 usurpatus
479 2363 518 2422 ab
536 2364 737 2422 eeclesiastiois
751 2363 841 2437 viris,
857 2360 916 2420 tale
935 2361 1007 2437 quid
1021 2368 1174 2439 memorat,

97 2461 210 2522 uoeute
234 2459 328 2520 Tobia
347 2461 385 2520 ad
404 2460 498 2520 lilium
515 2477 616 2520 suum:
631 2491 644 2506 ·
657 2461 730 2536 Fili,
753 2476 819 2519 eooe
829 2462 923 2535 senui,
946 2466 975 2519 et
992 2461 1023 2518 in
1040 2476 1075 2518 eo
1097 2475 1175 2537 sum,

95 2566 126 2619 ut
143 2563 277 2617 revertar
292 2558 328 2618 de
347 2561 410 2618 vita
430 2575 506 2635 mea,
516 2559 671 2619 toliefilios
687 2565 765 2634 tuos,
783 2565 813 2618 et
830 2558 905 2618 vade
919 2559 951 2616 in
966 2557 1105 2633 Mediam,
1119 2557 1174 2634 iiii,

95 2659 153 2714 seio
175 2673 254 2733 qnae
269 2657 383 2717 loeutus
401 2663 445 2716 est
463 2657 553 2718 Jonas
575 2655 720 2732 Propheta
744 2655 780 2714 de
801 2655 926 2731 Ninive,
949 2657 1087 2731 quoniam
1107 2654 1176 2713 sub·

96 2761 235 2815 vertetur.
254 2779 268 2806 »
292 2754 332 2814 Ut
349 2761 447 2814 autem
463 2758 557 2832 magis
577 2755 703 2814 doctoris
720 2759 847 2813 mentem
866 2755 909 2812 ita
934 2769 966 2812 se
982 2753 1089 2812 hahere
1110 2769 1174 2829 per·

95 2855 228 2928 spionum
248 2854 302 2928 sit,
320 2859 349 2911 et
365 2852 547 2911 solummodo
565 2851 643 2910 illius
662 2850 847 2926 prudentiam
864 2867 901 2910 ex
918 2851 1033 2924 seriptis
1053 2853 1113 2912 suis
1130 2853 1175 2910 in-

95 2965 196 3009 cusare
229 2950 374 3025 possmus
395 2990 404 3025 ,
425 2947 595 3024 &apuam
619 2928 802 3024 quaestiones
830 2947 883 3007 nu.
905 2947 1035 3006 uenena
1067 2947 1105 3023 (π)
1130 2947 1175 3006 nu

94 3048 257 3122 propositas
277 3045 425 3106 adeamus.
449 3046 485 3106 In
513 3046 559 3105 his
587 3045 881 3121 etdemrespondens
902 3045 989 3104 divus
1012 3051 1115 3122 pater,
1137 3045 1176 3104 ad

95 3144 223 3205 Dauidis
244 3147 442 3204 testimonium
463 3147 495 3203 in
511 3147 602 3203 trium
619 3159 775 3219 puerorum
791 3142 944 3202 Cantioum
959 3148 1109 3218 repetens,
1120 3143 1172 3200 ait:

100 3245 261 3319 «Ctnnque
273 3242 347 3303 iliud
360 3245 402 3302 eis
417 3245 582 3318 oppositum
601 3241 703 3302 fuerit:
720 3273 733 3284 -
746 3240 909 3300 Benedicite
927 3241 1045 3314 spiritus
1063 3245 1092 3298 et
1112 3241 1175 3298 ani-

96 3359 158 3401 mae
172 3346 322 3418 justorum
341 3341 480 3399 Domino:
498 3371 511 3384 -
526 3339 704 3416 scripturam
724 3355 784 3397 non
803 3338 962 3412 recipiunt,
986 3336 1126 3412 dieentes,
1144 3339 1176 3395 in

97 3439 232 3499 hebraieo
253 3455 313 3497 non
337 3438 449 3498 haberi.
476 3463 488 3488 a
517 3438 629 3497 Pariter
652 3442 753 3496 eontra
779 3435 947 3512 pelagianos
969 3433 1063 3492 dixit:
1088 3459 1101 3484 o
1117 3434 1175 3493 lie-

98 3538 219 3613 spondet
237 3537 457 3613 interrogationi
476 3541 545 3594 tuae
566 3533 728 3610 Sapientiae
748 3534 786 3610 (3)
806 3533 895 3592 liber:
912 3532 974 3590 ·In
992 3529 1176 3606 simplicitate

99 3635 191 3696 eordis
211 3636 341 3712 quaerite
356 3633 464 3692 Deuum
482 3633 545 3692 -Et
561 3650 599 3692 ne
619 3633 694 3692 forte
717 3633 786 3693 huie
804 3632 947 3690 volumini
969 3629 1173 3707 eontradioas,

102 3733 166 3793 nudi
186 3732 361 3808 Apostolum
382 3730 527 3790 dicentem
541 3739 597 3790 eto.
614 3756 627 3782 »

137 3831 305 3890 Serutatm
321 3845 408 3904 porro
427 3828 594 3888 aeeedentes
610 3827 769 3904 quidquid,
793 3832 859 3901 post
880 3824 1045 3900 catalogum
1064 3823 1177 3882 divino·

105 3945 165 3987 rum
182 3929 343 3988 Bibhorum
361 3927 600 4004 juxtajudaeos‚
621 3926 658 3984 de
685 3925 839 4000 Scripturis
857 3922 996 3982 mundis
1016 3921 1124 3980 disent
1145 3918 1187 3978 in'

106 4024 184 4085 libris
197 4026 360 4086 Salomonis
375 4025 530 4100 disserens,
544 4022 667 4082 seilicet:
687 4047 700 4072 «ι
717 4021 797 4080 Siout
809 4035 878 4098 ergo
890 4019 1003 4094 iudith,
1016 4025 1045 4077 et
1054 4017 1175 4092 Tobiae,

106 4131 132 4182 et
149 4123 394 4184 Maehebooorum
413 4123 502 4182 libros
524 4122 594 4200 legit
611 4121 728 4198 quidem
744 4119 888 4194 Eoeiesia‚
904 4117 955 4177 sed
969 4133 1017 4178 eos
1031 4118 1105 4174 inter
1124 4113 1176 4174 Ca-

133 4315 165 4380 (t)
179 4319 247 4368 Tom.
258 4319 301 4368 ill.
312 4331 337 4380 p.
351 4323 404 4369 39⁰.
414 4341 444 4355 -
455 4314 490 4380 (2)
505 4315 581 4380 Epist.
597 4322 648 4366 itii.
659 4341 689 4354 -·
700 4313 734 4377 (e)
745 4316 801 4376 Sap.
812 4325 834 4362 o.
846 4313 866 4360 Ι.
881 4317 901 4362 i.
