3022 5178
847 415 1027 476 -iid-

390 537 648 618 praecedentium)
674 537 712 598 ad
731 537 834 597 Sedem
858 537 1056 614 Apostolicam
1078 539 1186 599 referre
1203 540 1325 616 maluit,
1345 539 1410 617 quid
1429 541 1458 601 dr

349 707 353 716 ,
396 641 482 700 rebus
495 641 592 700 dubiis
605 639 750 698 custodire
762 637 888 712 deberet,
905 641 1109 715 potiusquam,
1126 644 1313 716 usurpatione
1329 657 1459 716 praesun-

394 746 457 817 pta,
468 756 542 816 quae
555 738 611 798 sibi
625 737 793 796 viderentur
804 736 843 795 de
857 737 992 822 singulis,
1007 737 1178 797 obtinere..
1193 783 1200 797 .
1215 783 1222 796 .
1244 740 1404 814 Proponam
1415 743 1459 817 igi-

396 845 446 897 tur
470 836 607 913 singula,
629 835 840 911 subjiciamque
869 851 1080 910 responsum.»
1104 836 1142 894 Et
1155 839 1270 896 omissis
1294 835 1342 896 hic
1358 853 1405 896 sex
1419 854 1459 896 m-

394 936 522 1012 pitibus,
544 936 699 1009 septimum
718 935 760 991 ita
788 949 819 990 sc
844 931 947 990 habet:
966 957 979 982 «ι
992 933 1048 1005 Qui
1069 949 1140 992 vero
1162 934 1229 993 llbri
1251 936 1461 1009 recipianturin

394 1034 511 1094 Ganone
528 1039 696 1092 sanctarum
716 1030 952 1106 Scripturarum,
971 1029 1069 1090 brevis
1087 1031 1218 1091 adnexus
1236 1032 1371 1092 ostendit.
1394 1033 1461 1092 llaec

396 1140 466 1193 sunt
478 1149 560 1210 ergo,
576 1147 650 1207 quae
666 1129 829 1189 desiderata
842 1131 955 1188 moneri
967 1145 1039 1188 voce
1051 1131 1180 1190 voluisti.
1192 1129 1305 1208 Moysis
1316 1129 1381 1188 libri
1392 1134 1461 1207 quin

342 1301 348 1316 ἑ
393 1249 471 1309 que,
487 1231 563 1290 idest
578 1229 717 1304 Genesis,
730 1227 845 1303 Exodi,
860 1227 1002 1304 Levitici,
1020 1227 1253 1305 Deuteronomii,
1268 1235 1298 1288 et
1314 1229 1381 1288 Jcru
1392 1229 1459 1289 Nave

394 1344 490 1404 unus,
509 1328 646 1387 iudicum
669 1343 756 1385 unus.
784 1325 952 1402 Regnorum
968 1323 1036 1384 libri
1060 1333 1205 1402 quatuor,
1229 1327 1317 1386 simul
1337 1333 1366 1385 et
1381 1327 1457 1403 Ruth,

394 1426 605 1502 Prophetarum
621 1424 688 1482 libri
701 1423 857 1482 sexdecim.
875 1421 1039 1481 Salomonis
1053 1423 1120 1482 libri
1135 1427 1275 1502 quinque,
1291 1424 1455 1484 Psalterium.

286 1601 288 1606 ,
393 1526 468 1584 Item
487 1524 682 1582 Historiarum
692 1521 747 1580 Job
767 1521 840 1579 liber
857 1537 934 1579 unus
946 1564 955 1596 ,
968 1519 1078 1580 Tobiae
1089 1537 1184 1599 unus,
1196 1523 1302 1582 Esther
1320 1539 1403 1600 unus,
1419 1523 1458 1580 Ju-

394 1623 458 1682 dith
483 1638 576 1697 unus,
602 1620 848 1678 Machabaeorum
873 1617 951 1693 duo,
983 1617 1094 1678 Esdrae
1123 1621 1203 1697 duo,
1234 1621 1456 1697 Paralipomenon

395 1721 464 1780 duo.
482 1745 495 1771 υ
511 1722 584 1779 Item
600 1721 670 1776 novi
684 1719 851 1776 testamenti
869 1717 1014 1792 usquead
1029 1717 1150 1777 loannis
1165 1719 1372 1797 Apoealypsim
1384 1721 1455 1781 libros

393 1837 451 1878 non
466 1825 510 1878 est
523 1835 596 1894 opus
616 1832 742 1875 censere.
768 1813 870 1874 Cetera
888 1819 1006 1892 autern,
1025 1815 1107 1875 addit
1119 1815 1273 1892 Pontifex,
1296 1819 1321 1876 si
1338 1835 1392 1894 qua
1410 1821 1455 1878 alia

393 1924 473 1992 sunt,
493 1933 552 1974 non
567 1916 662 1974 solum
680 1911 879 1988 repudianda,
901 1929 1005 1971 verum
1022 1915 1110 1971 etlam
1121 1917 1238 1972 noveris
1253 1931 1317 1974 esse
1334 1914 1453 1975 damnor·

393 2015 441 2074 da.
460 2014 568 2074 Datum
582 2031 613 2072 x.
631 2011 778 2071 Kalendas
796 2011 919 2069 Martias
934 2027 1012 2069 anno
1026 2009 1144 2069 Domini
1161 2019 1231 2070 405.
1248 2013 1404 2072 iunocentii
1418 2031 1452 2073 sa-

391 2117 501 2192 pientia
520 2115 552 2170 in
571 2112 628 2170 hoc
648 2111 779 2185 decreto,
799 2116 828 2167 et
848 2111 893 2168 sui
912 2111 1002 2167 animi
1021 2107 1160 2184 firmitas,
1179 2126 1238 2185 quo
1261 2111 1335 2170 illud
1351 2115 1451 2188 statuit,

390 2221 420 2272 et
437 2214 475 2272 ab
493 2213 623 2270 Ecclesia
642 2211 800 2285 recipitur,
817 2207 890 2265 nihil
904 2210 975 2266 novi
989 2201 1073 2267 nob'is
1089 2208 1289 2285 protendunt,
1312 2213 1451 2286 quinimmo

359 2347 362 2358 ·
390 2313 553 2371 doctrinam
570 2311 602 2366 in
618 2310 709 2366 veteri
726 2307 883 2365 traditione
900 2306 1064 2365 solidatam.
1230 2309 1235 2318 “

430 2410 456 2484 5.
480 2409 518 2467 V.
540 2409 576 2466 ln
595 2405 724 2465 Concilio
741 2405 973 2480 carthaginensi,
992 2407 1110 2464 nomine
1130 2409 1217 2466 tertio
1241 2407 1344 2466 ordine
1360 2413 1448 2482 tempo·

392 2507 445 2582 ris,
456 2509 531 2563 inter
546 2520 599 2578 ea,
616 2519 690 2578 quae
705 2508 771 2577 post
781 2503 936 2559 nicaenum
949 2508 1064 2579 extant,
1078 2518 1146 2560 vere
1159 2505 1289 2562 secundo
1300 2548 1309 2580 ,
1319 2503 1408 2563 Canon
1419 2504 1449 2560 di

390 2605 527 2662 vinorum
543 2601 704 2659 Bibliorum
722 2601 880 2675 stabilitur,
891 2616 977 2676 quem
992 2602 1084 2675 capite
1098 2617 1198 2658 xnvrr.
1215 2603 1340 2678 legimus
1356 2603 1404 2660 hoo
1414 2617 1447 2658 or·

388 2701 456 2759 dine
472 2701 532 2775 (1):
560 2699 661 2758 «Item
681 2698 810 2774 placuit,
830 2705 863 2758 ut
882 2703 996 2773 praeter
1013 2698 1176 2774 Scripturas
1195 2699 1373 2776 Canonicas,
1392 2698 1445 2756 nibil

387 2801 418 2855 in
432 2798 562 2857 Eoclesia
576 2798 690 2874 legatur
703 2796 758 2855 sub
778 2798 896 2876 nomine
909 2796 1076 2854 divinarum
1091 2796 1317 2872 scripturarum.
1337 2798 1402 2856 Sunt
1411 2813 1446 2854 au·

388 2903 447 2954 tem
467 2895 630 2955 canonicae
644 2895 825 2970 Scripturas,
841 2893 980 2969 Genesis,
999 2895 1136 2970 Exodus,
1155 2896 1319 2972 Leviticus,
1337 2895 1443 2966 Numeri,

386 2995 659 3070 Deuteronomium,
677 2994 760 3052 Jesus
778 2993 879 3068 Nave,
904 2993 1059 3068 lodicum,
1086 2993 1183 3069 Ruth,
1205 2994 1372 3070 Regnorum
1394 2991 1442 3050 libri
1482 3059 1485 3078 ἲ

385 3099 527 3168 quatuor,
550 3092 792 3166 Paralipomenon
811 3091 878 3150 libri
898 3091 975 3166 duo,
994 3090 1068 3165 lob,
1086 3091 1261 3150 Psalterium
1282 3092 1442 3163 davidicum,
1484 3133 1485 3143 ,

385 3191 547 3250 Salomonis
559 3191 627 3248 libri
640 3193 784 3266 quinque,
799 3190 866 3248 libri
880 3188 1033 3248 duodecim
1046 3189 1271 3266 Prophetarum,
1287 3191 1383 3263 Isaias,
1394 3187 1442 3244 llis
1483 3211 1484 3237 r

384 3291 505 3364 remias,
529 3287 678 3364 Ezechiel,
695 3287 815 3362 Daniel,
839 3286 1102 3362 Tobias„·ludith,
1126 3286 1249 3362 Esther,
1271 3287 1374 3346 Esdrac
1393 3283 1441 3342 libri
1482 3271 1483 3329 l

383 3385 457 3461 duo,
474 3385 720 3444 Machabaeorum
734 3385 801 3443 libri
814 3385 883 3443 duo.
898 3409 910 3433 n
931 3383 968 3442 Et
981 3385 1097 3442 censitis
1111 3383 1193 3442 libris
1207 3386 1277 3442 novi
1291 3381 1439 3452 testamenti,
1481 3367 1482 3423 l

382 3483 501 3557 explicit
518 3483 629 3542 Canon.
650 3483 726 3541 liuic
747 3483 811 3541 loco
834 3481 955 3556 adposui
971 3481 1078 3557 verba,
1095 3498 1169 3557 quae
1185 3485 1217 3540 in
1233 3481 1293 3540 tine
1308 3481 1386 3557 hujus
1400 3475 1438 3534 Ca·
1480 3449 1481 3515 b

381 3585 466 3639 nonis
484 3582 630 3659 leguntur.
653 3581 733 3639 Haec
754 3583 832 3639 enim
851 3584 933 3638 sunt:
959 3578 1045 3637 «Hoc
1064 3582 1142 3638 enim
1158 3579 1244 3638 fratri
1265 3585 1294 3640 et
1315 3591 1437 3637 consocer

381 3678 442 3737 doti
465 3687 564 3738 nostro
579 3679 749 3754 Boniiacio,
769 3678 816 3736 vel
839 3678 904 3736 aliis
923 3693 1024 3736 earum
1045 3679 1172 3753 partium
1193 3679 1334 3754 episcopis
1351 3679 1436 3734 innob
1478 3631 1479 3701 ¹

381 3782 445 3834 scat
460 3791 513 3852 pro
529 3777 730 3836 confirmando
743 3779 799 3834 isto
817 3775 955 3851 Canone,
972 3777 1041 3851 quia
1055 3791 1073 3833 a
1085 3775 1216 3850 patribus
1229 3777 1287 3834 ista
1303 3775 1436 3848 accepimus

380 3875 411 3931 in
425 3873 553 3933 Ecclesia
567 3875 700 3952 legenda.
712 3899 724 3924 »
739 3873 906 3932 Boniiacius
921 3873 1032 3932 Romae
1045 3878 1177 3948 praeerat
1190 3889 1268 3931 anno
1275 3873 1374 3932 Christi
1383 3875 1433 3928 419.

379 3973 490 4031 Verum
507 3979 605 4033 tamen
619 3980 663 4031 est
679 3973 759 4031 hunc
773 3971 920 4032 Cononem
933 3974 1085 4048 repetitum
1100 3987 1162 4030 esse
1177 3988 1214 4030 ex
1233 3972 1323 4030 altero
1333 3967 1433 4029 Concilio

379 4072 449 4128 anui
464 4079 532 4128 397.
550 4069 605 4130 sub
624 4069 726 4129 Siricio
743 4071 845 4146 Papa,
862 4073 944 4148 cujus
962 4085 1055 4129 canon
1070 4071 1237 4146 trigesimus
1249 4075 1364 4128 octavus
1380 4064 1433 4123 Scri·

378 4174 479 4244 pluras
497 4168 659 4228 Canonicas
677 4171 803 4244 respicit.

405 4359 439 4421 (ι)
450 4360 540 4410 labbei
559 4361 584 4408 in
603 4362 649 4410 hoo
666 4362 772 4414 saeculo.
