3070 5180
865 367 1005 417 ..8-

386 477 437 549 pta
454 470 623 552 apocrypha
644 477 794 550 corruptos
809 473 966 534 nonnullas
984 473 1062 534 illius
1080 471 1225 534 Ecclesiae
1249 474 1476 535 eonsuetudines

385 573 506 647 juvant.
1187 635 1189 640 .

308 736 314 753 .
427 669 571 728 Ecclesiae
586 674 777 744 protestantes
790 685 850 727 non
869 670 1038 729 solumillos
1051 669 1141 730 libros
1153 670 1340 748 apocryphos
1357 669 1474 748 habeut,

309 760 334 786 “·
388 771 418 826 11
435 781 530 825 meros
546 749 667 824 humani
682 767 792 843 ingenii
805 766 911 844 foetus,
939 767 1034 844 (cujus
1051 769 1164 844 generis
1180 783 1242 826 esse
1261 767 1428 826 ereduntur
1443 767 1477 826 ab

385 863 515 924 Ecclesia
527 863 703 938 Romana,et
717 868 785 922 sunt
799 879 911 941 revera,
921 863 1066 923 Manassis
1079 880 1188 942 preces,
1203 865 1319 924 Esdrae
1333 864 1410 923 liber
1423 869 1476 923 ier·

386 965 445 1022 tius
458 968 487 1020 et
502 967 635 1038 quartus,
654 961 721 1019 lobi
737 963 767 1019 in
781 961 839 1020 fine
853 963 974 1039 additio,
989 963 1123 1022 Psalmus
1142 965 1319 1023 centesimus
1334 965 1475 1038 quinqua·

389 1061 518 1136 gesimus
534 1055 673 1135 primus),
688 1063 892 1119 verumetiam
905 1059 1007 1118 iudith
1022 1077 1056 1118 ac
1067 1059 1154 1119 Tobit
1166 1060 1271 1137 libros,
1285 1060 1359 1118 libri
1377 1059 1475 1118 Esther

390 1156 587 1232 additionem,
602 1155 783 1233 Sapientiae,
804 1157 1015 1233 Ecclesiastici,
1033 1156 1148 1216 baruch
1159 1157 1320 1234 prophetae
1335 1170 1473 1216 unacum

385 1255 549 1314 Hieremiae
560 1253 692 1330 epistola,
704 1256 795 1314 trium
807 1271 963 1330 pueromm
977 1255 1134 1331 hymnum,
1142 1254 1294 1314 Susannae
1309 1255 1472 1330 historiam,

389 1352 463 1428 Beli,
478 1349 670 1427 draconisque
685 1354 893 1429 narrationem,
902 1369 937 1411 11
945 1352 1191 1412 Machnbaeorum
1203 1353 1295 1412 libros
1306 1354 1436 1428 primum
1449 1357 1474 1408 et

391 1450 562 1510 secundum.
574 1449 655 1508 Libri
668 1452 717 1508 isti
730 1452 877 1508 communi
895 1465 1037 1512 consensu
1055 1468 1074 1509 a
1092 1450 1324 1527 protestantibus
1338 1464 1472 1525 respuun-

391 1554 457 1623 tur;
476 1547 563 1623 idque
578 1546 617 1605 ob
636 1563 703 1623 eas,
725 1564 800 1623 quae
818 1553 989 1623 sequuntur,
1006 1550 1143 1606 rationes.

428 1645 453 1702 Ι.
470 1643 559 1702 Nulla
575 1645 747 1702 austeritate
764 1646 826 1702 sive
843 1650 964 1704 externa
988 1645 1050 1706 sive
1067 1647 1182 1704 interna
1208 1645 1378 1721 potiuntur,
1399 1643 1470 1702 utin

389 1757 474 1800 sacro
489 1740 606 1800 Canone
625 1747 807 1800 censeantur.
919 1761 929 1782 ·
994 1797 998 1811 ,

435 1849 461 1899 1.
484 1839 529 1899 Ex
549 1841 596 1900 his
615 1841 714 1900 nullus
741 1844 772 1899 in
798 1841 923 1901 hebraeo
949 1848 1039 1901 extat.
1061 1841 1179 1901 Praeter
1204 1847 1346 1918 quartum
1371 1838 1470 1898 Esdrae

388 1939 515 2014 librum,
538 1941 589 2014 qui
608 1945 724 1998 tantum
739 1939 829 2000 latine
843 1940 970 2016 legitur,
992 1956 1093 1999 omnes
1111 1940 1232 2000 elleniea
1255 1939 1363 2015 lingua
1380 1937 1470 2011 scriph'

390 2045 479 2115 sunt,
501 2045 529 2098 et
545 2039 675 2115 plerique
689 2039 727 2098 ab
739 2039 855 2114 judaeis
872 2039 1080 2098 alexandrinis.

427 2145 457 2195 2.
478 2137 537 2212 Ipsi
560 2139 661 2212 scripti
676 2135 757 2196 fuere
775 2143 929 2212 postquam
947 2139 1066 2212 spiritus
1078 2136 1262 2212 propheticus
1280 2134 1390 2209 desiit,
1408 2133 1467 2196 licet

386 2240 454 2294 ante
467 2234 621 2311 Evangelii
634 2234 888 2309 praedicationem.
903 2233 939 2294 In
951 2233 1114 2294 Malachiae
1126 2233 1280 2309 prophetia
1293 2249 1323 2292 c.
1336 2248 1381 2290 1v.
1396 2238 1413 2288 4
1426 2259 1437 2284 2
1450 2239 1463 2287 o

383 2333 490 2407 legitur
509 2331 624 2390 nullum
639 2331 810 2406 prophetam
827 2337 893 2405 post
912 2347 978 2390 eum
995 2329 1127 2390 futurum
1143 2347 1205 2389 cese
1218 2346 1312 2405 usque
1333 2329 1372 2390 ed
1384 2328 1463 2386 loon·

382 2443 452 2486 nem
468 2427 648 2503 Baptistam,
668 2429 718 2503 qui
738 2430 770 2484 in
791 2429 893 2502 spiritu
912 2433 942 2498 et
957 2433 1100 2503 potestate
1115 2426 1196 2486 Eliae
1210 2428 1345 2500 reuiret3
1357 2423 1463 2484 ludaei·

385 2541 442 2602 que
457 2527 610 2584 unanimes
626 2527 761 2601 spiritum
774 2524 974 2602 propheticum
987 2541 1054 2587 cum
1066 2525 1213 2593 Malachia
1223 2540 1356 2588 cessasse
1365 2527 1463 2582 testan-

381 2629 440 2680 tur.
462 2621 543 2680 Libri
561 2621 723 2696 Sapientiae
739 2629 850 2699 auctor,
867 2623 974 2689 librum
992 2622 1070 2681 hunc
1088 2639 1106 2682 a
1122 2621 1275 2682 Salomone
1287 2621 1380 2680 fuisse
1402 2634 1462 2678 con·

382 2724 523 2796 scriptum
537 2724 654 2798 asserit,
684 2722 759 2798 quod
776 2740 837 2781 non
853 2722 947 2782 solum
963 2722 1118 2781 manifesto
1140 2722 1267 2798 falsum,
1288 2722 1342 2780 sed
1360 2723 1462 2796 praete·

383 2835 434 2890 rea
447 2819 556 2878 librum
569 2834 629 2878 non
644 2835 707 2878 esse
722 2821 895 2894 inspiratum
912 2819 1027 2895 probat.
1044 2820 1191 2895 Inprimis
1209 2825 1323 2894 auctor,
1339 2815 1460 2894 quisquis

385 2918 435 2976 ille
456 2917 561 2992 luerit,
581 2917 675 2976 Isaiae
699 2933 733 2976 ac
744 2918 906 2978 Hieremiae
924 2920 1081 2978 sententias
1097 2917 1239 2993 quasdam
1258 2917 1401 2988 assumit,
1419 2909 1462 2986 qni

385 3016 443 3072 nisi
459 3020 525 3090 post
538 3013 701 3074 Salomonis
718 3020 842 3072 aetatem
855 3017 1007 3074 vaticinati
1025 3031 1084 3072 non
1104 3021 1190 3088 sunt,
1204 3013 1327 3089 ideoque
1342 3011 1412 3071 liber
1429 3006 1461 3066 eb

385 3129 420 3171 eo
437 3129 497 3171 uon
514 3110 571 3170 fuit
587 3118 747 3187 exaratus,
765 3112 892 3172 secundo
912 3113 1058 3172 israelitas
1078 3113 1204 3170 inindeis
1224 3113 1286 3170 suis
1304 3110 1389 3186 quasi
1401 3104 1460 3165 sub·

386 3209 462 3284 ditos
481 3209 626 3284 ostendit,
641 3210 712 3268 dum
725 3215 844 3284 conua,
860 3209 944 3276 nobis
964 3225 1002 3272 ex
1019 3211 1110 3268 111111
1123 3209 1279 3284 scripturis
1294 3220 1405 3282 magna
1419 3216 1460 3277 pa·

386 3323 419 3366 ee
439 3322 474 3365 ao
498 3309 688 3382 prosperitate
715 3323 764 3366 eos
791 3307 846 3366 sub
864 3307 995 3383 ejusdem
1020 3306 1183 3368 Salomonis
1199 3307 1321 3382 imperio
1338 3301 1460 3364 floruisse

385 3420 445 3461 non
463 3404 544 3462 latet.

425 3509 453 3559 ³.
463 3500 622 3578 Scriptores
631 3505 680 3560 isti
693 3503 807 3562 nullum
821 3503 1019 3578 inspirationis
1026 3507 1076 3579 jus
1090 3503 1146 3562 sibi
1160 3501 1323 3576 vindicant,
1333 3513 1396 3560 sese
1407 3507 1458 3553 11⁰ss

384 3599 524 3660 divinitus
549 3601 707 3676 impulsos,
735 3593 786 3660 sed
803 3604 919 3678 proprio
942 3601 1062 3662 consilio
1082 3603 1213 3661 animum
1231 3592 1459 3658 adscribendum

385 3696 554 3772 adjunxisse
574 3697 689 3756 disertis
711 3697 808 3756 verbis
829 3697 968 3756 intentur.
988 3697 1035 3757 Sic
1058 3699 1089 3755 in
1106 3697 1227 3772 prologo
1246 3695 1314 3754 libri
1329 3688 1457 3754 Ecclesia·

385 3798 450 3856 stiei
470 3793 548 3854 filius
563 3793 665 3854 Sirach
679 3793 817 3854 lectorem
836 3801 989 3870 precatur,
1008 3800 1042 3852 ut
1055 3810 1167 3852 ermres
1187 3795 1219 3850 in
1232 3807 1305 3868 quos
1316 3787 1454 3854 mederet,

383 3895 415 3952 in
433 3892 530 3950 verbis
539 3892 673 3950 hebraeis
689 3895 738 3950 avi
752 3895 797 3950 sui
807 3892 876 3952 lesu
894 3894 926 3950 in
944 3908 1079 3968 graecam
1099 3891 1231 3968 linguam
1246 3880 1455 3950 cameraris,

383 3989 440 4050 sibi
460 3989 614 4050 condonet.
630 3990 666 4048 ln
681 3973 927 4050 Machabaeorum
941 3991 1035 4064 primo
1050 4005 1076 4048 e.
1095 4005 1139 4046 1v.
1157 3995 1206 4047 46.
1224 4001 1258 4045 ac
1273 4003 1318 4044 1x.
1335 3991 1383 4042 27.
1397 3973 1453 4036 nul·

385 4087 447 4145 lum
463 4104 526 4146 esse
540 4089 679 4146 asseritur
696 4093 766 4147 tunc
780 4088 917 4162 temporis
933 4089 965 4144 in
976 4086 1065 4146 Israel
1077 4085 1263 4162 Prophetam.
1281 4083 1327 4142 Ex
1339 4071 1453 4143 11111ᾶο

384 4184 631 4244 Machobaeorum
644 4184 720 4242 libro
733 4187 841 4260 pariter
854 4183 978 4244 insertur·
990 4183 1193 4260 compendium
1209 4197 1225 4240 e
1240 4181 1365 4258 quinque
1382 4169 1452 4230 libris

378 4281 496 4344 tasonis
519 4283 661 4360 Cyrenaei
681 4283 879 4360 descriptum,
904 4298 938 4342 ac
964 4281 1060 4342 verbis
1080 4290 1363 4375 expressumhquae
1386 4268 1452 4330 idem
