3022 5178
842 369 1021 420 *ios-

390 501 490 546 sacrae
499 483 676 559 Scripturae,
687 495 783 538 rerum
792 478 946 538 collatione
957 475 1105 536 simillima
1114 479 1211 536 sunt.»
1222 476 1309 551 Epist.
1321 495 1434 540 ιιιιιιι,

389 582 528 661 Eangyth
549 581 712 640 abbatissae
728 578 766 637 ad
781 577 915 636 eumdem
931 574 1244 649 Donifaolumpraeter
1261 575 1437 651 Sapientiacll·

390 682 492 756 hrum,
512 681 689 738 mentionem
706 677 778 736 iacit
798 675 834 734 dc
852 675 1024 735 Danielem
1045 673 1141 734 medio
1160 674 1294 750 leonum,
1317 674 1351 732 ad
1371 691 1438 750 pren

389 781 471 839 misit
486 779 629 838 Dominus
648 773 825 850 Prophetam
848 775 998 834 Habacuc.

429 877 457 952 5.
479 875 546 934 XII.
570 875 745 936 Paschasius
768 872 925 934 Ilatbertus
953 873 1128 950 corbejensis
1148 872 1238 932 abbas
1259 871 1337 930 initio
1355 872 1441 930 sacculi

390 977 461 1034 noni
482 978 635 1035 sanctitate
653 983 682 1035 et
695 976 829 1034 doctrina
844 973 989 1033 excelluit
1009 974 1090 1032 Inter
1107 972 1185 1030 illius
1205 972 1310 1046 scripta
1331 984 1441 1028 numero

389 1079 439 1132 tur
453 1073 527 1133 liber
543 1075 579 1133 de
594 1077 717 1134 veritate
733 1075 868 1150 Corporis
889 1080 917 1132 et
937 1071 1094 1150 Sanguinis
1106 1071 1224 1130 Domini
1240 1073 1272 1127 in
1287 1068 1442 1127 Eucharistia
1489 1109 1490 1138 ,

389 1179 492 1233 contra
517 1175 701 1234 Dertramum
724 1175 937 1254 presbyterum.
961 1173 1022 1231 Nos
1046 1172 1094 1230 hic
1120 1171 1333 1246 disquisitiones
1351 1175 1441 1228 nostres
1489 1175 1490 1202 ³

390 1275 509 1348 sectati,
532 1276 564 1331 in
579 1276 822 1332 commentarium
837 1273 917 1332 illius
933 1271 1089 1330 incidimus
1102 1286 1191 1346 supra
1205 1269 1395 1343 Matthaeum,
1406 1269 1441 1326 ubi

390 1369 441 1428 lib.
464 1387 488 1428 1
512 1387 576 1446 cap
600 1389 624 1429 1.
649 1371 845 1431 Ecclesiastici
871 1369 1051 1446 Scriptorum
1067 1368 1104 1444 (1)
1120 1368 1318 1445 propheticam
1344 1365 1490 1452 appellat
1489 1415 1490 1424 ,

391 1467 505 1528 dicens:
531 1468 613 1528 «Sed
630 1473 813 1546 omnipotens
833 1470 911 1529 Deus
931 1471 1077 1545 praescius
1098 1467 1283 1542 futurorum,
1310 1467 1380 1524 sreot
1391 1465 1441 1522 Pro

391 1566 479 1642 pheta
490 1573 624 1627 testatur
640 1567 721 1642 Qui
732 1575 775 1627 est
783 1574 952 1643 conspector
963 1567 1095 1627 omnrnm
1108 1566 1327 1625 sacculorum.»
1340 1563 1401 1638 Cap.
1414 1581 1441 1622 ιι.

392 1665 429 1723 dc
445 1670 607 1725 reverentia
620 1667 734 1726 loeutus
749 1683 818 1743 crgo
831 1667 960 1741 corporis
976 1672 1005 1725 et
1018 1665 1137 1741 sanguis
1153 1665 1272 1724 Domini
1287 1664 1442 1739 mysterium,
1489 1677 1490 1680 ’

393 1764 528 1822 eumdem
542 1764 649 1823 librum
663 1771 794 1824 revocat:
816 1763 926 1824 «Unde
943 1769 972 1823 et
985 1762 1140 1839 Salomon,
1159 1765 1250 1820 immo
1263 1777 1314 1836 per
1327 1777 1387 1820 eum
1397 1759 1443 1836 Spi·

393 1863 467 1921 ritus
480 1863 603 1923 Sanctus
614 1864 714 1941 jubet:
731 1863 830 1923 ·Cum
847 1863 955 1922 sederis
969 1863 1007 1922 ad
1021 1878 1152 1921 mensam
1169 1863 1310 1937 potentis,
1328 1865 1359 1917 ut
1375 1875 1443 1916 come
1489 1903 1490 1944 ,

393 1959 446 2019 das
469 1977 536 2020 cum
555 1965 685 2037 principe
697 1961 850 2038 diligenter
870 1960 1002 2036 attende,
1021 1976 1097 2036 quae
1117 1965 1301 2036 apponuntur
1314 1957 1375 2032 tibi,
1394 1971 1443 2031 quo
1489 1973 1490 2032 )

392 2060 473 2117 niam
491 2060 563 2118 talia
582 2067 611 2119 te
631 2065 744 2134 oportet
765 2075 958 2134 preparare.»
982 2058 1024 2117 Dc
1046 2060 1108 2116 vita
1132 2057 1209 2116 beati
1225 2054 1378 2116 Adelhardi
1402 2055 1442 2114 eli·
1489 2095 1490 2132 ,

392 2155 446 2214 bro
461 2155 499 2232 (2)
516 2157 762 2216 Machabaeorum
780 2157 984 2232 haeeexcipit:
1004 2157 1084 2215 «Iste
1096 2171 1222 2230 namque
1238 2161 1299 2231 est,
1317 2157 1442 2228 canusini,
1489 2159 1490 2240 l

392 2253 466 2310 mihi
486 2259 584 2329 pater,
609 2253 734 2312 fratrum
761 2259 874 2312 amator
892 2258 920 2312 et
937 2253 1036 2329 populi
1055 2253 1162 2328 Israel;
1184 2253 1249 2327 hic,
1272 2255 1322 2328 qui
1345 2253 1442 2310 multum
1489 2251 1490 2304 l

393 2358 458 2410 orat
469 2363 522 2426 pro
535 2353 607 2426 suis,
623 2351 764 2410 charitate
777 2357 942 2427 perpetuus,
957 2375 969 2402 ι
989 2350 1053 2410 Lib.
1071 2368 1109 2409 11.
1127 2353 1158 2408 in
1172 2351 1353 2409 Matthaeum
1365 2365 1416 2425 cap.
1425 2367 1441 2407 1.

396 2472 409 2497 r
421 2449 497 2520 Quia
508 2449 657 2523 Verbum,
676 2451 789 2525 inquit,
810 2450 920 2508 iactum
935 2455 997 2524 est,
1012 2456 1040 2508 et
1056 2449 1201 2508 habitavit
1213 2451 1245 2506 in
1259 2449 1357 2507 nobis:
1370 2481 1381 2492 ·
1393 2447 1443 2506 Inde

393 2546 523 2621 proiecto
554 2546 627 2604 illuri
651 2545 767 2605 Baruch
787 2548 918 2622 expletur
944 2548 1133 2622 vaticinium,
1152 2547 1230 2622 quod
1246 2550 1278 2605 in
1298 2553 1371 2606 terra
1385 2549 1442 2603 visu
1489 2589 1490 2610 ,

393 2646 449 2718 sit,
471 2649 500 2703 et
519 2659 586 2702 cum
604 2644 772 2702 hominibus
790 2651 1019 2704 conversatus.»
1037 2645 1072 2703 In
1086 2644 1217 2704 eumdem
1231 2643 1339 2704 Matth.
1355 2643 1398 2702 lib.
1410 2659 1441 2700 ιι.
1489 2639 1490 2730 ζ

394 2759 421 2800 c.
445 2751 493 2800 io
516 2743 624 2801 alibro
638 2743 801 2818 Sapientiae
817 2743 854 2818 (3)
870 2743 974 2802 refert.
994 2743 1099 2801 «Nam
1113 2751 1238 2819 quatuor
1252 2741 1445 2801 medisinSori·
1489 2757 1490 2798 ι

391 2841 485 2914 pturis
499 2839 623 2913 arundo,
637 2839 683 2898 vel
695 2840 825 2898 calamus
837 2840 994 2899 dicitur...
1006 2840 1185 2914 ¹aliquando
1199 2841 1309 2900 dicitur
1321 2843 1391 2898 nitor
1402 2839 1443 2915 glo·
1489 2863 1490 2888 ι

393 2939 454 2996 riae
467 2943 655 3014 sanctorum,
673 2945 723 2996 nt:
739 2939 839 2996 -rrFul
821 2939 929 3014 ebunt
916 2942 1034 3015 tjusti,
1050 2946 1078 2998 et
1092 2943 1167 2998 sicut
1180 2941 1368 2998 scintillaein
1381 2953 1444 2996 arun·

390 3035 488 3094 dineto
511 3036 710 3095 discurrente
727 3036 910 3096 Praefatione
927 3040 959 3094 in
979 3038 1141 3096 Hieremiae
1158 3038 1310 3113 thraenos,
1329 3038 1363 3096 de
1378 3036 1444 3096 cant

391 3136 433 3191 cis
446 3133 612 3210 Scripturae
627 3134 735 3192 divinis
750 3133 890 3208 scribens,
899 3135 972 3193 illud
981 3134 1091 3193 Tobiae
1101 3135 1138 3210 (4)
1151 3141 1310 3195 memorat:
1326 3135 1382 3192 «Et
1392 3135 1446 3191 sicot
1489 3129 1490 3142 ¹

391 3247 443 3306 per
456 3231 613 3307 quemdam
624 3233 776 3308 augustius
791 3231 827 3290 de
840 3231 955 3291 coelesti
975 3232 1158 3291 Hierusalem
1174 3233 1374 3308 praedicatur:
1388 3229 1445 3288 -ιι-
1489 3291 1490 3304 ,

390 3329 457 3404 pide
473 3333 632 3405 praetioso,
654 3335 684 3388 et
705 3329 815 3388 mundo
834 3345 934 3389 omnes
954 3331 1066 3406 plateae
1087 3335 1149 3407 ejus
1169 3337 1353 3405 sternentur,
1366 3335 1397 3388 ct
1411 3343 1445 3402 per

391 3443 492 3486 omnes
520 3429 601 3486 vicos
627 3431 690 3504 ejus
720 3427 837 3504 alleluja
856 3426 1059 3486 cantabitur.»
1078 3427 1111 3485 In
1133 3428 1233 3488 eodem
1254 3428 1330 3489 libro
1345 3423 1446 3487 Danielis

391 3524 482 3582 verba
495 3523 533 3600 (5)
549 3542 586 3584 ex
603 3525 723 3584 Cantica
743 3527 832 3584 trium
855 3541 1010 3600 puerorum
1029 3531 1127 3584 censet
1144 3529 1174 3582 in
1193 3526 1244 3584 tila
1264 3525 1353 3584 rerba
1371 3525 1445 3583 Hiera

391 3622 485 3685 miae:
502 3653 515 3664 -
529 3621 658 3681 Abstulit
677 3639 778 3681 omnes
794 3620 965 3698 magnificos
987 3637 1067 3680 meos
1081 3623 1223 3682 Dominus
1241 3623 1278 3682 de
1295 3623 1386 3682 medio
1396 3619 1445 3677 mei:

394 3748 407 3760 -
419 3717 479 3776 Nec
498 3718 638 3795 dubium,
657 3722 729 3795 quin
749 3720 820 3778 haec
840 3721 954 3794 plenius
976 3721 1008 3776 in
1024 3719 1069 3777 illi
1084 3727 1214 3780 extrema
1240 3723 1401 3796 captivitate
1413 3721 1444 3792 jo-

389 3815 469 3874 daeis
491 3817 644 3894 acciderit,
660 3818 776 3893 quando
795 3817 894 3876 nullus
912 3815 1125 3892 Prophetarum
1139 3821 1214 3878 inter
1233 3836 1282 3879 eos
1299 3816 1445 3878 remansisse
1489 3835 1490 3886 3

387 3913 533 3990 ereditur,
552 3917 639 3974 sicuti
654 3916 757 3974 Daniel
776 3915 930 3991 deplorans
948 3915 1033 3974 dicit:
1048 3916 1194 3976 -Domine
1214 3934 1274 3977 non
1295 3917 1359 3975 est
1350 3933 1379 3972 m
1391 3919 1444 3970 ten
1489 3935 1490 4016 ,

390 4027 459 4086 pore
489 4011 545 4070 hoo
573 4014 707 4088 princeps
734 4018 762 4070 et
788 4013 849 4072 dux
876 4018 906 4071 et
936 4012 1099 4088 Propheta,
1127 4029 1220 4090 neque
1249 4013 1444 4077 holocaustum,
1489 4023 1490 4056 1

417 4201 452 4265 (ι)
469 4204 536 4253 Eeol.
557 4218 579 4253 o.
596 4207 705 4256 xxxvi.
728 4231 759 4242 -
781 4205 815 4269 (2)
826 4214 849 4256 a.
861 4209 925 4256 blac.
937 4217 960 4254 c.
970 4207 1022 4254 XV.
1044 4229 1074 4242 -
1091 4205 1125 4268 (a)
1137 4207 1193 4269 Sap.
1206 4209 1267 4255 nv.
1284 4213 1304 4254 1.
1322 4195 1436 4264 ..mich
1438 4229 1443 4243 ·
1489 4247 1490 4266 ,

388 4282 735 4345 extra-(stomoma
1489 4307 1490 4314 ι
