2964 5174
806 407 846 417 -
869 377 925 436 tab
945 407 986 417 -

358 501 487 555 tuentur.
503 494 645 569 Quamvis
657 494 716 553 duo
728 491 861 570 codices,
877 496 928 570 qui
940 509 1047 553 nomeu
1061 492 1182 554 Joanrris
1197 497 1327 574 jactant,
1341 505 1422 562 neutri

360 593 416 654 hoe
434 610 507 670 opus
525 597 672 670 integrum
690 599 824 668 servant,
847 599 976 652 atamen
992 595 1068 651 inter
1087 609 1120 651 se
1138 597 1278 653 consertis
1294 600 1422 676 utrisque,

359 690 445 750 focile
464 699 595 750 vetemm
614 690 830 767 scripturarum
847 689 949 750 Canon
962 692 1115 767 excipitur.
1137 691 1203 750 Nou
1216 698 1329 751 tantum
1343 703 1425 755 autem

359 793 483 868 veteris,
502 797 531 850 et
549 794 620 850 novi
639 793 805 850 testamenti
825 791 967 868 synopsis
988 791 1131 868 generalis
1151 791 1356 870 Chrysostomo
1368 813 1425 856 eon·

359 889 488 965 ceditur,
512 895 598 965 prout
615 887 739 949 editores
758 889 829 948 dicti
844 893 912 965 jure
928 889 1096 964 vmdtcant,
1118 907 1221 949 verum
1238 893 1326 948 etiam
1342 895 1426 970 singu·

360 986 455 1046 lorum
470 989 611 1047 librorum
629 987 771 1066 Synopsis
792 986 926 1048 eumdem
947 994 1096 1047 auctorem
1114 987 1210 1065 eilert,
1230 1005 1278 1048 ex.
1290 1006 1319 1066 g.
1335 993 1364 1048 iu
1381 993 1426 1052 Ge-

356 1087 423 1143 nesi
439 1085 476 1144 de
488 1086 590 1164 lingua
605 1087 743 1146 hebraica
760 1086 905 1147 disserens
921 1086 1023 1145 scribit
1036 1092 1172 1146 sanetus:
1193 1111 1205 1136 α
1222 1085 1300 1146 Nam
1314 1103 1377 1146 cum
1389 1091 1426 1150 iile

359 1182 455 1242 Heber
470 1191 643 1261 vocaretm,
668 1185 740 1244 haec
761 1185 906 1244 Hebraico
923 1185 1069 1260 appellate
1086 1191 1146 1260 est,
1167 1185 1248 1261 quod
1268 1187 1378 1261 siguum
1392 1195 1426 1248 est

359 1285 541 1359 maximum,
563 1283 733 1342 hebraicam
751 1299 814 1342 esse
835 1285 966 1340 omnium
983 1283 1151 1361 linguarum
1164 1285 1423 1358 antiquissimam.»

359 1377 455 1441 Antea
471 1387 569 1441 autom
587 1383 619 1439 in
635 1387 790 1456 conspectu
808 1382 903 1456 operis
921 1380 982 1438 iere
997 1379 1098 1439 eadem
1118 1380 1209 1440 verba
1229 1384 1344 1456 repetit:
1363 1407 1374 1432 α
1392 1383 1424 1440 di-

360 1480 436 1537 citur
460 1486 559 1539 autem
581 1482 613 1537 in
638 1479 689 1537 illa
714 1478 885 1538 conluuione
907 1479 1076 1555 linguarum
1098 1478 1246 1538 llehemm
1272 1478 1425 1554 judaeomm

361 1581 576 1654 progenitorem
595 1579 723 1638 uoluisse
742 1579 846 1636 tenmti
865 1579 960 1652 operis
978 1593 1041 1636 esse
1058 1579 1229 1653 participem
1243 1619 1326 1635 .....
1333 1578 1373 1636 Ex
1387 1596 1424 1638 ue

359 1675 477 1750 potibus
493 1679 556 1752 ejus
574 1675 631 1734 iuit
650 1674 811 1734 Abraham.
832 1674 959 1750 ideoque
978 1675 1153 1750 judaeorum
1182 1675 1287 1752 lingua
1311 1675 1425 1736 hebraica

360 1780 484 1833 vocatur
504 1773 541 1832 ad
558 1774 683 1833 llehero.
710 1799 722 1824 υ
744 1773 829 1832 Aliae
847 1779 946 1832 autem
963 1776 1123 1832 scotomiae
1145 1773 1215 1832 hiu'c
1236 1772 1304 1832 inde
1324 1775 1425 1834 collatae

361 1885 471 1947 unum,
492 1871 683 1948 eumdemque
701 1878 849 1931 auctorem
867 1873 958 1930 totius
976 1869 1142 1948 synopseos
1160 1871 1310 1930 exhibent.
1325 1871 1366 1930 Ex
1382 1871 1425 1931 hoc

361 1967 436 2026 libro
447 1967 535 2028 modo
547 1971 583 2028 de
602 1970 685 2029 libris
694 1969 848 2030 Gauouieis
862 1968 935 2028 haec
950 1985 1105 2045 excerpere
1116 1969 1195 2028 lieet.
1212 1969 1344 2028 Primum
1356 1970 1424 2028 dium

363 2065 492 2142 colligit:
519 2067 653 2127 «Libros
672 2067 785 2145 Moysis
806 2069 952 2144 quinque,
972 2066 1058 2126 lesus
1069 2066 1152 2126 Nave
1172 2067 1301 2143 librum,
1313 2067 1422 2144 judicum

362 2163 505 2242 altemm,
527 2172 557 2225 et
577 2166 660 2226 Ruth
683 2166 835 2242 libellum,
858 2181 933 2243 quos
957 2164 1171 2226 Octateuchum
1194 2173 1352 2242 nuncupat.
1370 2166 1423 2226 Post

361 2262 440 2322 hune
458 2264 628 2341 Regnorum
649 2265 740 2323 libros
763 2270 905 2341 quatuor,
929 2265 1036 2340 quibus
1058 2263 1219 2323 succedunt
1235 2264 1342 2323 Esdrae
1361 2264 1420 2322 libri.

362 2359 485 2420 Centum
503 2361 607 2421 deinde
623 2364 709 2422 annis
726 2362 850 2438 elapsis,
870 2377 973 2420 rursus
986 2361 1053 2420 illos
1073 2361 1183 2420 bellum
1196 2378 1302 2436 nempe
1314 2362 1421 2420 macedo-

361 2461 461 2518 nicum
469 2462 589 2536 invesit;
603 2477 638 2519 ac
651 2466 751 2536 postea
758 2459 896 2519 Antiochi
905 2458 1065 2536 Epiphanis
1079 2465 1161 2536 gesta
1174 2465 1343 2536 sequuntur,
1352 2475 1421 2534 quau

363 2558 401 2617 do
418 2559 512 2620 tribus
528 2563 613 2619 annis
633 2567 663 2620 et
681 2560 803 2620 dinddio
822 2561 948 2638 obsessi,
970 2561 1104 2636 maleque
1123 2560 1240 2636 allecti,
1260 2577 1277 2620 a
1295 2561 1419 2620 calarnita¹

361 2657 440 2716 tibus
460 2673 561 2718 rursus
575 2662 666 2735 erepti
678 2665 758 2719 sunt.
780 2659 851 2719 Post
868 2658 941 2719 haee
958 2659 1074 2719 modico
1089 2659 1187 2734 elapso
1206 2665 1348 2735 tempore,
1360 2657 1420 2716 Chri·

362 2760 425 2814 stus
439 2755 573 2834 advenit,
588 2763 617 2816 et
630 2763 714 2817 vetus
727 2763 935 2817 testamentum
950 2757 1072 2818 desinit:
1088 2781 1100 2808 u
1119 2757 1277 2818 Nonnullis
1289 2757 1420 2833 naseu

362 2853 508 2927 sequitur:
524 2877 537 2903 a
551 2853 664 2914 Veteris
674 2856 764 2930 igitur
777 2857 961 2929 testamenti,
975 2853 1056 2913 uliud
1067 2854 1185 2930 qrridcm
1199 2854 1364 2914 historicum
1374 2858 1418 2924 est;

362 2947 419 3007 hoc
437 2966 541 3025 nempe
558 2951 637 3028 quod
650 2956 715 3029 jam
732 2954 942 3011 recensuimus.
963 2953 1044 3025 Quae
1062 2951 1101 3010 ad
1114 2952 1238 3012 consilia
1251 2952 1419 3024 moraliaper·

361 3049 470 3124 tinent,
496 3055 566 3109 sunt
586 3048 760 3126 Proverbia,
783 3049 931 3126 Sapientia
950 3049 1069 3127 Sirach,
1100 3048 1418 3126 enimtestamento

361 3148 553 3205 canticorum.
578 3145 784 3223 Propheticum
804 3164 893 3224 vero,
914 3154 984 3208 sunt
1004 3147 1151 3206 sexdecim
1169 3147 1343 3224 Pmphetae,
1361 3141 1419 3202 Puth

361 3249 391 3301 et
407 3242 506 3302 David
524 3243 589 3318 (sed
607 3243 730 3304 tortasse
750 3245 832 3304 Ruth
850 3245 899 3304 hic
915 3245 1053 3305 mendose
1071 3247 1249 3322 irrepserit.)
1273 3245 1333 3304 Hoc
1352 3241 1418 3318 speri

362 3356 431 3399 men
448 3347 508 3418 est,
523 3341 602 3418 quod
615 3359 631 3402 e
644 3343 810 3419 protheoria
825 3345 953 3418 primum
968 3345 1111 3420 exsurgit.
1131 3369 1143 3394 »
1160 3344 1197 3402 Iu
1211 3343 1333 3422 synopsi
1344 3345 1417 3399 auhn

362 3440 481 3512 speciali
500 3446 692 3500 numerantur
702 3441 842 3517 Genesis,
854 3441 989 3518 Exodus,
1000 3442 1165 3518 Leuiticus,
1183 3442 1320 3517 Numeri,
1337 3439 1417 3499 neue

362 3540 544 3614 ronomlum,
563 3537 649 3598 lesus
660 3537 740 3597 lilius
753 3538 873 3615 Navae,
886 3539 1016 3616 ludices,
1026 3539 1123 3616 Ruth,
1136 3540 1304 3618 Regnorum
1319 3542 1417 3614 mettii

362 3633 447 3712 libri,
467 3635 711 3712 Paralipomenon
728 3636 796 3696 libri
812 3637 886 3715 duo,
909 3637 1019 3697 Esdrae
1035 3637 1112 3715 duo,
1129 3638 1234 3698 Esther
1245 3653 1334 3710 uuus,
1352 3631 1417 3692 Tolli

361 3749 456 3810 uuus,
467 3733 591 3811 iudith,
606 3735 679 3812 Job,
693 3733 842 3811 Sapientia
859 3734 1042 3812 Salomonis,
1061 3737 1191 3814 ejusdem
1208 3734 1370 3806 Proverbia,
1388 3727 1416 3786 Si·

362 3832 450 3908 rach,
464 3833 568 3911 Esaia,
580 3834 745 3911 Hieremia,
760 3834 909 3912 Ezechiel,
926 3835 1048 3911 Daniel,
1064 3834 1154 3912 Osee,
1166 3834 1249 3912 Joel,
1264 3834 1362 3904 Amos,
1372 3825 1415 3885 hh

362 3930 428 4008 dia,
448 3931 555 4010 Jonas,
570 3932 732 4010 Michaeas,
740 3933 874 4010 Nahum3
893 3941 922 3994 et
939 3935 988 3994 hic
1001 3934 1121 4010 explicit
1132 3934 1241 4010 codex,
1259 3935 1304 3992 cui
1316 3925 1415 3990 subseri·

362 4035 446 4105 ptum
462 4031 584 4108 legitur:
611 4056 624 4082 e
643 4029 707 4092 Ἕως
721 4027 768 4086 ω’δε
785 4029 844 4104 εἶχε
864 4034 894 4086 ro*
916 4031 1086 4104 ἀντίγραφον,
1106 4034 1128 4091 i.
1148 4049 1174 4091 e.
1191 4032 1332 4091 Hactenus
1348 4022 1414 4083 habel

363 4130 522 4204 exemplar.
547 4156 559 4181 n
582 4131 617 4188 ln
631 4130 755 4208 Synopsi
770 4133 915 4208 generali,
937 4140 971 4191 ut
983 4149 1020 4191 ex
1034 4132 1119 4191 dictis
1133 4137 1230 4207 patet,
1245 4125 1413 4188 desiderantur

362 4226 604 4302 Paralipomenon
619 4229 704 4305 libri,
723 4229 845 4288 historia
867 4229 989 4306 Esther,
1004 4228 1129 4304 Tobiae,
1149 4227 1272 4304 iudith,
1294 4217 1411 4299 Sapientia

362 4321 538 4384 Salomonis.
560 4326 595 4384 In
614 4326 732 4402 speciah
750 4343 821 4386 vero
838 4326 894 4386 hae
912 4343 1013 4388 omnes
1030 4326 1195 4404 scripturae
1209 4327 1335 4403 leguntur
1347 4318 1411 4394 jum
