3060 5170
873 411 1033 461 ...70-

415 526 497 583 rimis
528 523 694 582 intrinsecis
726 522 804 580 notis
828 525 892 579 tum
919 537 957 580 ex
984 519 1136 596 Philone,
1166 525 1229 580 turn
1258 537 1291 580 ex
1316 519 1437 598 Supianb're

415 622 567 699 Scriptura
589 619 725 679 hauritur
747 619 928 694 apertissime
955 617 1108 678 Philonem
1135 615 1215 678 baud
1239 617 1311 680 bunc
1334 620 1437 680 confirm

416 720 535 782 librum.
558 719 658 780 Prima
674 723 765 794 nota,
786 733 863 794 quae
881 733 976 778 unum
996 716 1035 778 ab
1053 717 1145 777 altero
1164 717 1304 793 decernit,
1330 735 1343 777 c
1363 735 1439 795 mgna

414 821 528 878 eruitur
548 815 608 878 stili
630 817 790 893 varietate,
810 831 924 893 usuque
942 813 1120 893 uerborum,
1135 817 1188 877 sad
1199 819 1439 894 speciatinnotaodr

412 923 458 978 cst
482 917 535 977 ilia
558 915 750 976 Parallelismi
775 917 903 991 specim,
936 929 1046 992 quam,
1070 922 1154 992 parte
1184 915 1327 991 seeunda,
1352 917 1440 991 arpenti

413 1016 580 1092 Scripturas
599 1013 885 1090 Proto-Canonicas,
906 1019 937 1074 at
960 1012 1259 1076 beatam-Canonicus
1284 1029 1382 1090 quoque
1399 1031 1440 1089 pu·

412 1113 540 1190 vadere,
564 1115 649 1173 sicuti
672 1119 701 1172 et
720 1113 798 1173 banc
820 1111 1025 1190 Scriptorum,
1044 1111 1117 1172 dum
1137 1129 1173 1171 ex
1196 1111 1314 1172 merso
1329 1111 1376 1170 boc
1391 1111 1440 1169 indi·

412 1214 492 1272 mm
519 1211 684 1273 recurratur
706 1212 737 1270 n
761 1182 844 1271 ism
874 1209 1018 1270 raucus.
1053 1209 1131 1271 um
1160 1209 1285 1271 mmor
1310 1209 1441 1269 aarum

414 1313 527 1370 eruitur
548 1327 586 1369 ex
607 1311 782 1370 testimoniis
807 1315 926 1386 patrum
946 1307 1195 1386 apostolicorum,
1213 1309 1264 1385 qui
1280 1307 1352 1367 bunc
1368 1305 1442 1364 libran

415 1411 447 1468 in
466 1409 598 1468 divinam
622 1411 825 1470 auctoritatam
845 1415 1011 1484 sunrenms,
1026 1409 1064 1468 ad
1077 1407 1172 1468 Biblia
1194 1409 1298 1468 ueteris
1309 1405 1441 1466 tamor·

412 1507 556 1584 retulere,
580 1510 624 1567 uti
641 1507 775 1566 Clernens
795 1507 876 1585 Papa
893 1507 986 1567 ierme
1012 1505 1131 1568 Philoni
1154 1505 1299 1583 aequalis,
1326 1505 1442 1576 uereor,

413 1605 552 1664 Clemens·
572 1604 804 1681 alexandrinus,
827 1605 956 1682 allique3
979 1619 1017 1666 ex
1031 1605 1138 1682 quibos
1155 1603 1260 1665 deinde
1272 1603 1364 1663 scribit
1378 1601 1443 1676 ingr

411 1703 580 1764 atinus-De
602 1704 868 1780 praedestinatione
889 1703 1065 1764 sanctornm
1077 1721 1108 1763 :·
1130 1704 1252 1778 «Quem
1270 1701 1393 1778 (llbmml
1409 1697 1442 1757 riti

411 1808 658 1878 anteposuerunt,
678 1804 766 1862 etlam
782 1802 963 1879 temporibus
979 1802 1124 1878 proximis
1140 1802 1354 1879 Apostolorum,
1370 1797 1443 1874 egregii

409 1906 604 1977 mactatores,
627 1901 679 1978 qul
697 1915 767 1961 eum
784 1905 889 1960 testem
903 1899 1092 1978 adhibentes,
1118 1899 1193 1960 nibil
1209 1899 1351 1974 adhibere,
1362 1893 1443 1955 nisid

409 2003 514 2060 vinum
527 1999 729 2060 teatlnronium
743 1995 938 2058 erediderunt.
956 2023 968 2050 a
992 1999 1092 2058 Tertia
1104 2005 1192 2076 nota,
1208 2002 1254 2059 nti
1265 1999 1344 2057 docet
1354 1995 1442 2064 cuna,

409 2101 461 2176 qul
483 2097 626 2176 singulari
646 2097 851 2158 dissertatione
872 2097 909 2158 de
926 2097 1015 2174 hujus
1034 2097 1103 2158 libri
1127 2101 1247 2156 auctore
1267 2098 1340 2173 egit,
1360 2091 1442 2170 pedib

409 2203 457 2256 tur
477 2214 514 2256 ex
537 2197 690 2258 doetrinae
716 2199 880 2272 varietate,
909 2195 1056 2272 siquidem
1083 2193 1207 2272 Sapiens
1227 2211 1256 2255 e.
1285 2209 1341 2253 ru.
1358 2188 1441 2260 solid,

407 2311 531 2372 puerum
554 2295 656 2356 docem
677 2297 821 2356 mensium
844 2301 975 2371 tempore
995 2294 1146 2370 coagulari
1165 2295 1198 2352 in
1220 2293 1356 2372 sanguine
1375 2305 1402 2348 er
1415 2301 1441 2343 se

407 2395 487 2452 mine
513 2393 652 2454 hominis.
673 2393 761 2454 Philo
782 2391 967 2454 contra-Da
992 2391 1099 2452 Mundi
1128 2389 1384 2469 aprutio-scptu
1403 2387 1440 2456 rit,

407 2491 545 2569 additque
558 2493 641 2568 lieri,
663 2499 697 2552 ut
709 2495 794 2570 siqua
807 2499 904 2554 mater
914 2493 975 2552 boc
987 2491 1103 2569 tempus
1115 2489 1358 2568 transgrediatur,
1375 2495 1441 2559 nenpt

407 2593 433 2650 si
460 2598 565 2652 octavo
593 2607 691 2650 mense
720 2593 869 2669 enitatur,
903 2591 987 2651 dilati
1022 2592 1147 2651 nimium
1175 2597 1281 2668 partus
1307 2580 1441 2648 incornmtdt

407 2689 506 2766 proles
527 2692 654 2767 sentiat,
677 2689 724 2750 vei
742 2691 914 2767 plemmqua
931 2691 1025 2749 viram
1044 2705 1104 2749 non
1126 2695 1275 2767 proroget.
1288 2687 1399 2761 'lnsupu
1412 2693 1441 2738 tt

406 2793 470 2845 otor
502 2785 569 2845 iibri
602 2788 675 2848 dicit
699 2787 848 2848 homiuem
877 2795 1008 2848 creatum
1039 2803 1104 2847 esse
1123 2785 1161 2846 ad
1184 2785 1241 2847 Dei
1273 2779 1441 2847 similitudino

406 2885 624 2962 immortalem,
639 2893 669 2946 et
682 2888 887 2962 innocentcm3
909 2886 1097 2963 hominisque
1114 2901 1224 2962 corpus
1235 2901 1253 2946 e
1264 2891 1339 2944 terra
1349 2879 1442 2940 modun

405 2985 439 3042 in
462 2989 573 3046 terram
592 2984 802 3044 reducendum.
837 2985 931 3045 Aliter
950 2991 1049 3045 autern
1078 2984 1216 3044 edoctum
1238 2990 1284 3043 ert
1308 2978 1442 3043 albicat,

408 3087 438 3140 et
455 3083 534 3140 circa
553 3081 683 3143 hominia
703 3085 903 3160 creationem,
923 3091 953 3144 et
965 3087 1045 3143 circa
1059 3083 1230 3142 societatem
1244 3079 1397 3159 angelorum
1406 3085 1442 3129 mi·

408 3179 524 3257 lomm,
544 3197 618 3258 quos
638 3181 695 3241 sibi
712 3183 815 3260 junxit
834 3183 913 3276 Dens
935 3185 967 3242 in
990 3183 1109 3243 homine
1131 3180 1343 3255 construendo,
1361 3169 1442 3251 quaein

407 3280 650 3341 manichaeorum
671 3282 815 3342 haeresim
837 3281 988 3342 diffluunt.

447 3378 567 3438 Gmtius
590 3379 670 3439 hunc
702 3382 788 3456 quasi
810 3379 944 3440 Philonis
973 3379 1083 3438 foetum
1108 3379 1241 3454 respuit,
1260 3383 1290 3436 et
1305 3377 1384 3434 immo
1398 3375 1443 3439 ⁰1³²q

403 3476 504 3550 jndaei
526 3478 633 3536 veteris
657 3479 809 3537 existimat
828 3477 964 3536 hebraice
984 3479 1126 3554 scriptum
1140 3481 1207 3553 post
1219 3475 1326 3535 Esdrae
1345 3472 1442 3532 mom,

405 3589 440 3632 ac
459 3581 527 3634 ante
548 3572 698 3636 Simonem
720 3591 873 3636 summum
896 3575 1099 3652 sacerdotem,
1129 3576 1185 3634 etsi
1214 3571 1350 3633 nonnulla
1369 3557 1443 3625 alladl

403 3671 460 3730 hoe
487 3673 563 3734 libro
588 3691 711 3734 erronea
739 3681 871 3734 censeat.
893 3673 1024 3734 Maxime
1046 3689 1118 3733 uero
1145 3667 1385 3732 animadvertendi
1401 3661 1442 3720 §⁰1¹¹

404 3767 537 3830 Clemens
565 3773 776 3834 alexandrinus
798 3773 944 3833 Pantacni
961 3772 1121 3849 discipulus
1138 3815 1148 3848 ,
1168 3777 1198 3832 et
1221 3770 1371 3847 Origenes,
1388 3754 1443 3818 illm

404 3868 554 3943 aegyptii,
577 3872 628 3946 qul
651 3872 826 3946 saepissime
843 3870 923 3930 bunc
944 3869 1052 3930 librum
1078 3873 1207 3932 citarent
1230 3868 1320 3928 ueluti
1343 3857 1443 3922 divinitu

404 3966 602 4042 inspiratum3
621 3973 653 4026 at
660 3965 764 4028 nullibi
785 3971 849 4029 suis
861 3972 893 4027 in
911 3971 1028 4046 scriptis
1040 3967 1201 4028 Philonem
1212 3973 1245 4026 ut
1258 3965 1341 4042 hujus
1353 3957 1443 4018 libriat

404 4067 515 4121 ctorem
548 4065 765 4126 erisdmarunt.
808 4068 997 4143 Quapropter
1027 4067 1084 4127 hoc
1113 4069 1254 4144 scripturn
1280 4067 1342 4140 jura
1365 4044 1444 4115 Priori

402 4161 632 4238 abjudicandum
659 4171 714 4223 cst.
737 4164 790 4224 Sin
819 4181 890 4225 varo
909 4166 1055 4242 quaedam
1071 4167 1239 4225 communia
1262 4158 1379 4221 Philonis
1392 4145 1444 4208 llbr'a

400 4274 469 4318 cnm
486 4258 652 4336 Sapientiae
676 4261 794 4340 scriptu
800 4278 834 4322 ru
849 4265 1051 4342 reperiantur,
1077 4262 1232 4324 dicendum
1245 4263 1316 4336 erit,
1333 4251 1443 4316 Philonem

400 4364 434 4416 ut
456 4357 613 4420 hebraeum
626 4367 655 4420 et
668 4361 802 4421 doctrina
823 4362 960 4424 hebraica
975 4363 1121 4424 imbutum
1140 4363 1244 4438 legisse
1257 4365 1286 4418 ei
1301 4347 1439 4424 matrim
