2964 5174
520 375 679 428 ..ῃ-

73 501 122 564 qno
138 485 265 562 aeelplas
290 485 368 562 quod
392 485 532 561 scriptum
558 491 617 546 est:
630 515 643 532 ·
657 486 783 563 Magnus
800 493 862 563 est,
880 493 909 548 et
926 503 987 548 non
1004 482 1092 550 habet
1108 491 1153 549 lin

72 599 147 660 nem,
165 582 204 660 (1)
219 583 351 644 excelsus
366 589 397 643 et
414 586 582 644 immensus.
595 607 608 634 o
622 584 665 644 De
684 585 747 660 ipso
764 595 879 661 quoque
894 586 1062 663 paulopost
1076 588 1146 647 dlci-

72 689 125 742 tor:
144 705 159 732 σι
171 681 229 740 liic
246 680 325 741 Deus
339 687 455 758 noster,
472 697 534 741 non
554 681 753 742 aestimabitur
772 683 848 742 allus
864 683 902 743 ad
921 701 1006 744 eum:
1028 685 1084 744 llic
1098 687 1143 744 in·

71 780 142 837 venit
160 794 280 837 omnem
298 777 378 836 vlam
393 777 580 854 disciplinae,
598 784 628 837 et
643 777 724 838 dedit
737 795 801 838 eam
818 779 910 840 Jacob
926 796 1016 856 puero
1035 796 1100 856 suo,
1115 785 1145 840 et

71 876 149 936 bruel
158 875 267 936 dilecto
278 891 342 935 suo.
355 901 367 926 o
378 875 485 935 Contra
497 875 672 936 Petilianum
680 877 855 937 donatistam
864 877 1099 955 (stoingneum
1111 879 1145 939 il·

71 974 119 1033 lius
132 973 227 1033 verba
242 980 376 1033 enarrat:
396 973 467 1033 «Ait
482 974 658 1050 Petilianus3
674 977 725 1051 qui
737 977 767 1033 si
777 974 871 1051 legem
886 975 1036 1052 diligeres,
1050 980 1085 1036 ut
1098 979 1145 1052 ju·

69 1087 150 1130 rates
163 1071 351 1148 machabaei,
365 1088 418 1149 pro
430 1072 483 1132 Del
495 1072 608 1149 legibus
625 1075 770 1132 necareris
784 1089 793 1148 3
808 1088 933 1148 quorum
945 1089 1022 1133 unus
1036 1073 1146 1133 scilieet

69 1169 188 1228 fratrum
206 1175 334 1246 tyranno
355 1169 496 1246 sachego
511 1169 567 1228 hac
584 1169 652 1228 lldei
664 1185 737 1228 voce
753 1170 923 1245 respondet:
942 1170 979 1245 (3)
995 1201 1008 1213 -
1022 1170 1068 1230 Tu
1080 1172 1144 1247 qui·

67 1266 139 1343 dem,
149 1266 289 1326 scelerate
301 1273 330 1326 et
342 1269 440 1344 impie,
455 1267 492 1326 de
504 1269 647 1343 praesenti
660 1268 722 1326 vita
737 1283 791 1325 nos
804 1267 916 1344 perdis,
924 1268 975 1327 sed
983 1269 1047 1328 Rex
1061 1283 1146 1327 mun·

67 1359 262 1424 didebrn'ctos
281 1381 335 1424 nos
353 1380 406 1440 pro
425 1367 486 1424 suis
501 1364 613 1442 legibus
637 1365 669 1422 in
688 1370 821 1424 aeoeruae
838 1367 916 1425 vitae
934 1369 1146 1426 resurrectione

68 1461 227 1521 suscitabit
240 1487 253 1514 a
266 1460 403 1522 Sermom
417 1463 453 1522 de
461 1463 683 1522 Resurrectione
695 1460 733 1538 (4)
744 1477 760 1520 e
770 1461 845 1522 llbm
853 1462 962 1530 Tobiae
974 1463 1047 1522 baec
1057 1466 1147 1524 surnlt

68 1559 133 1618 dnm
151 1561 212 1619 alt:
232 1559 361 1637 «Angell
379 1566 521 1620 venerunt
537 1560 574 1620 ad
589 1559 759 1636 Abrabam,
776 1566 805 1620 ot
821 1561 1092 1637 manducaverunt,
1118 1567 1147 1620 et

68 1671 130 1716 cam
144 1655 240 1716 Tobia
255 1657 385 1734 Angelus
398 1657 472 1732 fuit,
489 1661 518 1716 et
530 1657 734 1733 manduoavli;
751 1657 822 1733 quid
835 1658 959 1718 dicimus
971 1661 1041 1734 quia
1055 1659 1147 1734 pban-

3 1757 4 1762 ’
67 1759 159 1813 imma
172 1759 236 1813 erat
249 1754 300 1814 illa
313 1754 515 1831 manducatio,
531 1759 561 1814 et
572 1771 634 1814 non
651 1761 714 1814 erat
729 1756 820 1814 verat
840 1755 943 1815 Nonne
958 1755 1147 1816 manifestum

67 1857 122 1927 est,
140 1852 222 1928 quod
238 1841 365 1912 'vitulum
387 1853 493 1912 oocldit
512 1851 685 1912 Abrabam?
705 1853 812 1912 Omnia
835 1857 891 1913 ista
913 1854 1147 1914 manifestissime

67 1947 156 2026 lacta,
181 1955 211 2009 et
229 1949 464 2010 manifestissime
484 1966 621 2027 expressa
643 1956 722 2010 suni.
747 1951 824 2024 Quid
841 1967 911 2028 ergo
930 1951 1002 2011 dicit
1020 1954 1052 2010 in
1071 1951 1147 2012 libro

66 2047 173 2108 Tobiae
188 2047 340 2126 Angelus?
354 2049 475 2108 Vidistis
492 2065 539 2108 me
555 2047 748 2123 manducare,
767 2047 819 2108 sed
831 2051 897 2107 visu
913 2055 1011 2108 vestm
1028 2049 1147 2108 videba-

67 2147 118 2219 tis,
132 2151 216 2204 ete.»
233 2145 371 2205 Sermone
386 2147 422 2206 de
435 2145 569 2206 Susanna
584 2143 621 2222 (5)
638 2151 667 2204 et
679 2145 787 2221 loseph
807 2147 849 2204 sic
862 2147 979 2220 incipit:
1000 2146 1147 2208 «Divinae

67 2242 201 2302 lectiones
214 2249 244 2302 et
254 2250 356 2304 sancta
369 2245 488 2304 oraerrla
499 2244 565 2318 Dei,
574 2259 649 2320 quae
660 2245 852 2302 insonuerunt
864 2243 983 2302 aurbus
998 2247 1117 2304 nostris.
1130 2270 1143 2296 υ

69 2339 155 2400 Panlo
181 2346 249 2416 posi
265 2342 302 2400 de
318 2341 468 2401 Susanna:
487 2365 500 2392 a
517 2341 666 2402 Exmmut
682 2340 824 2400 Dominus
846 2339 985 2417 Spiritum
1008 2339 1147 2402 Senatum

68 2435 193 2499 Danielis
215 2437 315 2497 adbuc
335 2439 443 2498 novelli
461 2445 570 2514 aetate,
585 2439 636 2498 sed
651 2437 763 2498 mbusti
774 2439 891 2514 pietate.
911 2439 987 2511 Quia
1003 2455 1073 2516 ergo
1085 2445 1149 2500 erat

69 2539 96 2594 ln
111 2551 145 2596 ao
163 2535 349 2612 propheticus
366 2537 495 2612 spiritus,
504 2538 642 2597 continuo
654 2538 896 2612 nequissimorum
909 2539 1057 2595 seniorum
1073 2537 1148 2596 vidit

70 2636 224 2696 fallaciam.
239 2661 252 2687 ι
272 2637 360 2696 Libro
387 2653 484 2695 xvru.
505 2653 568 2713 cap.
591 2645 640 2696 26.
660 2636 698 2696 de
723 2637 847 2696 civitate
868 2637 935 2696 Dei:
955 2661 968 2688 a
989 2637 1045 2696 Per
1069 2637 1148 2696 idern

1 2755 3 2760 >
70 2739 199 2810 tempus,
217 2735 327 2811 lnquit,
341 2736 429 2794 etiam
443 2739 524 2810 gesta
537 2738 606 2794 sunt
614 2733 665 2792 illa
678 2736 786 2809 scripta
799 2735 830 2792 in
846 2733 920 2792 libro
933 2733 1047 2810 lauth,
1060 2749 1148 2810 quem

70 2846 133 2891 sane
146 2833 180 2890 in
200 2829 318 2890 Conone
336 2829 550 2908 seripturarum
566 2831 666 2908 judaei
682 2845 743 2890 non
757 2831 897 2905 recepisse
913 2830 1060 2890 dicuntur.
1076 2855 1089 2882 a

102 2929 148 2988 ltu
173 2929 222 2987 bis
243 2927 403 2988 Blbllomm
420 2928 611 2990 Deuterorum
630 2929 803 2987 testimoniis
829 2927 979 3003 bucusque
1006 2929 1147 3005 censitis,

70 3029 162 3102 quivis
174 3027 279 3085 divum
296 3027 443 3085 doctorem
456 3027 487 3084 iu
500 3026 546 3086 bis
561 3025 685 3102 digitum
697 3026 751 3086 Dei
763 3028 880 3086 novisse
894 3025 950 3085 sibi
963 3026 1075 3086 suadet.
1095 3024 1147 3086 At-

69 3129 162 3184 tamen
179 3125 238 3184 alia
255 3125 387 3184 addenda
407 3129 561 3202 putamus,
578 3130 699 3200 atquae
713 3126 744 3182 in
760 3123 877 3182 Conone
890 3123 1059 3182 divinarum
1072 3121 1148 3182 Sori-

69 3228 218 3298 purarum
236 3222 417 3284 observanda
440 3224 589 3300 praecipit,
609 3224 703 3300 magis
723 3221 873 3298 patefiant.
895 3220 983 3280 Libro
1007 3237 1089 3280 xv11.
1113 3219 1149 3279 de

70 3317 189 3380 dlvitate
201 3320 272 3395 Dei,
290 3320 327 3396 (6)
342 3320 394 3380 ubi
406 3320 443 3380 de
457 3321 603 3380 vaticiniis
616 3321 722 3378 veteris
735 3317 913 3378 Testamenti
926 3317 1060 3392 locutus,
1074 3331 1150 3393 qaae

72 3418 98 3476 in
124 3417 223 3478 David
247 3423 277 3477 et
298 3417 460 3478 Salomonis
485 3433 609 3492 persona
632 3416 780 3476 Christum
801 3415 1017 3489 decernebant,
1047 3414 1151 3474 deinde

71 3515 195 3590 ejusdem
215 3514 379 3575 Salomonis
401 3513 557 3591 scripturis
581 3515 611 3574 ld
631 3513 805 3589 probaturus
825 3515 920 3572 venit:
951 3512 1151 3589 «Prophetes-

72 3629 100 3674 se
115 3616 204 3674 etiam
220 3613 301 3690 ipse,
321 3613 433 3689 lnquit,
450 3615 481 3670 ln
497 3615 559 3672 suis
573 3611 674 3688 libris,
696 3614 747 3688 qui
761 3618 820 3670 tres
839 3612 945 3686 recepti
964 3615 1033 3669 sunt
1050 3612 1083 3668 ln
1101 3625 1151 3668 au·

72 3715 231 3772 mutuum
242 3711 434 3788 cononicam,
444 3710 646 3787 Proverbium,
656 3710 842 3770 Ecclesiastes
858 3715 887 3770 et
894 3707 1047 3770 Canticum
1055 3707 1151 3768 Canti-

74 3825 179 3870 eoram.
200 3810 260 3870 Alii
280 3827 350 3870 vero
367 3810 446 3886 duo,
469 3825 594 3886 quorum
610 3825 688 3869 unus
712 3807 893 3886 Sapientiae,
911 3811 986 3868 alter
1008 3809 1149 3869 Ecclesia·

75 3909 159 3968 etlam
176 3908 300 3985 dlcitnr,
319 3923 392 3986 qnos
412 3923 472 3967 non
489 3923 551 3968 esse
574 3905 736 3967 Salomonis
756 3921 815 3966 non
835 3905 970 3967 dubitant
989 3907 1149 3981 doctores,

103 4215 135 4279 (l)
152 4217 247 4269 horeb
258 4233 280 4268 c.
293 4219 336 4269 lll.
349 4226 387 4270 25.
400 4221 425 4271 et
440 4227 479 4272 te.
497 4245 528 4258 -
548 4219 583 4284 (t)
605 4222 675 4270 Tora.
688 4216 730 4270 til.
741 4233 766 4283 p.
778 4225 832 4270 lis.
850 4243 881 4258 -
895 4217 930 4282 (t)
951 4225 974 4268 a.
985 4220 1047 4269 tiae.
1059 4217 1113 4265 Vll.
1125 4224 1150 4266 9.

78 4295 147 4358 -lo
161 4301 222 4350 tom
242 4301 272 4350 v.
284 4313 309 4365 p.
323 4305 391 4353 lora.
403 4299 478 4365 -lot
494 4303 564 4356 uam.
577 4304 608 4352 v.
631 4315 656 4365 p.
671 4307 738 4354 lara.
753 4299 831 4365 -lai
847 4302 918 4352 rom.
930 4299 984 4348 vu.
1015 4311 1042 4362 p.
1053 4299 1108 4348 tet.
