3086 5182
560 397 598 412 ..-
619 375 653 430 Μ
677 397 716 414 ι...

100 499 215 564 semper
234 488 316 562 pueri
336 485 420 563 etis,
438 499 527 546 mnes
547 492 644 547 auem
658 485 756 546 nullus
772 499 903 562 unquam
916 499 1086 564 mancorum
1100 488 1174 566 init,

101 599 137 646 ac
158 585 224 646 ideo
247 583 324 663 apud
344 601 398 645 vos
418 583 499 645 nulla
519 583 673 662 disciplina
691 591 775 644 vetus
795 585 920 644 inventri
931 591 1045 661 potest:
1063 585 1175 648 -alstc

99 695 218 760 qunque
238 685 322 760 msa,
344 699 412 742 cum
433 684 563 743 italicam
589 681 803 759 philosophiam
829 679 982 760 hauserit,
1006 683 1173 762 Aegyptius

99 779 207 840 abiisse
225 779 372 858 meditor,
393 795 448 840 nec
467 780 548 840 brevi
561 786 690 856 tempore
707 781 896 840 conversatus
915 779 956 840 ibi
972 779 1073 842 icisse.
1088 781 1174 844 llnde

99 883 186 955 grato
207 881 323 954 animo,
344 881 463 955 mama,
485 891 560 956 puae
578 879 690 953 optima
709 881 796 954 sunt,
817 876 980 938 eberharii
994 895 1025 939 se
1038 891 1174 940 consecu-

99 977 164 1035 tum
184 975 347 1052 profitetur.
369 977 447 1036 llicit
466 977 544 1034 enhn
565 977 599 1035 ln
614 974 803 1052 Epimenide,
827 989 946 1037 causam
966 975 1056 1037 minse
1068 977 1173 1038 berha-

99 1089 167 1136 rnm
187 1074 270 1134 illum
288 1113 297 1151 ,
318 1076 370 1152 qui
389 1076 502 1151 primns
526 1073 598 1133 haec
625 1075 747 1133 invenit.
770 1072 893 1134 Vetusta
916 1089 1043 1151 namrpra
1068 1073 1171 1153 regio,

98 1173 212 1249 lnqttlt,
233 1187 283 1233 cos
303 1172 403 1250 aluit,
430 1173 482 1250 qul
507 1173 594 1248 primi
619 1169 692 1230 haec
717 1173 900 1231 invenerunt.
922 1171 1171 1249 Longamautem

100 1275 226 1331 acmtan
246 1272 330 1332 mulii
349 1273 497 1332 consecuti
517 1275 586 1330 sunt
604 1275 722 1346 propter
746 1271 849 1330 aoedvl
871 1272 1010 1347 temporis
1036 1274 1173 1335 menta-

98 1374 182 1445 tem,
204 1383 293 1446 quam
313 1369 465 1447 Aegyptus
485 1369 632 1444 masline,
653 1373 741 1444 atque
760 1366 846 1445 Syria
864 1369 1001 1444 possidet.
1023 1371 1119 1444 Quare
1135 1369 1173 1430 eh

98 1469 183 1528 initio
208 1483 300 1544 nsque
325 1467 363 1528 ad
392 1467 464 1526 hacc
493 1471 647 1543 tempora,
672 1465 931 1527 innumerabilibus
956 1470 1040 1528 armis
1063 1471 1173 1530 exarm-

98 1571 170 1626 nata
191 1566 275 1626 nohis
294 1565 403 1624 hadita
423 1571 502 1625 sunt.
523 1563 633 1624 Deinde
653 1563 788 1641 subjicit:
806 1564 928 1624 -Fatcri
947 1571 1045 1626 autem
1060 1573 1173 1642 oportet

12 1663 13 1700 l
97 1663 241 1740 qutdquld
261 1679 279 1724 a
299 1663 432 1724 barbaris
457 1664 553 1740 maeel
577 1667 771 1739 acceperunt,
797 1661 836 1720 ad
859 1663 1007 1723 meliorem
1033 1662 1122 1724 linem
1142 1665 1173 1725 ld

97 1761 312 1838 perduxisse-t
332 1762 417 1824 Haec
436 1761 562 1820 Plato.»
593 1759 692 1820 Altero
720 1759 837 1820 demum
861 1759 936 1820 libro
956 1779 1002 1821 xr.
1029 1763 1106 1822 idem
1126 1761 1171 1822 hi·

97 1859 226 1920 storicus
248 1865 327 1920 totus
347 1860 379 1918 in
399 1875 433 1918 en
450 1863 506 1935 est,
527 1864 562 1918 ut
577 1862 688 1918 statmt
702 1872 763 1917 non
783 1857 923 1918 hebraeos
941 1875 959 1918 a
976 1861 1099 1936 gmecls,
1120 1859 1173 1922 sed

97 1973 219 2034 graecos
237 1957 275 2017 ah
293 1956 425 2017 hebraeis
444 1957 590 2032 accepisse
605 1955 769 2015 doctrinam
789 1954 825 2016 de
844 1955 925 2033 Dec,
946 1959 1066 2034 eiusque
1078 1973 1173 2018 essen·

96 2056 166 2132 tia,
187 2053 224 2116 de
244 2057 359 2114 emmae
378 2055 615 2131 immortalitate,
636 2050 841 2114 detractione
862 2053 991 2131 mundi,
1013 2053 1054 2114 dc
1076 2071 1171 2116 mur·

97 2155 227 2214 rectione
245 2159 427 2214 mortuorum
443 2195 457 2229 ,.
482 2151 646 2229 deludium
665 2149 787 2228 mmm,
813 2151 850 2212 de
873 2154 978 2228 pictate
1001 2153 1032 2212 in
1056 2151 1170 2229 Mum,

97 2267 136 2312 ac
156 2251 193 2310 de
211 2253 335 2329 octub,
355 2267 430 2328 quae
450 2251 488 2312 ad
507 2250 683 2329 theologiam
702 2257 732 2310 et
744 2253 841 2312 vitam·
857 2249 999 2310 moralem
1014 2252 1169 2326 pertnent.

140 2351 184 2412 aa
199 2350 246 2411 his
263 2349 398 2411 omnibns
412 2349 592 2428 arguendum
605 2364 668 2410 esse
684 2347 799 2410 ridetur
812 2389 821 2423 ,
834 2346 996 2424 Sapientiae
1011 2353 1171 2424 auctorem,

96 2463 160 2508 non
188 2463 225 2508 ex
248 2447 370 2508 Platone
403 2463 455 2508 seu
483 2446 522 2508 ab
545 2446 693 2507 hellenicis
722 2446 900 2522 sapientibus
927 2447 1036 2516 eruisse
1064 2444 1172 2506 decri

12 2543 14 2598 t
96 2561 191 2623 nam,
211 2563 301 2624 quam
321 2549 430 2623 scripio
449 2545 620 2622 mandauit,
641 2545 693 2606 sed
713 2545 750 2606 eh
770 2545 901 2606 hebraeis
920 2544 1048 2620 eisdem,
1069 2561 1106 2604 ex
1124 2559 1172 2604 en-

96 2659 166 2704 rum
183 2641 340 2720 Scripturis
352 2650 411 2721 ,ci
423 2661 460 2704 ex
476 2643 635 2704 traditione
645 2659 767 2706 suorum
784 2651 916 2721 patrum,
937 2645 968 2704 ci
978 2643 1085 2704 Divino
1104 2643 1171 2719 spi·

96 2741 158 2801 ritu
177 2741 329 2819 munte,
344 2742 574 2819 comprobasse,
590 2758 664 2819 iprae
684 2743 798 2819 scripto
816 2743 989 2819 manmit,
1016 2755 1051 2804 ec
1070 2758 1173 2818 reapse

95 2839 207 2919 ubique
228 2841 497 2920 brunateripturaa
521 2843 669 2920 exmemm
693 2841 832 2916 vidimus,
854 2839 1099 2918 quemadmodum
1120 2855 1172 2904 an·

96 2945 146 3000 tea
167 2939 277 3000 dictum
296 2947 350 3001 cst.
372 2940 480 3000 Nonne
492 2957 566 3018 qnae
584 2939 683 3001 docuit
701 2939 821 3018 Sapiens
839 2939 878 2999 dc
890 2939 1045 3015 praedictis
1063 2944 1172 3016 myste-

95 3039 176 3114 rlls,
203 3037 391 3098 naddmtcr
411 3043 441 3099 et
462 3040 495 3097 tn
520 3037 727 3098 vctustloribns
748 3037 849 3098 Bibliis
868 3037 1087 3098 hebraeorum?
1115 3036 1173 3096 Ne-

12 3187 13 3200 ,
94 3150 244 3212 mquam
264 3151 380 3198 necem
405 3141 498 3211 crat,
527 3141 561 3195 nt
583 3133 700 3194 hebraei
722 3151 740 3193 a
763 3135 875 3211 gresch
900 3133 1103 3194 bnbucrentur
1117 3132 1173 3192 hu-

90 3233 228 3309 jusmodi
244 3233 313 3294 ilde.
335 3232 448 3311 Moysis
469 3239 498 3294 et
521 3232 731 3309 Prophetarum
747 3231 840 3307 libri,
866 3245 900 3290 ac
919 3237 1037 3308 patrum
1056 3229 1174 3290 hadde

12 3361 13 3392 r
95 3333 201 3406 oralia,
213 3331 383 3409 dogmatum
404 3329 563 3391 firmabant
586 3332 737 3390 vammum
759 3325 811 3404 (it.
833 3327 876 3388 Ea
897 3330 976 3387 enim
995 3329 1174 3387 monimenta

12 3459 13 3474 κ
94 3433 272 3490 inconcussa
286 3431 418 3490 vadmtb
430 3435 530 3504 erant,
546 3444 563 3487 e
578 3427 684 3506 qulbus
696 3426 799 3504 procul
811 3424 904 3488 dubio
918 3425 1084 3500 haumrint,
1099 3439 1184 3501 quae*

94 3525 183 3587 nobis
205 3529 314 3604 scripto
336 3525 514 3588 mandarunt
533 3525 569 3586 de
592 3525 674 3603 Dec,
693 3525 811 3602 suisque
832 3519 1000 3600 cerbatis,
1021 3522 1057 3582 de
1070 3523 1175 3597 spiritu

95 3625 236 3701 hominis,
256 3624 368 3687 devita
383 3631 510 3686 aeterna.
531 3624 570 3684 Ei
588 3623 659 3702 quid
680 3623 749 3682 honi
772 3620 1003 3700 praestolabatur
1023 3617 1174 3680 Abraham

96 3726 131 3783 ln
150 3723 209 3784 illis
229 3723 283 3784 lici
302 3722 422 3784 verbis:
447 3721 535 3801 «Ego
553 3739 602 3782 ero
623 3737 732 3782 marces
752 3729 804 3784 tna
821 3732 929 3797 magna
948 3719 1074 3778 nimis.»
1097 3717 1175 3790 Quid

125 3915 161 3980 (1)
178 3919 242 3968 cum
251 3931 316 3982 exp.
329 3917 355 3968 in
365 3918 554 3970 Deuteronomio
563 3919 681 3970 nllvlll.
697 3915 980 3978 atalibisoripturarum
988 3915 1054 3963 Dens
1064 3911 1175 3962 minens·

98 4001 185 4062 mag'os
202 4001 227 4050 et
244 3998 393 4050 divinatores
414 4035 423 4064 ,
446 3999 490 4062 qui
509 3999 591 4050 lutura
616 3996 756 4061 praevidere
776 3994 881 4056 conati,
910 3992 1023 4058 spiritum
1047 3989 1175 4040 debrneto

99 4093 157 4128 rum
175 4079 352 4141 consulebant,
380 4082 462 4142 aperta
484 4079 586 4129 infertur
603 4092 634 4128 cs
663 4077 702 4128 liis
722 4077 838 4127 hebraeos
860 4073 993 4124 credidisse
1012 4071 1107 4120 animae
1128 4069 1174 4118 im·

98 4159 275 4212 mortalitatem
293 4161 349 4224 post
369 4157 485 4221 obitum,
512 4171 618 4222 quornm
636 4155 696 4207 biles
715 4157 740 4206 in
755 4158 817 4206 hanc
836 4157 861 4205 ct
884 4155 910 4203 in
931 4156 1010 4204 celcra
1038 4147 1172 4198 universim

98 4241 201 4304 accepta
218 4244 243 4292 ct
262 4241 363 4305 probata
381 4239 447 4292 lraud
468 4253 530 4305 opus
548 4242 619 4302 erat,
636 4241 664 4290 ai
689 4253 704 4289 a
726 4239 808 4302 Moyse
827 4235 944 4300 moecliari
967 4233 1019 4295 lege
1042 4229 1177 4282 sanciretur

97 4321 162 4372 lotar
181 4321 245 4372 illos.
