3070 5180
799 405 839 414 -·
859 389 936 432 mv
955 405 996 416 ’-

361 483 521 566 concilii
545 486 760 591 theolog0,
794 503 834 563 ct
865 513 888 564 a
916 486 1154 566 Bellannino
1188 505 1452 595 acceptum,

360 637 399 700 et
415 619 644 728 probatum.
678 621 777 698 Prae
797 620 986 701 omnibus
1004 638 1135 701 autem
1154 624 1235 702 hoc
1266 620 1454 701 adstruit

356 756 580 864 piissimus,
614 770 653 834 et
674 755 1034 861 praestantissimus
1056 755 1276 836 cardinalis
1298 784 1323 836 e
1349 754 1455 834 San-

359 907 423 970 cta
447 892 604 987 Cruce,
637 890 710 996 qui
732 906 871 997 postea
899 891 974 969 sub
1000 890 1174 970 Marcelli
1200 892 1238 970 ll
1260 891 1454 970 nomine

358 1052 535 1112 summus
565 1021 751 1103 Pontifex
782 1022 859 1104 fuit
886 1026 1174 1122 renunciatus3
1206 1053 1312 1104 cum
1350 1024 1455 1104 huic
1530 1030 1532 1038 ’

357 1157 526 1266 aliisque
545 1156 788 1237 sessionibus
805 1156 1066 1265 praefuisset,
1083 1160 1180 1238 haec
1199 1157 1356 1238 scribit
1372 1159 1449 1264 (1):

360 1323 380 1364 α
401 1292 544 1400 ltaque
574 1319 648 1371 nec
678 1308 724 1368 tu
754 1293 767 1397 (
794 1289 843 1369 ad
875 1291 1084 1370 Calvinum
1116 1292 1341 1399 loquitur)
1373 1319 1451 1370 nec

358 1425 574 1532 quisquam
613 1424 714 1503 alius
749 1441 912 1531 propter
952 1427 1057 1504 hanc
1098 1422 1449 1532 adprobationem

338 1558 552 1664 'Vulgatae
570 1557 759 1637 editionis
777 1557 1009 1665 impeditur,
1024 1559 1243 1665 quominus
1260 1559 1343 1638 uhi
1356 1560 1450 1637 hae·

358 1692 558 1790 sitaverit,
580 1689 630 1770 ad
653 1691 784 1770 fontes
802 1710 981 1771 recurrat
999 1754 1008 1789 ,
1030 1708 1069 1770 et
1091 1693 1135 1769 in
1153 1692 1342 1773 medium
1356 1719 1449 1799 pro

358 1823 457 1904 ferat
475 1822 681 1932 quidquid
701 1824 849 1903 habere
870 1825 1075 1931 potuerit,
1105 1853 1190 1932 quo
1207 1827 1443 1934 juventur,
1532 1858 1534 1866 ¹

358 1975 398 2037 et
420 1959 720 2065 locupletentur
745 1957 883 2055 latini,
911 1975 952 2039 et
972 1958 1184 2071 Vulgatam
1211 1956 1446 2038 editionem

360 2091 410 2172 ab
433 2091 637 2172 erroribus
658 2109 876 2199 repurgant
892 2121 901 2190 ;
924 2110 963 2172 et
983 2121 1088 2201 quae
1104 2093 1239 2172 sensui
1257 2091 1445 2201 Spiritus

351 2223 492 2304 Sancti
517 2241 611 2303 sunt
631 2226 755 2332 magis
782 2244 1075 2325 consentanea,
1104 2244 1391 2335 assequantur.
1419 2259 1438 2299 »
1533 2233 1534 2242 ’

359 2358 468 2440 Idem
492 2359 643 2438 Calmet
667 2359 804 2438 innuit
828 2361 872 2438 in
897 2389 969 2440 sua
994 2359 1043 2440 de
1061 2361 1233 2470 Vulgata
1253 2361 1442 2440 disserta·

348 2493 496 2590 -tione3
525 2510 565 2570 et
583 2492 733 2571 Natalis
756 2492 1012 2592 Alexander,
1041 2495 1096 2573 ob
1115 2493 1289 2575 fontium
1318 2521 1440 2602 prae·

359 2625 543 2704 stantiam
571 2625 757 2724 minime,
783 2627 942 2734 inquit,
973 2627 1185 2735 Vulgatam
1211 2626 1438 2708 editionem

359 2786 480 2866 supra
510 2757 642 2838 fontes
669 2760 940 2840 authenticam
967 2760 1167 2842 declarare
1190 2779 1353 2870 poterat
1372 2759 1439 2838 tri·

359 2891 525 2972 dentina
543 2892 737 3000 synodus.

288 3100 294 3110 .
414 3027 522 3107 Haec
553 3027 712 3107 interim
739 3027 961 3127 satisfiant,
991 3047 1031 3108 et
1056 3028 1152 3108 dum
1176 3031 1251 3108 hae
1269 3047 1436 3109 senteu-

358 3161 437 3240 tiae
456 3159 507 3239 de
532 3161 768 3240 auctoritate
781 3160 1002 3270 Vulgatae,
1027 3161 1171 3269 synodi
1188 3161 1435 3242 tridentinae

359 3313 532 3383 mentem
554 3295 780 3403 explicant,
806 3295 924 3375 nobis
947 3325 1113 3403 quoque
1140 3297 1431 3392 necessitatem,

360 3443 400 3505 et
431 3455 579 3508 munus
602 3427 802 3537 adaugent
818 3429 996 3536 linguam
1021 3429 1247 3510 hebraicam
1266 3448 1306 3509 et
1326 3455 1433 3536 grae

359 3588 445 3642 cam
477 3560 695 3642 ediscendi.
727 3565 777 3640 Et
804 3566 882 3643 hoc
913 3562 1031 3642 docet
1053 3565 1204 3671 (juxta
1231 3562 1431 3671 propositi

358 3695 581 3800 argumenti
609 3693 819 3798 ordinem)
843 3692 949 3774 idem
961 3696 1194 3804 Alphonsus
1221 3695 1431 3776 Salmeron

359 3828 402 3905 in
427 3828 712 3936 prolegomeno
731 3857 841 3908 nono
854 3891 870 3927 ,.
894 3829 967 3910 ubi
986 3857 1159 3910 canones
1177 3830 1429 3937 aliquottra-

360 3960 515 4040 duntur
545 3959 596 4042 de
624 3963 866 4070 proprietate
898 3991 1056 4044 vocum.
1091 3965 1254 4046 Canone
1281 3964 1427 4073 quinto

396 4255 435 4332 (ι)
457 4256 618 4324 Akerman.
632 4257 812 4322 Introductio
827 4259 860 4318 in
871 4258 961 4322 libros
980 4261 1051 4320 novi
1069 4232 1247 4322 testamenta
1384 4291 1387 4296 ·
