3070 5180
539 407 580 420 ···
599 393 661 436 XXV
681 409 722 422 ·-

102 490 258 570 scribit:
296 492 411 570 «Pro
436 491 642 572 Canonico
666 509 705 572 et
728 491 958 572 authentico
987 492 1167 603 Scriptu-

102 651 158 704 rae
181 641 327 724 textu,
357 622 470 732 quod
492 625 633 704 attinet
650 623 701 704 ad
723 642 839 705 vetus
860 641 1163 726 testamentum,

101 758 272 866 quisque
300 759 519 840 catholicus
546 759 709 841 latinam
735 756 946 867 Vulgatam
975 760 1168 870 Hierony-

100 893 146 970 mi
166 891 390 973 editionem
411 921 434 974 a
466 893 638 973 concilio
659 892 880 974 tridentino
907 892 1168 1000 adprobatam

100 1025 148 1104 ita
170 1053 416 1134 agnoscere,
447 1045 487 1106 et
511 1027 690 1135 recipere
713 1026 858 1125 debet,
889 1044 935 1104 ut
961 1027 1062 1104 nulli
1080 1055 1167 1106 eam

99 1158 300 1266 rejiciant,
330 1160 392 1240 vel
417 1177 701 1258 contemnant,
728 1161 987 1268 praesertim,
1009 1159 1080 1240 ubi
1104 1187 1167 1238 ca-

100 1291 260 1400 stigata,
289 1309 329 1371 et
343 1291 713 1401 judicioEoclesiae
732 1292 782 1372 ab
807 1292 1034 1390 erroribus,
1057 1277 1168 1372 men-

101 1421 178 1525 dis,
200 1443 242 1506 et
267 1426 377 1506 vitiis
394 1425 515 1506 fuerit
533 1425 741 1507 emendata
762 1427 822 1506 uti
844 1425 1046 1534 praecepit
1071 1452 1167 1504 con-

101 1557 245 1638 cilium.
266 1559 503 1640 Versionem
520 1577 725 1668 praeterea
743 1587 921 1668 graecam
939 1557 1169 1667 Septuagin-

103 1709 137 1770 ta
154 1691 238 1772 duo
261 1694 528 1801 interpretum
548 1722 571 1774 a
593 1695 774 1792 Christo,
805 1712 844 1775 et
867 1694 918 1773 ab
942 1693 1164 1801 Apostolis,
1241 1784 1247 1792 ¹

105 1842 137 1904 et
166 1827 312 1934 primis
336 1828 523 1908 omnibus
553 1829 734 1936 patribus
769 1827 1065 1925 confirmatam,
1097 1827 1168 1908 tri·

104 1955 255 2067 busque
275 1977 369 2040 ante
391 1961 538 2040 Christi
559 1962 726 2042 Crucem
745 1960 910 2040 saeculis
922 1987 995 2070 per
1007 1959 1168 2067 Septua-

105 2091 204 2196 ginta
220 2089 330 2174 duos
351 2094 458 2172 viros
475 2093 762 2174 eruditissimos
783 2093 952 2192 factam,
982 2113 1021 2174 et
1040 2123 1062 2173 a
1079 2111 1166 2174 tota

107 2225 272 2306 Ecclesia
302 2243 526 2335 receptam,
558 2255 642 2306 non
671 2254 784 2307 secus
809 2255 854 2306 ac
879 2227 1071 2334 primitivi
1098 2253 1168 2333 pa-

107 2373 201 2460 tres,
231 2362 309 2470 qui
337 2360 431 2442 alias
461 2359 685 2469 Scripturas
715 2389 799 2442 non
830 2378 1058 2457 noverunt,
1098 2358 1168 2439 ad-

109 2493 253 2575 mittere
282 2491 488 2576 debemus.
523 2494 696 2576 Textum
729 2523 895 2605 quoque
924 2496 1165 2594 hebraeum,

111 2643 303 2730 quatenus
337 2627 540 2736 prioribus
573 2627 734 2709 duobus
771 2657 855 2708 non
896 2625 1166 2726 contradicit,

111 2761 308 2842 consulere
344 2788 591 2870 possumus,
633 2780 673 2843 et
712 2760 915 2842 interdum
947 2760 1165 2861 debemus,

112 2893 440 2996 quemadmodum
475 2896 745 3003 Hieronymus
784 2895 865 2976 fere
899 2895 941 2974 in
982 2894 1170 2975 omnibus

112 3025 218 3106 sacris
241 3027 357 3108 libris
381 3046 595 3136 utramque
626 3029 774 3109 scilieet
803 3057 1009 3138 graecam,
1041 3045 1081 3108 et
1098 3029 1169 3108 he·

113 3153 286 3262 braeam,
315 3179 355 3242 et
384 3162 661 3273 amplectitur,
698 3180 738 3242 et
770 3163 967 3270 explicat,
999 3162 1169 3242 maxime

114 3315 196 3370 vero
219 3294 263 3374 in
278 3295 572 3376 commentariis
595 3295 677 3376 suis
695 3323 816 3403 super
830 3297 1075 3403 Prophetas,
1097 3294 1169 3374 ubi

115 3419 184 3502 ait:
205 3473 221 3486 -
235 3428 420 3508 Universi
449 3446 639 3510 tractatus
660 3430 737 3508 mei
764 3431 910 3510 horum
933 3428 1170 3508 testimoniis
1271 3513 1275 3522 ,

116 3558 201 3636 texti
228 3578 346 3642 sunt:
369 3607 387 3623 -
403 3563 676 3672 Augustinus,
705 3562 810 3642 libro
823 3562 970 3642 XVIII.
998 3561 1048 3642 de
1071 3562 1170 3642 Civi-

117 3699 182 3768 tate
190 3693 288 3792 Dei,
306 3694 410 3776 idem
426 3695 544 3776 docet
562 3727 571 3776 ε
589 3696 799 3804 -Utraque
817 3695 1053 3776 auctoritate
1075 3694 1172 3776 scili·

119 3837 171 3900 cet
190 3851 237 3906 ex
257 3828 465 3927 hebraeis,
490 3845 529 3910 et
547 3857 598 3910 ex
619 3828 879 3938 Septuaginta
899 3829 1038 3938 putavi
1055 3845 1171 3908 uten-

120 3947 223 4057 dum,
244 3963 437 4069 quoniam
452 3981 624 4072 utraque
642 3992 749 4062 una,
774 3981 896 4070 atque
914 3961 1050 4042 divina
1069 3978 1168 4042 est.»

119 4077 269 4172 Sanctus
287 4094 463 4204 Ignatius
485 4094 692 4177 Societatis
708 4095 802 4178 Jesu
827 4095 1059 4192 institutor,
1090 4093 1171 4174 suis

123 4211 157 4292 in
174 4229 520 4312 constitutionibus
539 4257 561 4310 a
577 4245 711 4312 saneta
728 4229 829 4312 Sede
843 4227 1058 4338 apostolica
1072 4253 1173 4306 com·
