3094 5184
598 377 761 465 -so-

23 581 25 602 3
134 521 222 600 paulo
251 529 318 598 post
346 538 395 583 eos
422 521 555 584 hortatui·
581 523 680 586 dicens
703 523 768 598 'Apu
787 518 854 586 ου’ν,
873 523 1005 596 ἀδελφή,
1027 523 1151 587 στήκετε,
1170 529 1215 580 κα(

136 622 255 694 κρατεῖτε
273 622 320 684 τοὶς
336 620 495 693 παραδόσεις
511 661 518 691 ,
532 622 564 686 ἅς
575 623 745 698 ἐδιδάχθητε,
763 625 816 680 alsa
833 625 965 698 διᾶλόγου
985 623 1038 680 εἴτε
1060 626 1087 680 δι’
1108 626 1220 681 (πιστο-

22 681 26 720 *
133 723 183 784 λῆς
203 721 273 794 opo
295 723 316 780 i.
339 739 365 782 e.
394 723 496 800 Itaque
520 723 646 800 iratres,
672 731 747 785 stata
768 731 797 786 et
818 733 912 786 tenete
934 726 1122 802 traditiones,
1146 741 1218 802 quas

20 865 22 872 ,
137 821 285 881 didicistis
314 823 376 879 sive
404 837 455 897 per
485 837 669 899 sermonem,
697 826 760 882 slve
785 839 837 900 per
861 825 1013 900 epistolam
1042 829 1214 882 nostram.»

19 975 21 1016 Ξ
135 919 203 988 Per,
216 935 380 978 sermonem
399 935 468 996 ergo
484 922 632 996 primum,
657 920 760 981 deinde
777 938 828 998 per
856 921 991 999 epistolas
1013 921 1111 981 docuit
1141 919 1219 980 thes·

20 1057 27 1097 ,
132 1019 330 1078 salonicenses
349 1018 516 1095 Apostolus.
537 1019 580 1080 De
600 1023 781 1082 institutione
802 1038 901 1081 sacrae
920 1021 1119 1081 Eucharistiae
1140 1020 1217 1079 idem

132 1117 245 1177 Paulus
267 1133 389 1177 monens
411 1119 569 1178 corinthios
592 1117 653 1195 (t),
681 1119 753 1179 dicit
770 1137 801 1179 se
815 1121 856 1180 eis
873 1119 1028 1179 tradidisse
1041 1135 1116 1196 quae
1129 1135 1148 1178 a
1160 1117 1218 1177 Do·

16 1204 27 1286 ,f
132 1217 215 1274 mino
245 1222 394 1292 acceperat
418 1231 477 1274 non
501 1233 552 1292 per
580 1220 712 1293 scripta,
742 1218 793 1277 sod
817 1235 868 1294 per
892 1232 1064 1277 sennonem.
1092 1217 1218 1276 ioannes

136 1311 295 1390 Apostolus
314 1314 352 1373 ad
369 1314 497 1374 Electam
513 1315 688 1392 Dominam,
710 1323 739 1376 et
757 1316 794 1375 ad
812 1322 896 1376 natos
911 1317 1007 1393 illins,
1021 1316 1097 1376 etad
1111 1315 1218 1392 Gajnm

132 1412 321 1472 carissimum
340 1411 478 1472 brevibus
498 1412 602 1474 litteris
624 1413 682 1490 (a),
703 1415 761 1474 illis
785 1415 931 1492 significat
952 1431 984 1473 sa
1006 1413 1084 1473 nolle
1105 1415 1147 1472 eis
1166 1427 1218 1488 per

17 1567 23 1608 ε
133 1509 276 1586 epistolas
298 1511 397 1587 loqui,
420 1510 471 1570 sed
492 1527 559 1571 cnm
582 1512 697 1572 futurus
718 1519 794 1573 asset
813 1513 890 1589 apud
908 1511 994 1588 illos,
1016 1527 1048 1571 os
1063 1511 1100 1574 ad
1113 1527 1146 1571 os
1161 1527 1217 1570 ser

135 1623 253 1666 monem
273 1607 453 1669 habiturum.
477 1609 576 1688 anue
598 1614 709 1670 ratione
731 1627 831 1670 omncs
851 1610 1025 1687 Apostolos,
1047 1615 1076 1668 et
1094 1609 1219 1685 discipu·

135 1703 182 1763 los
195 1704 312 1764 Domini
325 1721 393 1765 usos
410 1723 471 1766 esso
484 1709 603 1780 scimus,
618 1715 705 1784 prout
717 1715 889 1786 acceperant
899 1723 936 1766 ex
950 1723 1000 1767 ore
1011 1705 1212 1782 Redemptoris

20 1865 25 1874 ,
132 1804 278 1864 mittentis
297 1821 346 1864 cos
357 1807 388 1863 in
399 1806 559 1883 mundum,
580 1813 614 1867 ut
632 1807 831 1884 praedicarent
851 1805 1044 1883 Evangelium
1059 1807 1214 1865 universae

141 1909 303 1962 creatorae.
324 1903 425 1963 Patres
446 1905 597 1980 apostolici
612 1905 737 1981 idipsum
753 1907 851 1965 testati
867 1912 956 1982 sunt,
977 1904 1112 1981 equibus
1127 1903 1215 1980 Igna·

139 2001 202 2060 tius
223 1999 339 2079 Martyr
357 2005 408 2079 qui
427 2006 514 2080 juxto
521 2003 678 2065 Eusebium
700 2005 738 2082 (a)
760 2021 776 2064 e
797 2001 883 2082 Syria
901 2003 1027 2063 Romam
1047 2003 1214 2078 perductus,

137 2115 208 2160 cum
230 2116 281 2176 per
299 2099 400 2160 Asiam
416 2105 469 2163 etsi
487 2103 541 2163 sub
560 2111 696 2163 accurata
714 2103 873 2162 satellitum
887 2101 1018 2162 custodia
1032 2101 1216 2174 ductaretur,

132 2199 317 2276 singolorum
337 2206 436 2261 tamen
458 2203 628 2278 civitatum,
649 2218 723 2279 qnos
743 2205 892 2278 ingressus
910 2207 973 2277 est,
995 2198 1139 2258 Ecclesias
1155 2213 1216 2256 ser·

133 2297 271 2358 monibus
287 2305 317 2358 et
333 2299 580 2360 cohortationibus
593 2301 654 2360 suis
668 2298 878 2359 confirmabat:
903 2293 1105 2355 «Honnbatur
1119 2299 1216 2353 autem

16 2473 20 2489 .
133 2401 170 2455 nt
176 2399 315 2457 tenaciter
325 2397 509 2458 inhaererent
515 2399 769 2476 traditioni,quam
783 2397 821 2456 ob
830 2395 996 2455 flnnitatem
1010 2396 1124 2470 scriptis
1136 2409 1217 2453 man·

5 2493 12 2506 ’
132 2491 265 2552 dandam
288 2495 507 2555 existimabat.»
532 2496 668 2557 Irenaeus
689 2496 766 2555 idem
786 2495 875 2572 dicit,
896 2499 925 2553 et
940 2491 1078 2569 Origenes
1098 2490 1174 2550 libro
1187 2505 1212 2548 1.

10 2590 16 2604 “
135 2589 359 2670 DePrincipiis,
382 2593 530 2654 doctrinae
551 2597 720 2654 varietatem
737 2592 919 2670 improbans,
937 2605 1012 2668 quae
1030 2591 1106 2648 inter
1118 2587 1217 2648 fideles

14 2690 18 2700 '
137 2695 205 2747 orta
225 2695 309 2767 crat,
332 2694 393 2751 ait:
420 2692 510 2751 «Non
533 2691 628 2752 solum
649 2692 686 2751 de
707 2693 826 2768 parvis,
848 2697 878 2750 et
896 2688 1044 2764 minimis,
1066 2686 1117 2746 sed
1130 2687 1217 2745 etiam

8 2847 12 2859 ,
134 2785 167 2844 in
186 2789 322 2849 maximis
341 2789 428 2850 rebus
448 2797 579 2852 servetur
598 2792 792 2851 ecclesiastica
808 2788 984 2865 praedicatio
997 2803 1048 2863 per
1064 2785 1218 2845 successio-

134 2885 184 2942 nis
204 2885 336 2946 ordinem
358 2887 396 2947 ab
419 2885 565 2964 Apostolis
592 2889 718 2964 tradita,
740 2893 769 2948 et
789 2903 880 2964 usque
905 2886 943 2946 ad
964 2885 1151 2962 praesensio
1170 2897 1216 2941 cc·

133 2981 233 3043 clesiis
254 3001 445 3064 permanens;
466 2987 518 3046 ilia
536 2987 599 3048 sola
618 2986 762 3047 credenda
781 2993 825 3045 est
847 2985 975 3061 veritas,
997 2999 1073 3060 quae
1090 2985 1121 3041 in
1136 2981 1218 3041 nullo

138 3085 178 3144 ab
202 3085 415 3162 ecclesiastica,
437 3089 466 3143 ct
487 3083 645 3160 apostolica
667 3081 814 3142 discordat
826 3077 1027 3140 ‘traditiones
1052 3080 1087 3139 ln
1116 3078 1216 3137 Abieta

134 3183 333 3246 Tertullianus
356 3182 394 3260 (4)
416 3188 517 3242 contra
537 3181 716 3240 Marcionem
740 3181 848 3256 optime
872 3176 1037 3238 traditionis
1062 3190 1215 3251 argumen-

136 3289 203 3344 tum
221 3285 379 3358 pertractat
403 3279 575 3356 ostendens,
607 3277 706 3338 eadem
732 3279 835 3336 merito
859 3275 991 3350 destrui,
1021 3289 1056 3332 ao
1079 3272 1214 3346 dissipari

133 3379 286 3458 opiniones
307 3378 397 3438 falsas
416 3385 518 3437 contra
540 3379 691 3437 veritatem
711 3375 869 3450 iacientes,
891 3389 925 3433 ac
949 3373 1060 3448 parirer
1088 3369 1213 3429 stabiliri

138 3481 317 3558 genuinam,
345 3483 375 3536 et
394 3475 553 3554 legitimam
575 3475 764 3551 apostolicam
785 3474 1006 3532 institutionem.
1032 3469 1217 3528 Haereticam

134 3583 224 3654 urget
246 3575 442 3636 Tertullianus
464 3575 616 3660 vindicans
642 3573 703 3633 divi
722 3573 818 3632 Lucae
842 3568 1033 3646 Evangelium
1056 3568 1215 3645 genuinum

135 3681 241 3736 contra
253 3674 334 3734 aliud
347 3672 475 3750 ejusdem
489 3673 647 3734 Marcionis
660 3670 908 3730 commentitium:
932 3667 991 3726 «ln
1007 3679 1122 3726 summa
1139 3664 1147 3740 (
1155 3667 1216 3741 ipsa

139 3773 198 3850 ait)
221 3775 246 3832 si
265 3778 379 3832 constat
398 3771 428 3831 id
443 3773 553 3848 verius,
574 3769 653 3848 quod
668 3771 760 3846 prius,
776 3768 806 3828 id
819 3769 918 3845 prius,
935 3765 1014 3844 quod
1027 3773 1056 3825 et
1070 3764 1107 3824 ab
1121 3764 1215 3839 initio,

136 3871 171 3932 ld
193 3871 231 3930 ab
252 3873 359 3946 initio,
384 3869 463 3947 qnod
485 3869 522 3929 ab
546 3867 713 3945 Apostolis3
739 3869 904 3948 pariterque
926 3867 1027 3942 utique
1051 3861 1215 3936 constabit,

135 3971 169 4030 id
191 3985 254 4030 esse
271 3970 308 4029 ab
328 3968 475 4046 Apostolis
493 3966 653 4042 nuditum,
675 3965 753 4042 qnod
768 3963 844 4040 apud
858 3962 993 4023 ecclesias
1010 3961 1214 4038 Apostolorum

136 4067 228 4129 merit
244 4073 470 4128 samosanctum.
503 4063 660 4126 Videamus
679 4062 756 4139 qnod
778 4062 824 4121 lac
844 4077 862 4120 a
881 4060 972 4120 Paulo
992 4057 1127 4118 corinthii
1144 4056 1216 4116 hou-

168 4289 204 4354 (i)
217 4296 240 4340 t.
253 4289 290 4338 Ad
302 4287 415 4340 corinth.
429 4301 451 4337 c,
465 4289 541 4337 XL-
553 4287 587 4352 (t)
599 4294 621 4337 2.
636 4287 660 4336 ei
672 4293 693 4336 t.
707 4285 783 4348 Epist.
796 4285 866 4333 Jonn.
879 4307 909 4320 -
921 4281 955 4346 (a)
968 4279 1104 4331 linthart
1118 4277 1160 4327 lib.
1173 4279 1217 4329 lll.

139 4381 164 4420 c.
181 4376 219 4420 to.
232 4394 262 4407 ·-
282 4369 316 4432 (4)
328 4369 381 4418 Lib.
393 4370 434 4417 lv.
447 4381 467 4417 c.
482 4375 503 4417 5.
