3094 5184
827 395 868 409 ...a
888 373 925 426 50
945 398 986 410 ...

370 489 417 548 iae
441 501 524 564 esse,
547 485 626 562 apud
646 485 795 544 Andream
816 485 944 546 blasium
964 485 1041 560 sitr3
1062 488 1092 542 et
1109 497 1188 542 nuuc
1210 497 1270 541 non
1290 487 1382 542 extat.
1402 479 1443 542 lie

370 587 426 646 hoc
454 585 553 646 codice
575 587 637 662 agit
663 583 796 644 Mortuus
820 583 1221 644 transmutationem.
1249 598 1276 640 c.
1303 590 1334 640 6.
1364 581 1443 642 bisce

370 685 487 744 verbis:
522 682 659 742 «Habuit
680 682 791 742 Masius
810 683 888 759 apud
913 698 945 742 se
966 677 1117 740 rnir'andaa
1142 683 1297 740 vdustatis
1315 679 1443 738 oodioem

370 799 472 860 syrum
487 782 524 841 de
543 783 613 858 ipsis
633 779 766 858 origenis
785 780 905 857 Exaplis
919 778 1090 840 abEusebio
1107 780 1281 838 caesariensi
1298 781 1447 842 morasus

370 889 438 942 ante
458 882 538 941 mille
554 895 647 940 annos
664 896 735 958 syra
753 880 876 956 lingua,
897 894 965 938 cum
984 878 1117 954 diligenti
1136 880 1259 937 istarum
1282 877 1447 954 figurarum
1542 925 1543 940 t

372 981 447 1040 idest
463 979 635 1055 obelorum,
669 984 699 1037 et
724 979 928 1036 asteriscorum
949 975 1142 1052 adscriptione
1160 991 1348 1034 consenum.
1372 976 1450 1048 eros
1540 1039 1541 1043 ,

371 1084 467 1136 autem
485 1077 574 1136 libros
593 1082 706 1152 praeter
725 1074 864 1150 Josuam,
890 1073 1058 1151 complexus
1078 1073 1167 1132 fuerit
1187 1074 1236 1133 iile
1261 1073 1380 1147 codex,
1401 1072 1448 1131 do
1542 1115 1543 1140 ,

371 1182 417 1236 cet
437 1189 491 1234 nos
506 1173 618 1234 Masius
639 1175 670 1232 in
688 1172 810 1248 epistola
828 1173 924 1248 operis
942 1173 1164 1248 nuncupatoria,
1188 1170 1328 1232 lodicum
1339 1171 1448 1230 scilicet

370 1272 542 1348 historiam,
566 1277 596 1330 et
617 1271 751 1348 Regum,
782 1276 811 1329 at
838 1269 1106 1346 Paralipomenon,
1137 1269 1284 1345 Esdram,
1315 1268 1446 1343 Esther,

370 1370 491 1445 ludin,
512 1367 621 1428 Tobiae
640 1384 711 1428 vero
727 1373 757 1426 et
769 1367 986 1426 Deuteronomii
1003 1365 1270 1443 bonam‚partem.u
1295 1366 1328 1426 st
1346 1366 1402 1426 bos
1416 1367 1448 1424 ii-

370 1468 438 1527 bros
460 1482 528 1526 cum
553 1481 642 1542 supra
662 1467 780 1525 consilis
807 1465 909 1524 adem
938 1465 1063 1542 lingua,
1095 1472 1124 1526 et
1144 1467 1223 1524 notis
1242 1466 1376 1524 exaratis
1397 1464 1446 1524 ad·

367 1567 572 1641 junxerimus,
594 1563 647 1641 (uti
656 1563 828 1624 Lambertus
839 1563 910 1623 Boss
919 1567 986 1640 jure
1000 1579 1114 1640 unum,
1134 1563 1309 1622 eteumdem
1318 1563 1448 1622 codicem
1542 1605 1543 1650 ,

371 1678 435 1722 esse
450 1661 585 1738 ostendit)
607 1660 667 1722 fera
680 1664 826 1738 integrum
846 1660 1007 1720 Bibliorum
1028 1659 1175 1720 Cononem
1189 1659 1402 1735 eduxedmus,
1421 1666 1449 1720 ct
1542 1661 1543 1664 ’

370 1758 511 1820 Deuteras
528 1759 693 1836 Scripturas
714 1756 822 1817 ibidem
842 1759 967 1834 sparsim
987 1757 1157 1834 descriptas.
1180 1757 1293 1818 (darius
1310 1773 1385 1834 ergo
1407 1759 1449 1816 in·
1538 1802 1543 1826 .,

372 1856 464 1918 terim
483 1863 597 1918 tastum
615 1857 780 1934 exaplarem
807 1854 962 1934 origenis,
981 1862 1068 1933 atque
1098 1857 1249 1932 andquam
1266 1855 1448 1932 vulgatam,
1538 1839 1543 1875 ⁵

371 1972 446 2033 quae
467 1963 583 2018 tanturn
598 1957 656 2014 illis
676 1955 779 2016 diebus
799 1957 831 2014 in
848 1954 1253 2016 omniumildellum'itranus
1270 1970 1448 2030 perrenae,

371 2053 536 2132 Scripturas
561 2054 701 2114 Deuteras
729 2055 831 2114 ceoerb
862 2052 1120 2113 Proto-Canonicis
1137 2055 1301 2130 promiscue
1326 2054 1450 2112 insum

370 2154 540 2228 continete3
561 2152 726 2228 quinimmo
746 2166 885 2213 uumerus
902 2167 1021 2227 mrum,
1040 2152 1103 2210 slve
1117 2150 1222 2211 Canon.
1233 2157 1331 2210 certus
1363 2150 1452 2226 (sepo-

371 2249 435 2310 sitis
452 2250 518 2310 aliis
539 2249 674 2310 omnibus
695 2249 888 2326 apocryphis,
919 2265 993 2337 quas
1013 2264 1103 2326 supra
1122 2249 1185 2310 dixi
1198 2249 1236 2310 ab
1249 2247 1383 2308 Ecclesia
1400 2247 1452 2308 liei

371 2349 492 2424 rdeotas
509 2346 617 2423 inisse)
641 2346 726 2406 nobis
749 2345 787 2405 ab
811 2344 944 2424 Origanis
963 2352 1057 2406 aetate
1076 2346 1238 2407 credendus
1259 2347 1410 2423 objicitur.

420 2443 555 2507 Proiecto
574 2443 660 2502 nobis
679 2459 811 2502 summae
831 2443 1015 2504 admirationi
1034 2447 1090 2504 erit
1109 2443 1158 2504 bic
1178 2446 1224 2504 vir
1244 2445 1450 2521 dimissimus,

372 2548 402 2602 et
419 2543 571 2618 speciatim
589 2557 642 2617 pro
663 2547 763 2602 nostro
783 2549 975 2618 argumento,
995 2543 1141 2618 cumipse
1157 2544 1380 2620 andquissimos
1406 2560 1452 2602 ao·

372 2638 450 2700 dices
471 2638 630 2700 Bibliorum
652 2639 772 2718 legerit,
805 2655 906 2709 omnes
936 2639 1015 2700 orbis
1049 2639 1202 2700 christiani
1229 2640 1369 2702 ccclesias
1395 2642 1452 2700 llo·

373 2753 453 2798 mam
474 2753 568 2814 usque
587 2740 721 2799 inviserit
732 2744 761 2798 et
780 2738 942 2798 doctrinam
957 2739 1074 2800 iliarum
1093 2739 1131 2798 de
1149 2739 1206 2798 bac
1218 2739 1385 2798 Bibliorum
1404 2738 1453 2798 Ca

374 2843 450 2895 none
478 2837 731 2913 investigaverit,
766 2837 888 2914 ideoque
915 2838 970 2896 rite
997 2839 1030 2895 in
1058 2837 1180 2914 epistola
1211 2837 1250 2897 ad
1277 2837 1452 2896 Africanum

372 2929 499 3008 alibique
525 2935 673 3008 scripserit
700 2950 802 2995 omnes
831 2933 994 3011 Scriptruas
1019 2933 1322 2995 sermocinantes
1347 2938 1453 2996 veteris

371 3029 506 3100 Foederis
526 3033 564 3092 ab
578 3031 707 3092 Ecclesia
727 3037 835 3111 recipi,
852 3034 969 3094 divinas
990 3036 1154 3110 aestimari,
1179 3036 1315 3110 qumvis
1329 3051 1350 3094 a
1369 3051 1455 3112 syna·

371 3144 463 3206 gogaa
481 3133 628 3208 magistris
645 3133 825 3208 reprobatas.
851 3133 1049 3210 Hieronymus
1067 3131 1124 3193 luit
1144 3133 1277 3208 primus,
1298 3137 1330 3190 et
1355 3132 1453 3208 solus,

371 3229 589 3304 quiBibliorum
597 3247 752 3308 aggressus
764 3231 1280 3307 interpretationemexhebraeorum
1291 3230 1451 3306 codicibus,

371 3332 535 3418 segregarit
557 3329 647 3389 libros
671 3330 934 3392 ProtoGanonicos
957 3330 1061 3390 litteris
1082 3329 1277 3390 hebraeorum
1296 3337 1453 3405 muratos,

370 3431 399 3484 et
420 3426 534 3487 abillis
555 3435 590 3488 ut
608 3429 724 3488 divinos
745 3437 898 3505 acceptos,
921 3430 959 3488 ab
973 3429 1039 3488 aliis
1060 3428 1194 3490 Deuteris
1215 3444 1392 3505 graecorum
1413 3429 1455 3488 iit·

369 3526 439 3583 teris
458 3525 630 3603 descriptis,
651 3543 725 3603 quos
742 3526 843 3602 judaei
865 3529 922 3602 ipsi
943 3525 1130 3602 respuebant.
1157 3525 1198 3584 Et
1218 3525 1276 3584 hoc
1296 3524 1454 3601 pmdenter

370 3625 447 3698 egit,
468 3630 502 3684 ut
514 3629 637 3701 pataret,
658 3627 744 3702 Juxta
761 3625 839 3684 iliius
854 3624 943 3699 diota,
962 3621 1033 3700 quid
1048 3622 1167 3682 baberet
1181 3621 1320 3682 hebraica
1333 3625 1454 3698 veritas,

375 3720 503 3797 quidque
525 3721 564 3782 ab
584 3725 626 3782 eis
643 3729 726 3782 extra
745 3723 892 3784 Cauonem
912 3728 1075 3798 tenerebrr,
1098 3727 1127 3782 et
1139 3723 1203 3798 pari
1218 3720 1309 3780 modo
1322 3720 1456 3780 christia·

370 3833 424 3876 nos
445 3826 561 3879 maeret
581 3836 620 3878 ne
639 3836 707 3880 cum
736 3820 893 3907 hebraeis,
923 3819 970 3878 his
992 3819 1149 3896 scripturis
1175 3819 1271 3878 innixi
1298 3817 1455 3878 contende·

369 3922 449 3994 rent3
470 3923 500 3978 et
513 3919 555 3977 ita
565 3921 712 3994 utrimque
725 3935 811 3978 omna
824 3917 1035 3978 offendiculum
1059 3915 1255 3976 auferebatur.
1277 3915 1374 3976 Paulo
1393 3920 1456 3992 post

373 4030 443 4073 vero
468 4015 596 4074 doctoris
620 4017 754 4093 obitum,
781 4019 813 4074 in
828 4016 957 4076 Ecclesia
979 4021 1176 4092 apparuerunt
1198 4030 1260 4074 una
1285 4031 1356 4074 cum
1380 4015 1456 4074 illius

372 4127 449 4172 nova
469 4129 506 4171 ax
527 4113 651 4172 hebraeo
672 4117 818 4190 versione,
839 4129 939 4173 omnes
959 4111 1124 4189 scripturae
1137 4111 1252 4170 Priores
1266 4117 1297 4170 et
1315 4111 1456 4170 Deuterae

373 4211 508 4282 mixtim,
531 4212 607 4268 sicut
628 4208 786 4284 dispositae
806 4213 968 4288 antiquitus
990 4209 1172 4286 legebantur.

423 4306 487 4380 Qua
508 4321 579 4366 vero
598 4308 715 4366 mndem
737 4309 886 4370 alacritate
906 4307 1069 4386 Origenes,
1096 4305 1266 4384 hujusmodl
1293 4305 1452 4384 deposuerit
