3094 5184
822 372 980 428 ..24-

368 483 477 543 mundo
498 482 624 542 invaluit
645 497 814 559 graecorum
837 483 957 562 lingna,
987 502 1046 545 non
1073 486 1167 546 solum
1188 487 1343 563 scriptore
1365 495 1436 551 sacri

369 597 471 658 graece
496 582 692 657 scripserunt,
719 585 931 642 verumetiam
956 585 1050 660 gratia
1070 583 1200 661 1111100,
1227 592 1260 645 01
1287 587 1330 646 011
1357 586 1438 648 divus

367 679 603 755 chrysostomos,
624 679 760 753 antiquae
779 678 970 740 hebraeorum
981 679 1146 757 Scripturae
1161 688 1195 742 ut
1208 689 1439 744 converterentur
1530 731 1531 750 ,

366 778 398 834 in
418 791 588 852 graecorum
608 775 739 853 linguam
760 777 907 853 providit,
929 778 1050 837 ethaeo
1071 785 1135 856 est,
1161 796 1238 857 quac
1255 781 1346 857 vulgo
1367 767 1439 857 apud
1530 757 1531 818 1

365 887 420 932 nos
433 872 539 931 dieitur
551 889 659 949 praeca
673 873 869 951 scpntopmto
878 874 1078 952 interpretum
1096 875 1263 954 tractabilia,
1279 884 1349 937 ante
1361 877 1439 937 Chri·

365 975 444 1028 stum
456 985 477 1029 a
491 969 605 1046 judaeis
618 967 655 1028 in
674 969 808 1049 Aegypto
829 971 972 1050 mndata,
991 972 1043 1032 ubi
1060 972 1224 1050 Scriptnrae
1243 973 1441 1051 quoquedee-

365 1067 602 1128 tero-Canonicae
626 1068 772 1146 leguntur.
812 1069 849 1129 lit
874 1070 948 1148 bic,
986 1071 1142 1131 admodum
1168 1071 1243 1130 mihi
1268 1072 1365 1147 placet
1390 1089 1439 1147 pro

370 1171 469 1224 nostro
501 1172 672 1244 argumento
688 1169 772 1227 istius
791 1169 933 1227 versionis
949 1169 1111 1246 originem,
1132 1174 1162 1227 et
1181 1159 1385 1228 auctoritatem
1397 1187 1442 1228 ex·

367 1264 512 1340 pendere,
540 1280 629 1340 quam
643 1281 659 1323 e
674 1281 826 1343 synagoga
845 1265 980 1326 hebraica
999 1268 1154 1342 acquisivit
1172 1272 1240 1326 ante
1256 1265 1389 1342 ejusdem
1401 1283 1442 1326 re·

366 1361 578 1436 probationem.
601 1360 648 1421 Ad
672 1361 729 1421 hoc
752 1374 867 1439 qnoque
890 1377 938 1421 me
962 1365 1082 1422 movent
1106 1363 1265 1422 adversarii
1292 1364 1439 1439 maxime,

368 1457 441 1517 dum
458 1455 514 1518 snb
524 1458 651 1517 iiomaei
668 1462 785 1518 nomine
802 1462 834 1518 in
851 1459 1066 1519 Introductione
1082 1460 1120 1520 ad
1136 1475 1235 1519 sacras
1257 1459 1441 1537 Scripturas,

367 1555 440 1614 haec
459 1559 551 1632 ajunt.
585 1555 697 1614 «Libri
716 1557 895 1634 apocryphi,
925 1564 960 1616 ut
980 1560 1044 1634 jam
1072 1557 1332 1616 animadvertimus
1353 1600 1363 1635 ,
1398 1562 1443 1633 jn·

365 1653 505 1712 dacorum
525 1653 797 1730 alexandrinorum,
819 1659 848 1714 et
866 1655 1003 1731 illorum,
1024 1657 1075 1731 qui
1093 1657 1136 1714 eis
1156 1671 1333 1732 successere,
1354 1671 1442 1731 opera

369 1757 480 1812 extant.
503 1749 563 1826 ipsi
583 1767 684 1811 omnes
704 1752 894 1812 admiratione
913 1753 995 1829 digni
1014 1753 1179 1829 habentur,
1199 1759 1229 1812 et
1248 1769 1286 1811 ex
1299 1753 1361 1814 illis
1377 1769 1444 1812 non

365 1847 442 1906 ‘nulli
455 1847 547 1907 valde
569 1848 777 1908 aestimandi.»
801 1849 877 1908 Huic
897 1851 1002 1909 rationi
1025 1851 1183 1910 adversarii
1204 1852 1312 1928 innixi,
1334 1855 1443 1926 praete

368 1951 453 2004 xtum
471 1961 519 2004 eos
540 1944 577 2004 ab
597 1961 650 2004 suo
670 1946 770 2007 divino
792 1945 951 2006 Bibliorum
969 1963 1118 2006 sacrorum
1139 1947 1255 2006 Conone
1275 1947 1443 2006 removendi

369 2050 564 2118 sumpserunt.
586 2043 666 2103 ilaec
685 2043 919 2122 adversariorum
938 2046 1102 2120 sententia,
1120 2045 1254 2120 quamvis
1270 2058 1376 2118 reapse
1387 2059 1443 2102 non

369 2140 411 2198 ita
429 2155 462 2200 se
481 2139 605 2216 habeat,
625 2156 679 2199 nos
699 2140 786 2199 modo
805 2147 890 2216 urget
909 2139 947 2200 ad
971 2141 1122 2200 hebraicae
1142 2143 1173 2199 in
1192 2139 1330 2219 Aegypto
1356 2155 1441 2220 syna-

367 2251 460 2314 gogae
479 2235 641 2296 doctrinam
650 2243 783 2297 accurate
799 2237 1047 2315 invesdgandnm,
1066 2244 1165 2299 utram
1179 2253 1232 2297 nec
1246 2254 1284 2297 nc
1300 2238 1441 2314 00000010

368 2346 477 2396 causae
501 2341 621 2411 extent,
650 2334 790 2393 hebraeos
810 2334 878 2394 illos
900 2333 937 2393 de
962 2333 1162 2412 legislatione,
1190 2333 1271 2394 00110
1291 2337 1447 2410 ceterisque

360 2434 485 2493 illorum
511 2433 740 2493 institutionibus
768 2432 948 2511 incusandi,
974 2432 1078 2510 quibos
1102 2433 1180 2493 liene
1206 2432 1287 2493 hune
1307 2433 1445 2510 populum

365 2537 399 2590 et
414 2537 483 2590 snos
497 2533 649 2607 scriptores
662 2532 759 2589 minus
774 2544 862 2608 quam
876 2530 1050 2609 palaestinos
1058 2531 1203 2608 dilexerit,
1213 2530 1259 2594 vel
1269 2532 1445 2608 protectione

371 2641 424 2688 sua
444 2619 613 2704 privaverit.
1316 2659 1320 2662 ·

409 2725 436 2799 S.
463 2725 502 2784 11.
530 2726 554 2784 ii
578 2734 723 2803 postremo
748 2729 1015 2808 Hierosolymorum
1034 2729 1158 2790 excidio
1185 2745 1236 2804 per
1263 2729 1445 2805 assyriorum

371 2827 496 2898 manum,
517 2813 654 2901 hebraei,
687 2828 788 2901 quiin
810 2814 903 2887 iudae
921 2834 950 2886 et
969 2829 1083 2887 israelis
1105 2827 1272 2886 civitatibus
1297 2839 1442 2884 remansa

370 2926 437 2978 rant
455 2921 494 2979 ob
513 2921 717 2982 chaldaeorum
737 2929 868 3001 metum,
890 2911 1050 2984 reluctante
1067 2923 1214 3000 Propheta
1225 2923 1393 3000 Hieremia,
1415 2925 1444 2981 in

360 3017 535 3096 deg'yptum
564 3019 768 3098 decesserunt,
803 3030 833 3082 et
860 3023 976 3082 ’0111110
1004 3039 1079 3084 aevo
1101 3024 1183 3083 illam
1203 3025 1356 3100 regionem
1376 3025 1447 3080 inco

362 3116 486 3175 ‘luerunt
501 3116 601 3193 judaei
621 3129 715 3193 usque
735 3118 773 3178 ad
794 3119 965 3178 hodiernam
986 3119 1074 3178 dierm
1091 3124 1094 3138 ¹
1109 3120 1250 3193 Quamvis
1269 3123 1339 3193 post
1359 3131 1447 3176 annos

369 3217 546 3290 captivitatis
568 3219 771 3293 septuaginta,
793 3233 830 3276 ex
849 3217 985 3276 omnibns
998 3215 1126 3276 Orientis
1141 3217 1302 3293 provinciis
1314 3213 1447 3274 hebraeo

371 3321 436 3370 rum
456 3313 553 3388 plnres
570 3313 600 3371 in
617 3315 751 3388 proprias
770 3313 883 3388 iudae,
904 3318 934 3372 et
949 3313 1066 3372 israelis
1085 3315 1217 3374 civitates
1234 3311 1384 3387 redirent,
1410 3311 1446 3370 io-

358 3416 457 3468 ·venta
473 3410 570 3488 Cyro,
591 3413 643 3486 qui
661 3417 732 3469 tunc
754 3410 819 3469 illas
841 3417 934 3470 terras
960 3411 1081 3485 imperio
1104 3409 1284 3485 occupabat:
1316 3413 1442 3468 attamen

355 3505 559 3568 hebraeorum
578 3508 707 3568 familiae
726 3508 884 3583 plurimae,
907 3509 1035 3583 antiquis
1055 3506 1175 3566 aedibus
1195 3505 1361 3582 neglectis,
1382 3505 1444 3564 illas

368 3618 480 3681 novas,
496 3605 547 3664 nbi
563 3609 627 3665 nati
644 3612 750 3682 mant,
771 3605 938 3664 incolendas
957 3604 1140 3681 selegerunt,
1159 3603 1268 3662 dionis
1281 3619 1355 3662 vera
1368 3603 1445 3662 insti·

361 3701 540 3777 machino,
559 3701 665 3778 quibus
677 3715 705 3761 ‘a
722 3702 854 3777 patribus
869 3701 977 3760 imbuti
989 3701 1118 3778 merant,
1137 3703 1277 3760 00011000
1291 3703 1443 3760 instantes

370 3797 492 3872 insuper
516 3805 585 3858 ante
602 3797 762 3858 Alexandri
777 3799 879 3875 Magni
892 3801 924 3857 in
940 3797 1007 3858 ilias
1022 3801 1155 3876 10310000
1170 3797 1405 3874 capedinem,
1419 3801 1445 3855 et

369 3896 496 3953 maxime
515 3897 546 3954 in
559 3896 743 3973 'Acgypnm
763 3895 815 3956 nbi
830 3895 1026 3972 triumphator
1036 3899 1202 3972 civitatem,
1221 3909 1314 3972 quam
1331 3909 1386 3954 sno
1397 3909 1443 3952 no

368 3994 448 4051 mine
466 3992 634 4069 decoravit,
655 3997 805 4070 canerit,
825 3992 981 4053 traduntur
1001 3993 1118 4052 hebraei
1142 3993 1184 4054 ibi
1208 3992 1379 4068 habitasse,
1404 3992 1443 4049 nti

353 4095 471 4149 “contra
483 4090 625 4167 Apionom
644 4091 918 4152 100101011Ιο01οε.
942 4090 1058 4152 Mortuo
1075 4089 1179 4150 dando
1195 4090 1383 4164 Alexandro,
1403 4101 1442 4146 re

358 4187 487 4263 guoque
507 4188 622 4263 diviso,
642 4193 676 4250 at
691 4189 744 4247 nbi·
759 4189 885 4266 Aegypti
903 4189 1055 4264 imperium
1077 4190 1173 4248 sortiti
1190 4194 1261 4247 snnt
1287 4185 1440 4246 Ptolemaei

369 4299 472 4362 reges,
502 4287 703 4363 aegyptiorum
724 4283 769 4344 obs
789 4299 923 4362 prospere
950 4301 985 4345 ac
1009 4289 1103 4362 magis
1122 4299 1187 4348 sere
1204 4289 1378 4362 gessemani,
1402 4284 1439 4340 ita
