3070 5180
674 441 683 462 .
784 431 825 440 -·
844 415 1012 464 xmus·-

364 514 426 590 nis
447 512 615 590 fratrum
633 512 834 590 minorum
858 512 1155 592 observantium
1178 541 1208 592 s.
1231 511 1269 590 F
1270 510 1454 590 rancisoi

363 647 407 724 in
426 646 603 754 capitulo
630 645 803 752 generali
816 655 819 660 '
832 675 998 726 romano
1017 677 1124 726 anno
1142 648 1298 728 Christi
1328 647 1453 744 1612,

363 778 539 858 toletano
566 777 688 877 1633,
713 797 754 860 et
782 782 916 877 1682,
944 782 1192 889 praecipitur
1220 783 1341 860 inter
1375 781 1457 858 alia

364 910 542 1027 studium
558 911 787 1018 linguarum
806 912 1029 1011 hebraicae,
1052 915 1246 1013 arabicae,
1273 932 1320 994 et
1345 942 1458 1020 grae-

364 1073 447 1124 cae.
477 1047 527 1122 ln
556 1046 912 1126 constitutionibus
936 1045 1090 1126 ordinis
1106 1047 1280 1128 lratrum
1309 1074 1457 1126 servo-

364 1206 455 1256 rum
476 1178 616 1258 Beatae
633 1179 780 1259 Mariae
807 1180 985 1288 Virginis
1014 1209 1120 1260 anno
1139 1182 1313 1260 Domini
1350 1182 1457 1260 1680

364 1339 388 1388 a
409 1312 583 1418 generali
597 1311 741 1419 Soggia
757 1313 1100 1421 praecipiebatur,
1130 1333 1176 1396 ut
1193 1314 1356 1422 singuli
1375 1331 1457 1392 stu-

365 1443 507 1524 dentes
528 1446 677 1553 aliique
698 1444 748 1524 ad
771 1447 850 1524 hoc
872 1445 1009 1526 idonei
1036 1449 1081 1524 in
1101 1449 1339 1556 praecipuis
1358 1475 1456 1526 con·

364 1579 551 1656 ventibus
580 1579 737 1686 linguas
769 1578 1048 1679 chaldaicam,
1091 1581 1369 1679 hebraicam,
1415 1599 1456 1660 et

366 1739 545 1817 graecam
564 1711 768 1792 addiscere
786 1733 987 1793 curarent.

418 1845 599 1925 Clemens
621 1847 691 1924 Xl.
714 1847 838 1927 altero
862 1848 1046 1946 saeculo,
1082 1847 1240 1956 linguae
1270 1875 1450 1958 graecae

365 1980 625 2086 peritissimus
645 1980 743 2080 fuit,
761 1983 929 2089 juvenes
947 2009 1114 2089 quoque
1134 2045 1144 2081 ‚
1170 2001 1339 2090 praeter
1353 1983 1447 2079 alia,

367 2112 495 2191 eidem
512 2142 652 2193 vacare
670 2117 819 2195 statuit.
841 2115 951 2194 Nihil
970 2133 1029 2194 est
1046 2116 1233 2222 insuper,
1263 2115 1390 2224 quod
1410 2133 1451 2194 et

368 2247 466 2325 alios
486 2275 744 2347 recenseam,
783 2249 856 2356 qui
887 2249 1010 2355 paulo
1043 2251 1243 2328 antehoc
1277 2267 1449 2356 tempus

366 2379 593 2487 linguarum
611 2382 851 2461 hebrearum
868 2399 908 2460 et
925 2409 1178 2488 graecarum,
1208 2401 1338 2491 atquc
1357 2381 1448 2460 alia-

367 2540 457 2590 rum
476 2515 618 2620 peritia
637 2515 681 2592 in
696 2515 871 2594 Ecclesia
888 2515 1035 2595 Christi
1052 2516 1310 2623 praestitere,
1344 2542 1448 2594 eam-

367 2644 540 2754 demque
567 2675 813 2754 promovere.
845 2649 990 2730 Nostra
1016 2649 1176 2728 tandem
1205 2666 1313 2728 aetas
1331 2648 1446 2728 viros

365 2777 531 2886 quidem
551 2782 721 2888 protulit
747 2778 930 2862 doctrina
948 2782 1209 2881 excellenteS,
1241 2781 1446 2890 dignitate

364 2929 626 3018 praestantes,
656 2915 803 3022 linguis
820 2915 938 2994 variis
964 2915 1249 3023 peritissimos;
1280 2933 1322 2994 et
1340 2913 1444 2993 dum

365 3045 525 3124 illorum
547 3047 857 3128 sollicitudinem
880 3051 924 3128 in
952 3049 1015 3128 his
1041 3050 1188 3156 linguis
1213 3045 1443 3129 ediscendis

320 3284 323 3288 ⁵
363 3178 576 3278 miramur,
599 3198 639 3261 et
656 3183 932 3280 celebramus,
962 3184 1081 3262 nobis
1107 3185 1150 3261 in
1176 3183 1441 3262 imitationem

364 3310 531 3412 cedant;
562 3334 602 3395 et
625 3316 815 3414 maxime,
846 3334 886 3395 et
904 3319 995 3426 jure
1019 3319 1125 3395 inter
1150 3319 1225 3396 hos
1247 3314 1440 3394 laudibus

364 3463 422 3525 est
441 3447 703 3528 celebrandus
733 3451 960 3529 Ganoomus
984 3449 1094 3528 XVI.
1124 3449 1309 3558 pontifex
1336 3476 1440 3528 sum-

363 3609 475 3680 mus,
513 3585 586 3689 qui
613 3583 663 3662 ad
690 3584 885 3663 Ecclesiae
918 3585 1152 3664 universalis
1189 3584 1439 3691 gubernacu-

363 3714 447 3792 lum
469 3713 604 3794 divina
633 3717 885 3824 providentia
911 3718 1087 3817 ductus,
1118 3719 1281 3798 summis
1306 3716 1438 3825 ponti·

364 3847 534 3946 ficibus,
565 3852 637 3957 qui
667 3879 760 3930 cum
793 3871 1121 3960 praecesserunt,
1151 3853 1312 3931 minime
1341 3849 1437 3929 infe·

364 3982 447 4060 rior
469 4001 600 4081 extat,
631 4000 718 4063 tum
743 3988 787 4064 in
809 3988 927 4066 sacris
946 3989 1008 4066 his
1037 3985 1180 4066 studiis
1206 4012 1280 4064 suo
1308 4010 1435 4064 exem·

363 4115 431 4221 plo
458 4118 763 4223 promovendis,
793 4137 879 4200 tum
907 4124 949 4200 in
978 4123 1051 4219 iis,
1084 4148 1188 4228 quae
1212 4117 1432 4198 necessaria

364 4268 458 4328 sunt
486 4251 535 4330 ad
573 4254 670 4332 haec
702 4254 945 4353 excolenda,
978 4272 1127 4334 ceteras
1154 4256 1259 4334 inter
1292 4279 1428 4344 curas,
