3070 5180
505 461 547 477 ⁴·-
567 449 623 491 xlx
643 465 683 475 -

69 579 139 630 sese
159 547 341 646 confert,
372 562 417 625 ut
437 545 559 652 magis
589 543 817 624 divinorum
841 546 1037 627 librorum
1064 577 1135 658 pa·

69 699 153 764 teret
165 709 322 762 sensus.
352 681 526 760 Consule
548 679 850 759 Deuteronomii
878 699 1000 789 caput
1017 681 1128 762 XXI.

68 817 207 896 Pariter
236 817 284 895 in
314 815 433 894 Isaiae
462 813 590 921 capite
621 814 809 921 septimo:
838 813 980 894 «Ecce
1004 815 1130 924 Virgo

67 951 278 1059 concipiet:
311 965 588 1056 »opportuno
620 948 765 1055 repetit
803 947 1037 1028 hebraicum
1063 978 1134 1030 vo-

69 1085 249 1165 cabulum
264 1089 367 1179 ,msa
383 1081 545 1162 Halmu
558 1078 659 1160 idest
671 1078 926 1178 abscondita,
941 1081 1054 1190 virgo
1076 1083 1133 1162 ni·

67 1221 132 1299 nia
146 1217 359 1326 diligentia
381 1211 592 1295 custodita.

113 1351 286 1430 Ineunte
326 1350 405 1429 hoc
443 1347 603 1428 saeculo
640 1347 880 1454 Euthymius
916 1343 1132 1456 zigabenua

72 1485 283 1564 nonachus
301 1482 427 1562 sancti
449 1479 606 1578 Basilii,
632 1496 789 1588 praeter
806 1479 882 1562 alia
897 1481 1066 1589 scripta,
1087 1481 1131 1560 in

71 1645 191 1698 omnes
223 1615 402 1697 Psalmos
426 1614 695 1722 expositiones
720 1616 939 1723 compegit,
967 1615 1011 1694 in
1039 1617 1132 1723 qui·

73 1749 134 1828 bus
152 1751 285 1831 elucet
305 1777 377 1830 sua
390 1751 432 1828 in
453 1750 603 1856 graecis
622 1747 759 1829 litteris
772 1751 934 1858 peritia,
951 1767 990 1828 et
1007 1751 1131 1830 maxi·

77 1911 167 1962 num
191 1885 237 1964 in
257 1881 523 1992 Septuaginta
544 1883 806 1992 interpretum
826 1883 933 1964 illius
953 1883 1131 1964 studium

77 2013 115 2095 ad
134 2017 367 2098 eorumdem
392 2015 638 2097 Psalmorum
667 2016 863 2097 vocabula
899 2017 1132 2126 expenden-

77 2146 134 2248 da,
161 2151 280 2231 sicuti
302 2151 473 2259 Aquilae
491 2168 530 2231 ct
547 2148 774 2258 Symmachi
802 2177 969 2258 quoque
990 2153 1132 2230 versio

80 2307 134 2360 nes
164 2309 214 2364 ex
243 2283 422 2365 hebraeo
459 2282 645 2391 adpellat.
677 2281 941 2391 Raymundus
979 2313 1001 2362 a
1032 2284 1132 2363 Pen-

81 2415 201 2497 nalorti
226 2420 353 2500 mirae
378 2417 608 2518 sanctitatis,
633 2417 903 2498 Ex-minister
924 2419 1133 2498 Generalis
1249 2505 1254 2526 Ι

81 2545 210 2630 ordinis
223 2550 550 2632 Praedicatorum
568 2552 675 2632 viros
690 2579 821 2632 sacrae
841 2551 1070 2662 Scripturae
1087 2581 1133 2632 ac

83 2676 216 2766 divinae
235 2684 425 2766 scientiae
449 2685 598 2794 peritos
624 2686 686 2764 sui
709 2685 883 2766 instituti
906 2685 1133 2794 linguarum

85 2815 263 2920 arabicae,
287 2819 507 2920 hebraeae,
537 2837 577 2901 et
599 2817 825 2900 chaldaicae
852 2817 986 2900 studio
1007 2820 1133 2928 appli-

86 2947 168 3038 cuit,
187 2979 366 3060 quorum
379 2980 503 3062 opera
523 2950 573 3032 ad
586 2950 812 3051 docendos,
831 2982 877 3032 ac
893 2953 1134 3034 convincen-

86 3073 141 3158 dos
158 3082 336 3166 infideles
357 3113 455 3166 usus
477 3102 548 3166 est.
575 3085 743 3166 Saeculo
761 3085 869 3166 Xlll.
888 3087 921 3166 is
943 3087 1072 3193 vixit(
1101 3089 1129 3190 ).

88 3209 325 3320 Raymundus
347 3219 508 3299 Martini
531 3239 669 3327 postea
697 3220 884 3300 excelluit
905 3221 949 3297 in
977 3221 1135 3300 hebrai·

89 3343 129 3423 tis
145 3347 277 3434 litteris
300 3352 536 3452 chaldaicis,
567 3371 606 3434 et
628 3353 795 3434 arabicis
819 3352 1060 3435 excolendis.
1092 3353 1137 3432 ll-

89 3471 146 3558 lius
167 3482 287 3587 liber,
319 3489 392 3595 qui
420 3487 496 3566 sub
521 3486 684 3568 nomine
705 3487 833 3597 pugio
849 3487 956 3596 fidei
984 3485 1035 3567 ad
1062 3516 1145 3568 nos

91 3613 195 3715 venit,
223 3621 321 3700 huic
345 3621 403 3700 rei
425 3619 545 3700 fidem
574 3620 752 3729 praebet.
784 3619 911 3699 Divus
935 3619 1138 3700 Bonaven·

92 3753 180 3847 tura,
206 3753 346 3834 eodem
372 3755 553 3853 saeculo,
575 3754 813 3834 Albanensis
841 3755 1068 3864 episcopus,
1099 3770 1138 3834 et

93 3876 308 3987 cardinalis,
351 3885 610 3997 Septuaginta
651 3889 914 3997 interpretum
958 3915 1137 3996 graecam

96 4015 362 4102 translationem
395 4049 511 4129 saepe
546 4023 688 4130 allegat
715 4023 796 4102 suis
823 4023 866 4100 in
899 4039 1141 4102 commenta-

122 4289 153 4369 (ἢ
167 4296 243 4366 loen.
260 4308 430 4386 Carpmvll,
447 4307 559 4369 lntrod.
581 4310 614 4368 tn
630 4307 807 4386 theologlam
821 4307 971 4386 judalcum
985 4323 1012 4369 e.
1029 4307 1095 4386 llll.

749 4440 801 4502 ba
816 4459 819 4466 ’
