3022 5178
807 303 987 354 -ted-

354 425 458 478 cantur
478 420 510 474 in
528 417 667 490 ecclesiis,
686 429 780 488 neque
798 412 963 488 Scripturae
980 427 1040 470 000
1055 411 1234 490 Canonicae3
1252 416 1301 474 sed
1314 419 1410 478 tantum

357 516 426 575 illae
439 514 602 573 Canonicae
618 513 784 570 testamenti
797 512 868 568 novi
881 516 909 568 et
921 512 1038 568 veteris.
1051 535 1063 560 υ
1081 510 1198 569 Praeter
1211 527 1256 586 ea,
1268 511 1335 571 nihil
1348 515 1414 576 aliud

353 613 469 690 legitur.
493 613 567 670 Item
584 609 676 668 codex
695 607 829 667 arabicus
848 607 1015 666 charactere
1032 610 1147 684 syriaco
1165 615 1318 686 00010100,
1336 615 1380 686 qui
1401 632 1414 672 e

353 707 604 785 Constantinopoli
616 709 648 766 in
660 706 868 766 bibliothecam
881 707 993 782 regiam
1006 705 1166 776 banalatus
1179 713 1223 764 est
1237 713 1266 765 et
1283 711 1414 786 00110000-

356 811 393 868 tis
412 809 450 866 ab
470 807 538 866 hinc
557 808 642 866 annis
656 805 762 874 dicitur
777 803 951 878 descripta,
966 803 1153 862 conciliorum
1167 821 1305 864 canonem
1325 809 1417 881 profert

355 909 555 981 antiquorum3
576 920 640 979 cap.
661 919 708 960 xr.
728 907 920 961 numerantur
940 900 1055 960 concilii
1076 901 1218 960 laodiceni
1240 917 1358 962 canones
1371 921 1415 964 00-
1475 887 1476 892 ¹

355 1020 435 1062 mero
457 1011 506 1060 59.
721 1058 725 1066 ,

394 1101 429 1158 10
447 1099 539 1158 altero
552 1099 650 1158 codiee
668 1100 804 1156 vaticano
818 1104 962 1155 000103
977 1097 1079 1172 lingua
1094 1097 1211 1158 arabica
1227 1104 1257 1156 et
1270 1098 1366 1156 litteris
1379 1115 1418 1176 sy·

355 1199 442 1258 010010
458 1197 619 1272 descriptus
632 1197 796 1254 continetur
809 1194 1010 1254 Nomocanon
1026 1193 1148 1254 Davidis
1156 1195 1359 1270 archiepiscopi
1369 1212 1418 1254 ma·

353 1299 466 1356 ronitae
486 1298 517 1354 in
537 1301 596 1353 tres
611 1300 709 1369 partes
727 1291 910 1350 distributus.
932 1293 1008 1350 Huic
1034 1293 1127 1350 codici
1153 1293 1299 1368 praecedit
1316 1293 1417 1366 epistola

354 1394 473 1469 losephi
492 1392 606 1452 abbatis
626 1397 655 1450 et
673 1390 836 1468 presbyteri
854 1391 944 1450 missa
963 1391 1001 1450 ad
1017 1390 1170 1450 laudatum
1191 1390 1418 1468 archiepiscopum

354 1508 432 1552 anno
452 1490 561 1550 Christi
582 1496 671 1563 1059,
683 1504 743 1564 qua
759 1505 826 1547 eum
845 1493 944 1564 rogat,
963 1495 996 1548 ut
1013 1489 1222 1548 ecclesiasticos
1238 1489 1294 1548 sibi
1312 1507 1418 1550 canones

354 1592 502 1667 esyriaeo
519 1589 551 1646 in
569 1587 719 1646 arabicum
741 1603 898 1646 conversos
917 1589 1107 1647 transmittat.
1124 1588 1159 1646 ln
1180 1587 1237 1646 hoc
1254 1589 1367 1663 codice,
1385 1589 1417 1647 io

354 1690 395 1748 lio
410 1695 464 1746 241
485 1701 611 1746 canones
625 1685 768 1744 laodiceni
782 1687 813 1743 in
831 1701 913 1744 num.
931 1693 968 1743 59
982 1687 1188 1744 enuncientur.
1213 1687 1250 1744 ln
1263 1687 1318 1746 boc
1328 1694 1419 1761 postre
1475 1695 1476 1706 ¹

357 1802 406 1844 mo
424 1801 495 1843 vero
508 1799 619 1842 canone
632 1783 770 1858 leguntur
788 1781 849 1842 fere
873 1783 975 1842 eadem
993 1783 1103 1858 verba,
1123 1800 1198 1859 quae
1213 1801 1302 1862 supra
1319 1791 1418 1846 recitata
1475 1769 1476 1782 ¹

352 1891 427 1946 suut
445 1885 477 1941 in
494 1897 606 1941 canone
618 1883 754 1958 syriaco,
773 1887 802 1939 et
821 1881 858 1940 de
871 1896 983 1940 canone
997 1889 1034 1939 00
1053 1883 1131 1940 circa
1152 1897 1325 1960 nurnerum,
1346 1901 1376 1944 ac
1392 1887 1418 1944 u·-

355 1981 451 2041 tulum
468 1981 636 2039 divinorum
654 1978 816 2054 librorum,
839 1995 876 2036 ne
894 1979 1016 2038 verbum
1033 1978 1152 2055 quidem
1169 1981 1317 2040 scribitur.

396 2079 518 2154 Insuper
542 2076 636 2136 codex
653 2076 836 2136 bombicinus
853 2093 935 2136 num.
960 2079 1064 2136 10010
1081 2077 1182 2136 00100
1196 2078 1370 2140 Bibliotheca
1381 2079 1416 2138 lit·

355 2179 426 2238 teris
440 2177 563 2253 syriacis
580 2181 734 2250 exaratus,
751 2190 885 2234 sermone
898 2181 997 2233 tamen
1011 2175 1128 2234 arabico
1148 2175 1303 2236 historiam
1319 2178 1420 2252 comple

356 2278 464 2349 01100,
483 2281 512 2332 et
525 2288 651 2332 canones
665 2272 855 2330 conciliorum
873 2273 1051 2348 generalium
1069 2280 1099 2332 et
1115 2275 1335 2350 particularium
1347 2291 1419 2350 usque
1475 2291 1476 2346 1

357 2372 395 2432 ad
416 2373 572 2431 concilium
586 2371 785 2430 florentinum.
805 2369 841 2427 In
859 2369 960 2428 eodem
977 2377 1168 2430 numerantur
1181 2389 1309 2432 canones
1325 2372 1418 2432 00001111

356 2470 499 2528 laodiceni
520 2472 552 2528 in
574 2483 695 2528 numero
717 2458 811 2527 lwlss
832 2478 966 2548 <³³³0
986 2463 1084 2517 ml
1104 2486 1210 2528 novem
1242 2477 1271 2529 et
1295 2472 1416 2547 0010000-
1475 2471 1476 2484 ’

357 2575 440 2648 ginta
459 2587 615 2630 canonum.

395 2671 482 2728 llisce
497 2672 610 2746 positis,
622 2669 837 2746 quodammodo
861 2671 946 2730 nobis
966 2671 1109 2746 coniicere
1128 2670 1197 2730 licet
1213 2678 1283 2730 ante
1299 2671 1418 2730 Ζο0000

356 2774 385 2826 et
399 2767 605 2828 Balsamonam
620 2771 651 2826 in
665 2767 779 2844 synodo
792 2768 943 2828 laodicena
958 2767 1016 2843 legi
1033 2773 1150 2828 tantum
1161 2785 1290 2828 canones
1301 2769 1419 2843 qumqua-

357 2867 440 2941 ginta
457 2881 580 2941 novem,
594 2882 689 2942 neque
702 2873 823 2943 apparet
840 2867 929 2944 birjus
947 2866 1063 2926 concilii
1083 2873 1180 2942 patres
1198 2881 1339 2924 0000000
1357 2877 1419 2922 sexa·
1475 2905 1476 2908 ,

360 2965 521 3040 gesimum‚
535 2980 630 3040 neque
647 2965 864 3041 seripturarum
880 2965 1046 3042 catalogum
1066 2963 1115 3024 hic
1137 2965 1385 3034 animadvertisse
1399 2965 1420 3018 et
1475 2992 1476 3052 3

357 3060 423 3122 ideo
443 3079 462 3120 a
481 3063 598 3124 saeculo
613 3063 758 3122 Ecclesiae
777 3069 883 3140 quarto
900 3062 939 3124 ud
953 3064 1097 3124 decimum
1122 3061 1303 3136 secundum,
1322 3060 1363 3120 vel
1381 3073 1419 3134 per
1475 3053 1476 3092 ss

356 3177 449 3222 anuos
466 3165 663 3239 septingentos
685 3166 814 3239 circiter,
832 3163 966 3224 fidelibus
987 3166 1041 3222 iste
1060 3179 1156 3222 canon
1177 3162 1258 3221 haud
1280 3161 1418 3220 innotuisse
1475 3149 1476 3176 ¹

360 3259 487 3318 videtur.

397 3357 425 3430 S.
448 3357 530 3417 Xlll.
547 3357 636 3416 Modo
653 3372 724 3416 vero
737 3357 959 3433 expendendum
977 3363 1107 3434 superest
1126 3357 1269 3434 quidquid
1287 3355 1368 3415 iidem
1379 3351 1418 3410 lo
1475 3425 1476 3436 ἵ

359 3472 446 3514 naras
460 3462 489 3515 ct
506 3457 662 3516 balsamon
675 3459 737 3516 suis
749 3459 784 3515 in
798 3456 1016 3516 collectionibus
1034 3457 1235 3530 conciliorum,
1251 3462 1280 3514 et
1293 3466 1416 3514 commen·
1475 3477 1476 3498 2

359 3556 442 3612 tariis
455 3553 599 3613 tradidere
612 3555 648 3612 de
663 3553 719 3612 hac
732 3554 858 3630 synodo,
873 3569 908 3614 ac
921 3555 957 3612 de
969 3557 1150 3630 sexagesimo
1165 3568 1289 3628 canone,
1302 3552 1349 3628 qui
1360 3545 1419 3625 apud

359 3653 437 3726 ipsos
457 3650 578 3728 legimr,
593 3659 631 3710 ut
645 3667 734 3726 supra
746 3653 841 3726 primo
856 3652 920 3711 loco
938 3667 1040 3728 graece
1058 3651 1208 3726 descripsi.

353 3757 355 3762 ·
399 3747 544 3824 Zonaras,
562 3751 614 3825 qui
634 3751 718 3809 initio
734 3749 843 3810 saeculi
862 3749 968 3808 decimi
981 3749 1102 3808 secundi
1118 3747 1282 3822 scribebat,
1303 3761 1321 3804 a
1337 3742 1419 3802 militie

358 3851 390 3904 et
409 3862 427 3904 a
445 3847 553 3906 saeculi
582 3851 696 3923 pompis
718 3847 831 3908 alienus
856 3847 952 3908 iactus
978 3851 1010 3906 in
1032 3846 1218 3906 solitudinem
1236 3846 1366 3916 secessit,
1382 3837 1419 3897 ubi

360 3943 484 4004 concilia
503 3951 613 4020 septem
635 3947 794 4022 generalia,
818 3945 972 4022 aparchica
987 3945 1080 4004 multa
1093 3951 1122 4004 et
1135 3943 1363 4020 carthaginensis
1377 3934 1420 3995 ccl·

361 4040 449 4116 legit,
470 4057 544 4117 quas
566 4057 667 4100 omnes
694 4042 823 4118 synodos
842 4042 1019 4119 quibusdam
1039 4044 1253 4101 commentariis
1273 4035 1416 4114 explicavit·

363 4137 444 4196 Inter
462 4138 671 4197 ecclesiasticos
686 4155 813 4198 canones
826 4139 936 4216 redegit
956 4142 1103 4215 primum,
1123 4145 1153 4198 et
1172 4139 1296 4214 quadam
1318 4129 1418 4194 0001011·

363 4241 422 4293 tate
440 4234 601 4310 praeditos,
621 4250 747 4293 canones
765 4235 831 4294 illos
848 4238 899 4312 qui
924 4237 1073 4314 apostolici
1095 4236 1247 4311 (licuntur,
1267 4241 1294 4292 et
1313 4231 1417 4290 000101
