3094 5176
865 373 905 384 --
928 347 983 398 114
1003 372 1044 384 ·—

417 464 463 518 roi
482 457 619 524 πλήθους,
643 461 689 512 sod
711 458 848 527 εὐκοσμιῖν
866 455 971 523 αὐτοῦς·
991 457 1036 512 eoi
1058 452 1223 510 πιστεύουσιν
1245 453 1278 508 iri
1300 452 1395 530 dripe‘pp
1407 461 1434 522 nir

417 552 502 628 ἀρχήν
517 552 597 608 oro'rdr
613 547 667 605 κατ’
677 549 811 614 ἐνιαυτόν,
828 549 874 603 καὶ
889 548 1010 622 uepribus
1024 546 1113 609 πάσης
1127 547 1173 608 ric
1187 547 1234 616 γῆς
1249 546 1335 611 αὐτῶν,
1350 550 1384 602 rei
1399 553 1436 605 ris

420 667 462 710 τες
481 643 605 699 ἀκούουσι
623 645 668 696 τοῦ
685 641 741 704 ἑνός
762 642 783 700 i.
802 657 828 700 e.
845 640 883 699 Et
899 646 1053 716 senatum,
1072 640 1135 698 sive
1154 639 1263 696 curiam
1278 637 1435 718 ieoemntslli,

419 750 449 804 ct
468 741 598 820 quotidie
623 738 814 800 consulebant
832 743 975 798 tercentos
991 743 1021 798 et
1037 737 1163 814 viginti,
1185 735 1327 795 consilium
1343 740 1434 797 ocrim

419 847 539 920 egentes
552 839 589 900 de
602 837 808 914 multitudine,
823 852 876 896 seu
890 838 987 914 potius
1000 835 1037 894 de
1047 835 1194 910 exercitu,
1209 840 1243 893 ut
1254 850 1299 894 eos
1311 845 1436 910 oonpount

420 939 467 999 vel
488 940 520 996 in
543 936 675 996 ordinem
699 935 856 1014 redigent,
881 939 911 992 et
929 935 1115 994 committunt
1135 934 1187 992 uni
1207 934 1272 1010 viro
1288 925 1437 1008 magistratu

419 1053 521 1096 eorum
536 1052 588 1112 per
600 1029 731 1114 singulos
745 1042 859 1109 annos,
879 1039 908 1092 et
920 1031 1085 1110 dominari,
1106 1031 1153 1092 vel
1166 1029 1321 1090 dominium
1332 1033 1438 1090 omrem

419 1143 513 1197 temne
528 1141 650 1210 comm,
671 1137 700 1192 et
719 1139 819 1191 omnes
837 1131 978 1191 obediunt
990 1125 1078 1190 unis
1101 1130 1210 1192 Vocem
1223 1141 1346 1208 graecam
1357 1129 1439 1209 stlte,

414 1221 531 1314 plttleoe
547 1232 585 1310 (1)
607 1241 682 1310 quae
701 1232 894 1290 communiter
908 1223 1041 1308 copiam,
1059 1220 1273 1290 attendentium
1286 1227 1384 1306 inlinit,
1398 1232 1441 1292 diri

420 1347 477 1392 nus
504 1329 605 1392 entim
627 1321 735 1407 pluries
761 1330 851 1389 sumit
873 1330 904 1387 in
928 1327 985 1388 hoc
1006 1319 1081 1388 libro
1102 1327 1140 1387 ed
1162 1319 1343 1386 indicendum
1358 1330 1444 1390 nllbn

421 1420 564 1506 copiam,
590 1431 653 1488 sive
675 1429 863 1502 exereitum,
890 1428 934 1486 uti
959 1429 1047 1486 etiem
1067 1425 1138 1486 olibi
1154 1425 1192 1486 eb
1214 1427 1395 1502 interpretibus
1408 1430 1443 1487 ule·

420 1517 573 1590 xendriuis
592 1533 709 1604 sumpte
730 1526 807 1601 fuit,
828 1531 858 1584 et
876 1524 933 1586 sub
946 1526 1002 1584 boc
1020 1521 1186 1602 significatu
1206 1522 1444 1600 Xenophonteq'lo

420 1640 477 1704 que
496 1623 612 1704 plttlros
636 1626 739 1684 inserit
761 1626 823 1684 suis
849 1624 988 1700 seriptis,
1016 1638 1104 1700 quem
1127 1622 1212 1681 letini
1238 1628 1360 1682 auctores
1377 1625 1445 1682 initui

419 1731 510 1801 sunt,
530 1740 596 1783 eom
615 1720 817 1782 transferendo
837 1723 868 1780 in
889 1719 1020 1780 militum
1032 1721 1157 1796 copiam.
1174 1719 1220 1778 Ex
1233 1718 1317 1796 hujus
1329 1725 1445 1780 eutenro

420 1825 462 1882 eis
482 1825 718 1898 interpretatione
736 1823 831 1898 megis
844 1820 977 1878 historici
994 1835 1077 1878 mens
1093 1820 1222 1894 aperitur
1241 1821 1383 1894 innuentis,
1394 1835 1446 1878 sere·

418 1927 480 1980 tum
495 1935 666 1995 romonum,
680 1919 808 1978 militum
821 1919 1026 1994 magistratum
1039 1920 1223 1976 committere
1236 1920 1304 1993 uni,
1317 1917 1358 1976 rel
1368 1915 1447 1976 euidm

419 2037 457 2080 ex
477 2019 659 2080 senatoribus
677 2018 716 2078 ud
728 2029 858 2093 unnum3
879 2019 963 2094 eique
980 2017 1074 2078 inesse
1088 2015 1255 2076 absolutam
1267 2023 1447 2095 potestatuum

419 2133 470 2196 per
483 2127 584 2177 omnes
596 2111 712 2176 milites.
729 2108 858 2176 Perbelle
872 2115 1120 2176 Macbnbeeorurn
1135 2115 1227 2174 verbe
1240 2115 1345 2192 firmet,
1357 2113 1446 2190 stupl-

420 2213 468 2276 cel
485 2207 624 2293 Polybius
644 2209 676 2273 in
687 2213 761 2274 libro
775 2231 820 2272 v1.
843 2209 1050 2289 Historiarum,
1064 2214 1101 2274 de
1120 2229 1244 2274 romano
1260 2215 1446 2286 disserensrepr

419 2311 516 2388 blico,
538 2315 623 2389 cujus
645 2314 844 2371 testimonium
862 2313 981 2388 majoris
994 2314 1134 2372 momenti
1148 2312 1294 2390 hebetur,
1315 2328 1374 2372 eun
1383 2312 1445 2386 etipse

419 2401 665 2470 Muohebeeorum
680 2415 773 2470 uetete
792 2409 951 2486 scriberet,
973 2416 1002 2469 et
1019 2416 1095 2470 esset
1107 2410 1242 2470 oculatus
1254 2426 1348 2470 rerum
1359 2424 1446 2468 ronne·

420 2526 486 2568 rum
498 2511 592 2570 testis.
608 2509 654 2568 lte
667 2511 745 2567 enirn
761 2508 882 2568 scribit:
909 2509 1057 2586 «Insuper
1074 2508 1143 2569 belli
1161 2508 1341 2584 adornandi,
1356 2505 1448 2584 gund,

419 2614 449 2667 et
469 2609 590 2684 omnic,
612 2623 686 2684 quae
706 2606 745 2666 ed
764 2601 977 2682 expeditionem
998 2609 1143 2684 pertinent
1169 2607 1384 2668 administrandi
1401 2611 1448 2680 pote

419 2711 524 2764 statem
544 2704 753 2781 propemodum
774 2697 939 2764 absolutam
959 2697 1094 2766 eonsules
1115 2705 1239 2767 bubent.
1264 2706 1338 2768 Nom
1360 2702 1448 2764 drun-

419 2795 540 2862 lleribbs
560 2806 705 2862 sociorum
721 2799 811 2879 copiis
827 2805 970 2880 imperare
984 2805 1063 2882 quod
1076 2807 1174 2865 visum
1191 2804 1305 2882 fuerit,
1324 2810 1351 2863 et
1362 2801 1449 2862 brino

419 2900 546 2961 militum
559 2899 757 2977 constituere,
778 2908 807 2960 et
820 2902 1002 2962 conscribere
1015 2907 1199 2980 exereitum,
1221 2909 1253 2964 et
1265 2903 1378 2962 dilectus
1389 2914 1449 2976 eget

419 2989 587 3060 consulibus
607 2995 684 3060 licet.
702 3027 714 3050 »
738 3000 848 3061 Deinde
865 2999 1007 3080 Polybius
1027 3003 1115 3080 paulo
1129 3006 1196 3080 post
1209 3010 1333 3078 namet,
1350 2995 1449 3078 quonodo

419 3089 543 3175 singulis
557 3100 642 3157 annis
663 3115 700 3156 en
720 3097 834 3158 dnobus
854 3100 1023 3161 oonsulibus
1035 3111 1111 3162 unus
1127 3102 1165 3178 (2)
1182 3097 1450 3168 renuneinetnrdu,

416 3193 578 3275 imperator
600 3195 808 3274 nuncupatus:
840 3193 997 3278 «Consul,
1018 3199 1173 3278 postquem
1193 3195 1348 3278 imperium
1364 3203 1448 3268 neelusr

418 3296 455 3357 de
475 3313 533 3376 quo
551 3291 703 3375 diximus,
724 3300 757 3358 in
778 3297 992 3376 expeditionem
1012 3301 1102 3360 luerit
1116 3301 1288 3378 proiectus,
1316 3295 1450 3360 videturlllt

417 3395 535 3472 quidem
556 3394 719 3468 ἅντοκράτωρ
733 3401 922 3474 autocrator,
944 3401 1007 3460 sive
1020 3392 1154 3460 absolute
1167 3407 1312 3476 potestate
1330 3415 1398 3473 esse,
1409 3408 1450 3453 ool·

417 3493 534 3554 ficlendl
559 3512 664 3574 nempe
690 3487 759 3556 belli
784 3495 977 3574 demandati,
1002 3505 1132 3558 ceterum
1151 3504 1182 3559 et
1207 3499 1311 3576 populi
1330 3505 1357 3558 et
1372 3498 1451 3555 senatu
1491 3535 1492 3538 κ

445 3723 614 3785 (ricemeris
629 3733 652 3776 r.
666 3728 798 3790 remp.
813 3727 859 3778 111.
875 3732 914 3780 rr.
930 3736 968 3781 re.
983 3728 1107 3791 rodone
1125 3741 1238 3791 gemm
1253 3723 1453 3787 mourmelier
1491 3691 1492 3753 i

417 3801 551 3852 oluriseinre
559 3803 661 3867 plttdos
672 3805 721 3856 sibi
734 3807 788 3856 vult
801 3809 965 3870 metum,
980 3807 1006 3858 ct
1016 3807 1075 3858 olibi
1086 3807 1174 3858 eodem
1186 3808 1213 3858 in
1226 3807 1292 3861 libro
1306 3808 1360 3858 ileo
1371 3803 1452 3856 irnrbe

416 3892 480 3942 quae
492 3893 541 3930 vox
555 3895 652 3932 omnem
671 3880 788 3950 praeripit
801 3879 980 3938 olffimltsrem.
992 3914 1023 3926 -
1033 3889 1068 3952 (2)
1089 3889 1243 3940 Vocabulum
1255 3895 1334 3950 unm,
1347 3900 1390 3950 quo
1405 3882 1452 3932 mu

417 3959 464 4009 boo
475 3959 501 4009 in
512 3961 567 4010 loco
578 3961 709 4014 historicus
722 3979 790 4016 secer
799 3980 848 4016 non
857 3962 968 4018 ebeolule
976 3961 1101 4031 sumitur,
1115 3959 1158 4018 sed
1169 3961 1336 4029 distributive,
1347 3968 1368 4016 ct
1379 3963 1398 4014 id
1409 3961 1452 4025 plrr

416 4039 438 4090 ei
452 4039 613 4091 hebraeorum
626 4045 855 4096 communissimnm
866 4049 921 4112 eet,
935 4049 972 4098 uti
983 4061 1022 4099 ex.
1035 4057 1071 4113 gr.
1084 4063 1098 4100 e
1111 4051 1199 4100 Gcbcei
1216 4071 1227 4092 ιι
1242 4041 1291 4100 sub
1303 4055 1349 4098 une
1361 4046 1453 4098 ameum

415 4122 591 4172 curnem
604 4125 892 4178 errorumuexbebneo
906 4133 984 4187 'll'lbl
1000 4121 1453 4195 lecebod,rpuodtereremetolr'peetl'll

415 4199 501 4264 dicet,
526 4203 604 4252 veluti
629 4203 721 4254 diceret
734 4207 938 4260 irrebsbeeorum
952 4211 1056 4261 endor:
1075 4231 1087 4254 ι
1105 4214 1136 4262 nt
1151 4211 1310 4262 committunt
1328 4205 1453 4270 meabile!

416 4295 489 4330 sunm
503 4283 556 4346 uni,
570 4297 613 4333 seu
626 4284 723 4335 cuidem
737 4300 751 4336 e
765 4287 906 4340 oonsulibus
916 4290 975 4340 sris.
993 4310 1004 4334 ι
