2964 5174
459 378 639 430 —tas-

50 485 166 547 &achei
181 503 224 546 vi.
245 503 281 545 ex
297 486 399 548 eodem
412 485 486 548 libro
503 486 541 562 (1)
556 488 641 548 dicit:
662 511 675 536 a
687 484 826 560 Babn'nepe'
837 508 884 542 σον
897 491 934 562 μή
949 489 1033 562 ζήτει,
1046 491 1092 546 κου’

49 584 177 659 ιἰχυροτεροί
195 606 241 640 σου
261 585 299 656 μή
317 583 437 658 ἐξέταζε·
452 582 470 640 οἳ
484 586 634 658 προσεπάγή
650 591 796 652 commum
811 591 921 648 διανοοῦ,
941 592 962 648 i.
979 607 1005 648 e,
1021 590 1092 650 Pro-

49 681 154 742 iundiora
166 690 193 744 te
213 701 249 744 ne
269 687 446 762 quaesieris,
468 692 497 745 et
515 685 638 746 fortiora
658 692 688 745 te
705 702 743 746 ne
763 689 919 763 scruteris,
940 703 1015 762 quae
1039 689 1093 748 tibi

47 781 259 860 nadausunt,
279 783 350 842 haec
372 786 478 860 cogite.
502 807 515 834 υ
543 784 692 843 Gatechesi
712 800 757 842 rx.
782 800 847 860 cap.
865 793 893 844 2.
912 785 1092 861 Sapientiam

47 878 177 940 Salomonis
190 881 224 940 de
240 881 300 942 Deo
312 884 444 942 omniurn
457 881 605 956 conditore
619 882 773 959 compellat
786 883 904 942 diceus:
925 907 938 934 α
954 883 1093 947 Divinam

45 981 117 1054 itaque
134 986 262 1038 namnam
280 983 424 1056 corporcis
441 979 534 1040 oculis
552 983 680 1055 conspici
697 997 758 1039 non
776 980 882 1056 datur:
897 998 934 1040 ex
956 982 1093 1058 operibus

45 1092 95 1134 ruo
108 1076 207 1136 divinis
226 1094 380 1154 posumus
408 1080 559 1154 potestatis
585 1082 648 1155 ejus
668 1079 874 1156 cogitationem
894 1082 1026 1156 assequi,
1051 1080 1091 1156 (2)

42 1176 97 1228 tae
113 1175 152 1230 τόν
166 1178 320 1248 Σολομῶντιι
339 1175 381 1230 ιον
401 1177 525 1250 λέγοντα,
537 1176 564 1232 εἰι
582 1177 634 1248 γάρ
652 1175 797 1250 μεγέθους,
812 1178 856 1230 καὶ
873 1180 1093 1241 ambertense-

41 1265 120 1336 μιίυν,
136 1266 264 1340 ἀναλόγως
279 1307 288 1334 ,
309 1270 323 1322 o‘
351 1269 532 1342 γενεοιουριγός
553 1265 688 1340 θεωρεῖται
707 1268 809 1333 αὐτῶν,
828 1271 849 1327 i.
867 1285 893 1326 e.
909 1269 1001 1328 Juxta
1013 1268 1094 1329 Selo-

43 1377 147 1440 nonem,
160 1367 209 1440 qut
222 1365 311 1426 dicit:
323 1397 335 1410 -
347 1367 392 1426 Ex
411 1367 612 1444 magnitudine
624 1369 718 1443 enim,
732 1374 762 1426 et
778 1367 994 1443 pulchritudine
1012 1383 1092 1428 crea·

42 1463 164 1539 marum,
186 1467 371 1541 proportione
391 1471 529 1542 servata,
552 1472 717 1542 procreator
745 1482 846 1524 earum
871 1466 1089 1540 conspicitur.»

42 1557 168 1620 bodam
187 1562 336 1622 catechesi
354 1579 419 1638 cap.
437 1570 485 1621 15.
498 1567 587 1639 juxta
603 1562 719 1622 Barucb
733 1561 820 1621 dicit:
841 1588 854 1612 ιι
866 1563 919 1622 Vis
935 1568 1032 1622 autem
1045 1578 1093 1620 co·

42 1671 151 1730 gnoscere
168 1659 262 1720 Deum
281 1677 345 1722 esse
362 1677 450 1736 eum,
464 1663 515 1737 qui
533 1677 571 1720 ex
585 1661 673 1720 Patre
690 1666 778 1720 natus
797 1668 859 1736 est,
874 1668 1030 1737 posteaque
1043 1661 1095 1721 bo·

40 1755 291 1817 mefitetus?'Azonr
307 1761 354 1812 τοῦ
371 1760 501 1832 προφήτου
523 1759 667 1830 λέγοντος,
683 1759 763 1822 ου’τος
786 1762 798 1814 o‘
819 1762 884 1822 Θεὸς
897 1759 987 1830 ἡμῶν,
1007 1757 1036 1814 οὐ
1052 1766 1095 1812 λυ·

40 1851 168 1930 prosaicam·
189 1856 276 1929 ἕτερος
296 1857 360 1930 πρὸς
375 1857 470 1920 αὐτόν,
488 1855 574 1930 ἔξευρε,
589 1861 675 1914 πᾶσαν
702 1859 947 1932 destinassem,
972 1860 1016 1912 καὶ
1041 1856 1097 1910 ἔδυ·

38 1963 66 1996 ²⁵⁹
78 1947 147 2008 w'tdt
160 1953 253 2020 ‘lator'ss
276 1957 311 2024 τῷ
325 1959 397 2012 ποιιδιΙ
413 1959 494 2013 αὐτοῦ
509 1999 516 2023 ,
533 1960 578 2012 καί
591 1958 698 2031 Ἰσραήλ
718 1961 750 2026 τῷ
766 1959 922 2029 ἠγαπημένῳ
942 1955 982 2010 ὑπ’
1004 1952 1095 2009 αὐτοῦ·

37 2039 87 2102 i‘tfss'
114 2045 184 2099 τοῦτο
211 2047 259 2102 ε’πί
286 2053 331 2112 τῆς
361 2053 410 2122 γῆς
443 2049 537 2120 ὤφθη,
562 2051 608 2104 καί
637 2053 694 2114 τοῖς
720 2048 859 2120 ἀνθρώποις
897 2046 1092 2120 ουνυνεοπρυίφη

38 2128 51 2184 i.
63 2146 84 2188 e.
98 2131 169 2194 Audi
190 2136 368 2215 Prophetem
389 2142 549 2200 dicentem:
566 2142 649 2202 -Iste
661 2142 739 2200 Deus
757 2146 873 2214 noster,
892 2155 953 2198 non
978 2144 1093 2214 reputa·

38 2222 97 2284 bitur
112 2231 183 2292 alius
200 2237 240 2296 ad
265 2254 350 2316 eum,
365 2240 516 2298 adinvenit
528 2257 645 2300 omnem
664 2242 743 2298 viam
762 2239 951 2314 disciplinae,
972 2243 1001 2296 et
1015 2235 1095 2296 dedit

39 2339 86 2383 um
102 2329 188 2392 Jacob
209 2352 302 2411 puero
318 2354 390 2412 suo,
414 2345 444 2398 et
463 2339 555 2398 lsrael
568 2339 673 2397 dilecto
692 2355 761 2413 suo;
782 2344 847 2414 post
866 2337 922 2395 boc
937 2352 1023 2412 super
1037 2342 1094 2395 ter-

38 2435 85 2480 ram
96 2435 236 2508 apparuit,
254 2440 364 2494 etcum
377 2436 543 2496 hominibus
558 2443 747 2497 conversatus
765 2443 818 2494 est.
834 2461 846 2485 n
864 2434 1013 2494 Catecbesi
1026 2451 1093 2492 xvr.

37 2533 84 2594 top.
100 2532 143 2582 31.
165 2528 321 2590 historiam
335 2531 485 2592 susannae
499 2534 651 2593 describit:
672 2559 684 2584 ιι
697 2535 778 2592 Idem
794 2533 936 2608 (Spiritus
953 2531 1092 2607 Sanctus)

37 2620 170 2691 aptantem
188 2627 290 2686 effecit
302 2629 430 2690 Danielis
452 2633 597 2706 animam,
616 2637 649 2691 ut
663 2634 810 2690 seniorum
824 2631 917 2706 judex
935 2623 1011 2689 esset
1028 2628 1096 2688 ado·

35 2707 132 2777 lectus.
147 2721 296 2784 Damnata
311 2727 406 2786 fuerat
419 2735 500 2787 casta
517 2727 651 2788 Susanna
661 2732 802 2806 tanquam
816 2729 974 2804 impudica,
987 2726 1096 2786 vindex

35 2813 112 2876 nulius
128 2830 208 2900 erat:
227 2827 281 2901 qui
300 2843 366 2886 eam
391 2845 408 2886 a
428 2828 607 2906 principibus
626 2831 798 2904 eripuisset3
814 2827 851 2886 ad
868 2833 991 2886 mortem
1009 2826 1096 2885 duce·

34 2907 116 2992 bitur,
135 2921 166 2978 in
198 2923 337 2983 manibus
355 2925 490 2985 lictorum
512 2931 576 3004 jam
605 2933 684 3002 erat,
714 2943 817 2985 verum
850 2927 942 2984 astitit
975 2923 1097 2984 auxilia·

34 3009 76 3086 bt,
95 3013 283 3098 Paracletus,
310 3021 433 3098 Spiritus
462 3023 646 3083 sanctificans
670 3039 786 3082 ornnem
814 3023 1023 3100 intelligentem
1045 3038 1097 3080 na-

33 3110 120 3170 turum.
137 3117 203 3178 Huc
224 3119 316 3196 ades,
337 3121 408 3182 dicit
427 3121 557 3198 Danieb3
584 3124 702 3200 juvenis
723 3123 850 3180 seniores
873 3136 962 3196 argue
980 3121 1095 3196 juveni

33 3199 89 3265 'iim
109 3222 297 3288 peccatorum
316 3218 383 3279 tabe
403 3221 536 3280 iniectos.
558 3222 707 3291 Γέγραπται
730 3220 790 3294 ude·
808 3219 936 3292 ‘'totve''
956 3217 1050 3278 ν’Θὲᾰΐ
1069 3219 1099 3272 ‘⁰'

31 3305 114 3374 πνεῦμα
129 3311 158 3364 τό
172 3312 250 3386 ἅγιον
267 3315 310 3369 ι’πι’
325 3318 461 3392 παιδαρίου
479 3319 614 3396 νεωτέρου,
630 3323 650 3379 i.
667 3336 693 3378 e.
710 3317 855 3394 Scriptum
877 3323 921 3376 est
939 3317 1038 3390 enim,
1053 3331 1100 3373 su·

30 3401 129 3468 mana
146 3410 229 3474 Deus
249 3413 389 3491 Spiritum
403 3417 542 3478 Sanctum
558 3435 644 3494 super
656 3433 778 3494 puerum
789 3414 991 3494 juvenculum.
1007 3439 1019 3464 ν
1043 3412 1097 3471 Ga·

31 3499 123 3565 tscbesi
140 3524 186 3568 rx.
208 3511 365 3574 Canticum
384 3518 474 3575 trium
496 3531 620 3594 puerum
640 3517 711 3591 legit
730 3517 884 3591 inquiens:
903 3511 980 3572 «Vis
1000 3517 1033 3570 tu
1051 3527 1099 3571 co·

29 3609 163 3684 tumuere,
179 3610 263 3686 quod
274 3618 381 3672 natue
393 3612 446 3674 Dei
458 3613 664 3691 comprehendi
678 3629 738 3673 non
751 3613 862 3688 possit?
875 3611 946 3670 Tres
960 3609 1004 3669 illi
1017 3613 1099 3687 pueri

32 3693 179 3765 mfflmfflo
192 3710 273 3784 ignis
285 3709 378 3770 Deum
393 3711 584 3771 celebrantes:
601 3711 638 3787 (3)
650 3711 779 3781 Λέγουσιν
792 3750 799 3775 ,
814 3708 959 3781 εόλογηιός
977 3705 1003 3762 εἷ
1022 3709 1036 3764 ο’
1051 3708 1104 3764 ι’πι·

27 3785 111 3851 βλίπιιι
134 3801 297 3873 α’βυσσους,
318 3807 464 3882 καθήμενος
482 3811 528 3866 ι’πι’
551 3813 596 3864 τῶν
618 3809 768 3888 Χὲρουβιμ,
782 3813 803 3868 i.
820 3828 846 3869 e.
862 3809 970 3869 Dicunt
984 3807 1100 3868 benedi·

28 3895 81 3952 “1¹⁸
98 3915 149 3978 ts,
171 3909 227 3982 qni
246 3911 364 3985 respicis
380 3911 521 3990 abyssos,
544 3913 647 3972 sedens
660 3929 746 3988 super
760 3910 920 3969 cherubim.
937 3935 949 3960 a

59 3992 139 4059 Nunc
163 4004 271 4066 sedulo
292 4009 470 4070 enucleanda
493 4017 562 4069 sunt
582 4026 658 4086 quae
686 4009 773 4068 divus
793 4009 944 4083 episcopus
960 4003 1101 4064 catechesi

27 4097 51 4147 ⁴·
65 4094 99 4155 de
115 4101 221 4162 decem
234 4105 419 4184 dogmatibus
436 4109 537 4168 docuit
553 4111 631 4168 circa
648 4108 795 4166 Canonem
809 4105 975 4165 divinorum
995 4099 1101 4161 Biblio-

49 4311 80 4376 ιι)
96 4320 153 4369 scer
176 4335 201 4371 a.
216 4323 258 4372 ιιι.
271 4332 308 4376 22.
323 4349 352 4361 -
363 4323 398 4387 (2)
408 4325 464 4386 sap.
475 4324 565 4373 amu.
579 4329 601 4372 a.
624 4321 658 4384 (a)
670 4322 730 4370 narr„
744 4335 766 4368 a.
778 4321 820 4368 111.
834 4325 873 4367 aa.
