3070 5180
528 439 568 450 -·
587 423 647 467 XLV
666 437 706 450 ····

94 522 301 619 habentes,
335 538 374 600 ot
395 521 554 600 illorum
579 523 774 601 honorem
799 518 1071 627 possidentes,
1089 519 1150 626 ju-

92 671 149 734 xta
169 654 487 762 Hieronymum,
517 655 664 735 habere
682 653 858 732 nitamur
880 670 920 732 et
946 651 1144 730 meritum.

134 789 348 896 Denique,
379 789 501 868 lector
525 788 773 896 quicumque
800 804 845 866 tu
866 787 951 884 sis,
970 783 1067 864 dum
1085 811 1151 863 an·
1196 777 1200 784 ’
1241 765 1244 774 ’

91 937 121 1000 te
145 921 344 1001 Ecclesiae
362 920 588 1001 Catholicae
610 921 788 1000 tribunal
811 918 952 1017 adsto,
981 919 1088 997 illius
1110 916 1150 995 fi-

91 1052 184 1152 lius,
221 1082 271 1134 ao
299 1053 548 1163 discipulus,
587 1073 626 1134 et
656 1051 982 1134 christifidelium
1010 1048 1149 1131 docto-

90 1213 166 1263 mm
182 1203 379 1288 sectator,
400 1188 502 1268 nihil
521 1189 642 1287 novi,
673 1187 795 1286 scias,
826 1201 966 1266 contra
983 1182 1143 1264 eosdem

91 1346 143 1398 me
167 1320 279 1400 hisce
314 1319 661 1430 disquisitionibus
700 1319 914 1417 conferre,
944 1317 1046 1397 nihil
1078 1317 1150 1396 im-

92 1451 291 1552 minuere,
333 1455 433 1535 nihil
462 1453 607 1535 addere
643 1454 813 1533 voluisse
836 1483 845 1552 ;
875 1451 1026 1532 nullam
1055 1476 1148 1556 ergo

93 1581 275 1690 gloriam,
318 1587 351 1666 si
395 1589 597 1668 veritatem
636 1588 708 1667 sim
742 1604 1014 1683 consecutus,
1051 1582 1149 1661 mihi
1208 1651 1209 1656 Ν

94 1721 324 1824 comparavi.
365 1719 435 1800 Sin
468 1748 564 1800 vero
591 1723 722 1800 minus
749 1719 930 1817 contuli,
959 1719 1043 1826 ipse
1069 1742 1150 1793 me-

95 1865 213 1930 mento
247 1878 314 1931 mc
340 1851 544 1932 hominem
570 1839 684 1953 esse,
714 1853 898 1962 nihilque
926 1852 1149 1929 humanum

95 2005 114 2057 a
137 2009 196 2061 me
221 1983 401 2064 alienum
431 2005 604 2096 putare3
635 1986 852 2068 etidcirco
888 1982 1044 2093 quoties
1070 1980 1150 2058 hoc
1222 2075 1239 2080 -

100 2107 295 2230 doetrinae
319 2120 518 2228 specimen
543 2121 619 2201 tibi
642 2149 727 2201 non
753 2115 1006 2213 satisfecerit,
1026 2128 1096 2192 aut
1117 2109 1150 2190 si

26 2279 28 2332 t
98 2244 219 2348 quid
208 2251 363 2332 invitus
391 2271 529 2336 contra
554 2256 756 2336 veritatem
793 2253 865 2333 sim
890 2251 1075 2364 locutus,
1102 2260 1149 2326 tu

98 2371 279 2466 benevole
306 2389 507 2497 corrigas,
537 2406 576 2471 et
603 2387 838 2496 corrigendo
866 2384 1081 2468 condones.
