2964 5174
510 377 691 432 —rai-

74 488 183 549 iusim
202 485 315 548 duobus
332 489 434 566 lignis:
450 487 547 548 ·Eece
566 505 643 566 pono
664 493 696 548 in
718 489 813 548 madio
837 494 881 550 tui
901 494 994 552 vitam
1016 501 1045 554 et
1061 513 1137 556 mor-

72 594 153 646 tem.»
169 587 342 662 Quaestione
358 604 403 646 rx.
424 586 461 646 de
478 589 567 648 variis
584 588 790 649 afflictionibus
802 589 849 648 vel
862 592 1069 654 tentahonibus
1082 595 1134 655 lu·

71 683 126 743 dith
139 685 246 745 librum
260 685 414 761 compellat
427 687 459 743 in
473 684 561 761 hujus
576 688 618 744 rei
628 686 845 762 probationem:
863 687 1003 750 «Gratias
1015 707 1137 768 agamus

68 780 180 842 liomtno
194 783 232 859 (1)
248 783 309 842 Deo
326 789 446 859 nostro,
464 787 516 860 qui
540 790 634 844 tentat
652 785 725 859 nos,
741 787 817 844 sicut
837 791 867 844 et
888 793 984 862 patres
1004 795 1131 850 nostros.

69 879 260 940 Recordnmini
275 882 420 958 quomodo
436 884 561 942 tentavit
576 881 745 957 Abraham,
757 883 839 942 Isaac
858 890 887 944 et
902 884 1010 962 Jacob,
1025 891 1055 948 et
1067 903 1134 948 axa·

67 977 179 1038 ninnvu
198 980 228 1036 in
247 994 369 1038 examen
387 979 483 1040 cordis
500 995 617 1056 eormn3
638 981 778 1055 quoniam
796 977 926 1057 flagellat
941 981 1084 1045 Dominus
1102 987 1133 1045 in

66 1075 283 1136 admonitionem
297 1093 397 1136 omnes
411 1079 673 1154 appropinquantes
686 1077 753 1136 sihi.
765 1103 777 1128 υ
790 1079 964 1150 Quaestione
973 1097 1022 1140 tx.
1036 1081 1073 1142 de
1086 1083 1136 1143 Ju-
1169 1109 1173 1116 ·

64 1171 119 1231 ‹lith
136 1175 201 1249 ipsa
216 1174 303 1234 dicim
324 1175 415 1234 «iam
432 1189 502 1234 vero
520 1175 558 1234 ad
575 1175 746 1234 sumendam
770 1191 886 1252 quoque
897 1181 1009 1253 justam
1025 1179 1062 1240 de
1079 1183 1134 1239 ini·

64 1273 136 1330 micis
154 1273 313 1349 ultionem,
333 1289 418 1349 saepe
437 1272 497 1332 doli
510 1279 579 1332 sunt
596 1272 731 1349 probati;
752 1273 915 1350 cujusmodi
929 1274 986 1335 init
999 1277 1036 1336 de
1056 1277 1133 1355 hod,
1253 1309 1256 1326 ·

62 1371 105 1444 pai
122 1370 267 1430 interiecit
283 1371 396 1448 Eglon,
416 1376 447 1430 et
465 1370 545 1447 Jeel,
564 1386 639 1447 quae
656 1359 762 1430 oceidit
788 1370 935 1448 Sisaram3
957 1379 986 1432 et
1009 1374 1133 1455 Judith,

62 1479 127 1542 qnae
143 1470 291 1528 interemit
304 1467 519 1546 Holophemem
533 1467 571 1528 ad
584 1468 708 1529 salutem
721 1468 820 1544 populi
833 1469 960 1528 Israelis.
976 1495 988 1522 a
1006 1471 1085 1533 llaec
1098 1490 1135 1534 ex

61 1563 202 1627 inmasu
221 1568 355 1644 seriptis,
369 1583 444 1644 quae
462 1583 541 1626 nunc
555 1573 710 1643 supersunt
727 1566 894 1644 hausimus,
909 1583 1040 1646 quaeque
1055 1575 1133 1647 prio·

61 1678 116 1722 rum
139 1664 294 1726 doctorum
315 1667 526 1726 institutionem
544 1665 668 1741 Christi,
689 1670 718 1724 et
725 1663 931 1741 Apostolorum
950 1670 1074 1746 uestigia
1090 1687 1134 1730 se·

60 1763 198 1824 ciantium
212 1763 375 1838 perhibent.
1054 1809 1056 1816 .

91 1861 117 1936 5.
135 1861 190 1920 lll.
212 1861 343 1938 Denique
371 1861 407 1922 de
426 1877 562 1939 syrorum
579 1861 713 1922 doctrina
739 1863 817 1922 circa
840 1861 980 1924 Deuteras
1005 1864 1133 1941 Scriptu-

55 1971 95 2016 ras
113 1960 222 2018 veteris
247 1959 371 2018 foederis
408 1958 489 2018 aliud
515 1961 713 2018 testimonium
727 1960 846 2035 praehet
871 1959 982 2020 Nalmn
1008 1965 1133 2022 meroni·

57 2059 83 2114 la
102 2059 132 2115 in
160 2071 217 2116 sua
239 2057 360 2132 Evoplia
377 2056 444 2116 iidei
466 2053 640 2136 Catholicpe.
656 2056 685 2115 Is
695 2055 841 2116 Ecclesiae
853 2073 989 2134 syrorum
999 2075 1066 2120 cum
1080 2061 1134 2120 Ec·

56 2152 136 2214 alesia
150 2155 288 2215 Romana
303 2157 444 2215 unitatem
464 2152 629 2230 osteudens,
644 2156 719 2214 inter
737 2153 810 2212 olias
830 2169 877 2213 res
895 2154 1041 2216 (iunonem
1061 2156 1136 2218 Sori-

57 2257 206 2326 pturarum
234 2254 401 2313 diviumum
425 2253 561 2328 deponit,
585 2253 633 2312 cui
655 2250 819 2326 Scripturas
835 2251 1135 2318 Dantem-Canonieas

56 2349 205 2428 adaequat.
227 2351 328 2427 Inquit
352 2351 389 2426 (a)
415 2353 511 2410 enim:
531 2374 544 2402 «
562 2349 717 2408 Sacrorum
734 2351 833 2424 itaque
850 2347 989 2410 librorum
1012 2351 1132 2428 Canon,

56 2453 80 2506 et
94 2450 248 2526 catalogus
268 2449 345 2508 idem
365 2453 409 2508 est
427 2448 505 2524 apud
518 2446 608 2526 Syros
631 2453 718 2522 atque
732 2446 810 2522 apud
829 2448 978 2508 Romanos
993 2450 1075 2510 nullo
1089 2467 1133 2510 re-

52 2548 132 2620 jecto.
153 2547 192 2606 In
214 2546 312 2605 codiee
327 2548 405 2606 enlm
423 2548 555 2623 syriaco,
572 2547 623 2622 qui
640 2549 721 2603 extat
736 2545 769 2608 in
783 2544 962 2605 Blbliotheca
978 2547 1132 2625 Vaticana,

55 2649 80 2702 et
96 2647 128 2702 in
143 2645 205 2704 alio
226 2643 318 2722 Sergii
331 2645 406 2704 Risii
424 2641 631 2719 archiepiscopi
644 2642 812 2702 damasceni
828 2645 904 2702 inter
919 2642 1080 2706 canonicos
1099 2647 1133 2706 li-

55 2739 116 2800 hros
134 2750 207 2803 sunt
224 2743 292 2802 libri
318 2741 447 2818 Tobiae,
474 2740 593 2816 Judith,
610 2739 790 2817 Sapientiae,
806 2740 1001 2802 Ecclesiastici
1022 2749 1051 2802 et
1069 2743 1133 2803 Ma·

54 2839 261 2916 thebaeorum,
271 2855 384 2899 necnon
400 2837 556 2915 prophetae
569 2837 709 2914 Danielis,
717 2844 747 2897 et
758 2840 886 2898 continet
899 2855 933 2898 ea
948 2841 1047 2898 omnia
1059 2857 1134 2916 quae

53 2936 252 3000 desiderantur
270 2940 302 2996 in
321 2937 465 2997 hebraicis
484 2935 698 3011 voluminibus,
712 2951 816 3011 nempe
836 2953 854 2995 a
872 2951 958 2995 versu
975 2945 1024 2996 aa.
1042 2939 1134 2998 inclu-

53 3037 113 3094 sive
129 3051 197 3112 cap.
220 3051 273 3093 111.
294 3051 386 3110 usque
406 3033 444 3093 ad
461 3051 492 3092 v.
511 3041 561 3092 90.
584 3034 658 3092 Item
675 3036 804 3092 continet
816 3032 952 3120 historias
971 3033 1132 3110 susannae,

53 3131 119 3192 idoli
133 3134 187 3194 Bel
204 3139 234 3192 et
248 3132 393 3192 draconis.
410 3131 537 3190 Tantum
549 3129 763 3190 observandum
776 3137 837 3205 est,
852 3131 930 3207 quod
946 3133 978 3188 in
990 3131 1038 3190 his
1049 3135 1135 3191 texti·

52 3227 104 3289 hus
119 3233 253 3309 syriacis
265 3231 371 3290 adsunt
390 3230 527 3305 epistolae
547 3227 662 3288 Baruch
679 3228 774 3303 duae,
796 3243 921 3303 quarum
941 3230 1036 3302 prima
1055 3228 1130 3288 desi·

53 3326 170 3388 daretur
197 3332 229 3388 in
253 3329 398 3405 Vulgata,
417 3328 555 3388 etaltera
582 3329 698 3404 penitus
726 3327 888 3401 respondet.
913 3325 1046 3386 Ceterum
1068 3333 1132 3386 tum

53 3439 87 3484 er
109 3427 244 3504 catalogo
263 3441 413 3486 sacrorum
442 3424 602 3500 librorum,
616 3427 679 3500 =qui
696 3424 787 3484 videri
810 3429 904 3499 potest
922 3425 954 3482 in
974 3423 1131 3482 volumini·

52 3523 105 3584 bus
120 3525 317 3586 Conciliorum
336 3526 517 3602 syriacorum
530 3522 676 3599 praefixus
694 3524 816 3580 nicaeno
833 3521 977 3598 Concilio,
990 3537 1066 3599 quae
1078 3538 1129 3581 ex·

52 3627 116 3682 tant
132 3626 164 3682 in
184 3623 363 3682 Bibliotheca
389 3623 555 3699 Vatlcrma,
583 3629 646 3682 tum
666 3623 697 3680 in
722 3619 843 3698 collegio
862 3621 1073 3680 maronltarum
1093 3621 1131 3680 de

52 3721 141 3797 urhe,
163 3727 226 3781 tum
254 3724 286 3780 in
312 3721 386 3782 libro
416 3719 661 3781 Constitutionum
684 3723 885 3796 syriacorum,
905 3721 956 3794 qui
974 3719 1073 3778 relatis
1090 3717 1133 3778 hi·

51 3816 201 3880 hliothecis
215 3821 302 3895 inest,
311 3821 343 3879 ln
352 3819 457 3897 qulbus
466 3835 526 3879 non
540 3825 656 3880 tautum
668 3817 820 3893 prophetia
829 3817 913 3892 haec,
923 3833 1026 3876 verum
1039 3818 1128 3876 mam

51 3916 238 3978 inveniuntur
255 3933 355 3978 omnes
368 3917 412 3978 illi
425 3917 493 3978 libri
508 3915 664 3991 canonici,
678 3917 730 3990 qui
744 3920 813 3974 sunt
827 3916 859 3972 in
878 3913 972 3974 Bibha
987 3914 1127 3991 vulgatae

50 4013 221 4074 editionis.»
242 4015 322 4075 llaec
338 4021 435 4076 numm
454 4016 546 4074 altera
564 4020 646 4090 parte
664 4013 757 4072 insius
781 4017 1004 4088 pertractantur.

80 4205 116 4267 (i)
125 4206 210 4258 iudith
223 4221 245 4258 o.
258 4210 323 4258 vill.
338 4216 376 4260 22.
390 4235 420 4247 -
434 4207 468 4271 (2)
479 4207 577 4259 Nairon.
592 4219 645 4270 pag.
659 4212 712 4257 ³87.
