3070 5180
544 417 584 427 -
603 400 690 444 mn
710 417 751 428 ·····

99 492 191 576 dixi
222 557 233 594 ,
269 494 431 574 concilii
471 493 608 576 cadem
648 497 768 578 verba
805 500 1072 608 interpretatis
1111 505 1182 588 visi

98 647 230 730 sunt,
269 627 427 710 codices
465 633 630 739 graeci,
674 649 713 711 et
748 631 925 714 hebraici
962 634 1183 716 Bibliorum

97 765 183 844 hoc
222 763 386 845 decreto
418 765 595 874 abrogati
623 765 755 846 fuisse.
787 767 1108 869 Verumtamen,
1138 789 1184 852 ut

95 925 242 1005 aequo
258 899 463 979 decretum
481 902 559 979 hoc
573 899 893 1007 ponderantibus
911 902 1026 983 facile
1044 921 1102 984 cst
1120 933 1184 984 ex·

95 1049 258 1138 ceptu,
289 1031 341 1111 de
368 1030 581 1139 praedictis
613 1030 845 1131 codicibus,
879 1036 981 1113 nihil
1011 1036 1185 1118 animad-

94 1181 318 1244 verterunt
344 1168 490 1246 Patres.
521 1168 670 1247 Actum
690 1185 750 1248 est
769 1168 825 1247 ibi
843 1184 1000 1248 tantum
1021 1169 1071 1250 de
1098 1172 1183 1280 plu·

95 1297 250 1396 ribus,
274 1315 314 1379 et
335 1301 445 1380 vario
468 1328 613 1407 genere
639 1300 860 1381 Bibliorum
888 1302 1019 1382 latinis
1047 1303 1183 1386 editio·

96 1430 254 1530 nibus,
287 1461 309 1512 e
337 1435 488 1540 quibus
513 1432 710 1541 quaedam
738 1453 969 1543 corruptae,
1001 1437 1061 1516 vel
1083 1465 1183 1518 ama·

98 1566 327 1644 nuensium
355 1568 558 1646 erroribus
584 1585 803 1667 scatentes,
828 1587 868 1649 et
889 1570 1043 1650 sincero
1064 1570 1182 1680 Spiri·
1232 1667 1237 1675 ¹

97 1715 170 1779 tus
197 1697 335 1779 Sancti
358 1728 478 1780 sensu
506 1700 804 1808 quodammodo
827 1704 1060 1800 immutato,
1085 1732 1181 1813 prae

101 1832 290 1912 fidelium
315 1835 500 1915 manibus
517 1837 687 1917 maxime
703 1836 963 1945 pusillorum,
985 1838 1183 1920 habeban-

102 1981 202 2066 tur;
235 1986 277 2047 et
294 1969 348 2047 ob
371 1970 449 2048 hoc
475 1967 680 2076 synodus,
715 1969 852 2078 quoad
878 1969 964 2050 lieri
996 1989 1179 2078 poterat,

103 2101 170 2180 his
183 2101 377 2181 omnibus
392 2103 726 2200 seclusis,tantum
736 2103 947 2212 Vulgatam
961 2103 1182 2185 Bibliorum

104 2233 327 2314 editionem
353 2235 397 2316 in
420 2236 695 2316 auctoritatem
713 2237 839 2336 sumi,
865 2253 905 2316 et
926 2238 1003 2345 legi
1029 2238 1177 2318 statuit.

106 2371 168 2448 De
183 2368 449 2476 originalibus
467 2387 600 2450 autem
618 2369 816 2450 hebraicis
840 2387 880 2450 et
905 2371 1074 2479 graecis,
1096 2372 1182 2481 qui-

107 2501 188 2581 bus
210 2503 387 2610 primum
416 2503 519 2584 facta
549 2520 607 2583 est
634 2502 770 2583 divina
797 2505 985 2584 revelatio
1014 2533 1066 2584 ne
1094 2531 1182 2584 ver-

106 2635 209 2714 bum
221 2633 411 2744 quidem3
429 2638 551 2722 immo
569 2638 704 2718 Patres
722 2637 755 2744 ej
761 2635 899 2718 usdem
931 2638 1091 2717 concilii
1108 2655 1182 2718 tra·

108 2767 332 2867 diderunt,
364 2787 404 2852 et
436 2769 679 2851 mandarunt
709 2771 889 2852 fontibus
927 2772 1107 2878 graecis,
1143 2788 1183 2852 et

108 2903 309 2983 hebraicis
331 2933 435 3012 opus
461 2931 543 2984 esse
574 2907 618 2983 in
643 2902 790 2984 divinis
813 2902 1031 3013 Scripturis
1057 2906 1181 2988 inter-

107 3035 343 3144 pretandis,
375 3066 553 3146 quorum
591 3039 755 3145 primus.
771 3039 879 3118 lucet
915 3039 1177 3150 clarissimus,

108 3187 147 3249 et
179 3169 434 3250 doctissimus
462 3169 701 3269 Salmeron,
736 3199 982 3251 summorum
1018 3172 1181 3279 pontifi-

108 3333 203 3384 cum
232 3305 347 3384 Pauli
376 3304 457 3404 Ill,
491 3306 603 3384 Pauli
628 3304 709 3403 IV,
741 3323 781 3386 et
806 3305 866 3384 Pii
900 3305 1009 3384 Vin
1041 3303 1181 3388 eodem

108 3438 284 3519 concilio
317 3439 543 3547 theologus.
598 3438 746 3518 Scribit
791 3441 897 3522 euim
935 3440 1182 3548 prolegome-

109 3601 164 3654 no
189 3575 310 3654 tertio
345 3574 389 3652 in
412 3601 540 3654 sacras
563 3573 814 3683 Scripturas:
847 3607 866 3647 r<
893 3573 1084 3654 Liberum
1110 3602 1182 3653 au-

110 3725 189 3786 tem
214 3705 382 3815 reliquit
409 3707 622 3807 omnibus,
662 3709 735 3815 qui
755 3707 985 3816 ¹Scripturas
1011 3707 1181 3815 prolun-

110 3839 200 3921 dius
225 3840 495 3940 meditantur,
519 3842 649 3922 fontes
671 3868 861 3950 graecos,
883 3858 952 3920 aut
970 3841 1177 3938 hebraeos,

109 3992 312 4082 quatenus
332 4002 437 4083 opus
463 3975 513 4056 sit
539 3976 771 4073 consulere,
806 4003 892 4082 quo
920 3993 1095 4055 nostram
1122 3977 1180 4054 vi·

109 4108 163 4186 tio
182 4109 462 4206 librariorum,
483 4109 544 4189 vel
571 4128 797 4216 temporum
825 4110 971 4216 injuria
998 4106 1182 4188 emenda-

109 4270 149 4321 re
180 4242 352 4322 valeant.
389 4277 407 4316 n
438 4242 547 4322 Idem
583 4241 764 4322 firmatur
797 4273 818 4324 a
858 4244 967 4348 Vega
1003 4243 1181 4351 ejusdem
