3070 5180
580 431 620 444 ...
640 403 677 460 29
697 431 737 443 .-

117 511 185 575 rach
196 511 271 575 haec
284 512 363 574 dicta
384 512 490 590 educit,
502 511 575 577 libro
587 519 703 591 quarto,
718 529 782 590 cap.
802 527 912 574 xxxvi.
931 512 1008 574 aii
1022 527 1094 592 quos
1104 517 1196 594 juste,

116 615 180 690 quis
203 612 299 690 dicat,
314 611 558 690 quemadmodum
571 614 632 688 ipse
647 627 742 672 sumo
755 617 941 689 suggeretur,
956 617 1098 690 quatenus
1111 627 1198 691 super

115 710 208 771 Deum
221 711 361 772 extollitis
375 713 562 790 cogitmiones
574 716 698 786 vestras,
710 709 925 787 inconsiderati,
940 711 1019 771 elati:
1038 735 1050 762 «
1067 709 1198 771 Audistis

115 823 234 870 mensos
258 825 321 870 cese
340 809 434 869 coelos
453 811 483 868 in
502 809 616 885 palm03
636 813 665 868 et
683 809 769 868 dicite
785 807 859 866 miln
871 823 1053 885 mensuram,
1073 816 1102 868 et
1114 823 1198 868 enar·

116 911 178 966 rate
200 903 418 985 multitudinem
437 905 600 966 cubitorum
619 905 764 965 coelorum
789 905 1045 982 innumerabilem,
1066 913 1095 965 et
1111 921 1199 982 expo·

115 1005 176 1064 nite
187 1003 261 1062 mihi
271 1003 491 1080 plenitudinem,
506 1002 699 1080 latitudinem,
713 1003 934 1080 longitudinem.
952 1027 965 1054 s
982 1001 1111 1062 Tandem
1124 1003 1200 1063 libro

115 1105 222 1178 cuano
239 1100 383 1161 dimersus
400 1100 435 1161 de
455 1100 610 1178 Scripturis
629 1101 722 1176 veris,
748 1101 831 1161 etde
852 1099 1042 1179 apocryphis,
1064 1099 1101 1176 (1)
1126 1117 1201 1177 quae

115 1197 154 1258 ab
172 1193 329 1259 haereticis
344 1199 549 1259 disseminatae
569 1203 672 1274 erant,
692 1201 750 1257 ait:
770 1221 783 1249 s
800 1197 831 1258 Sl
847 1201 912 1274 qrris
930 1201 1019 1275 igitur
1035 1199 1113 1275 legat
1124 1197 1200 1257 Scri·
1312 1261 1316 1272 ,

115 1299 219 1371 pturas
240 1297 368 1356 intentus
380 1340 389 1373 ,
403 1297 532 1356 inveniet
545 1298 576 1354 in
590 1296 692 1355 iisdem
705 1295 741 1354 de
753 1291 868 1354 Christo
880 1311 1054 1372 sermonem,
1069 1301 1098 1355 et
1108 1311 1202 1356 novae

115 1395 282 1452 vocaucnis
298 1391 569 1470 praefigurationem
579 1435 673 1454 .....
693 1393 738 1452 Ex
752 1393 823 1470 lpsls
836 1392 991 1470 Scripturis
1006 1399 1102 1453 autem
1117 1391 1202 1452 lesus

117 1488 269 1566 discipulis
289 1491 509 1568 subostendit,
530 1494 668 1568 quioniam
683 1493 743 1568 pati
757 1487 908 1567 oportebat
929 1489 1095 1566 Christum,
1114 1497 1143 1550 et
1157 1493 1202 1549 in-

117 1593 197 1646 trare
212 1589 246 1646 in
264 1589 387 1664 gloriam
405 1605 505 1664 suam,
525 1591 623 1648 eterit
642 1595 860 1650 consummatus
879 1587 1057 1665 discipulus,
1072 1591 1122 1663 qui
1135 1603 1201 1664 pro·

120 1685 178 1744 lert
195 1684 233 1744 de
249 1685 385 1746 theseum
404 1701 457 1746 suo
469 1702 547 1746 nova
569 1693 598 1746 et
613 1693 722 1746 vetera.
743 1687 924 1762 Quapropter
950 1689 1008 1762 eis,
1025 1687 1076 1763 qui
1094 1688 1124 1744 ln
1148 1685 1202 1745 Ec·

118 1771 209 1846 cressa
228 1788 297 1842 sunt
318 1783 495 1862 presbyteris
516 1781 657 1846 obaudire
678 1790 792 1859 oportet
808 1783 871 1860 his,
903 1785 953 1861 qui
975 1785 1204 1844 succcessicnem

118 1879 230 1940 hubent
249 1880 287 1940 ab
305 1880 470 1960 Apostolis,
489 1883 565 1942 sicut
577 1882 773 1957 ostendimus,
786 1883 837 1959 qul
853 1897 921 1942 cnm
942 1883 1123 1958 episcopatus
1141 1897 1205 1941 suc·
1234 1935 1239 1944 .

118 1980 269 2055 cessione,
292 1979 437 2039 charisma
455 1981 586 2040 vaitads
608 1986 734 2057 cenum,
753 1979 913 2039 secundum
931 1980 1070 2055 placitum
1089 1979 1203 2055 Patris,

120 2091 268 2152 accepere.
288 2075 426 2153 Reliquos
442 2093 513 2136 uero
523 2078 574 2154 qui
586 2075 730 2136 obsistunt
746 2077 899 2153 principali
915 2079 1088 2136 successioni
1105 2090 1204 2154 suspe-

121 2178 186 2232 ctos
207 2172 333 2250 habere,
356 2175 403 2234 val
421 2175 504 2252 quasi
524 2173 693 2234 haereticos.
715 2173 821 2233 Omnes
838 2180 935 2233 autem
947 2173 1084 2233 decidunt
1098 2190 1117 2233 a
1129 2173 1205 2233 ueri-

121 2275 197 2348 tate3
216 2276 248 2330 et
267 2269 404 2331 haeretici
421 2271 538 2349 quidem
554 2271 681 2332 alienum
695 2273 792 2349 ignem
805 2270 958 2332 offerentes
977 2269 1014 2330 ad
1034 2272 1125 2330 altare
1137 2269 1203 2347 Del,

122 2367 199 2428 idest
219 2368 330 2428 allenas
346 2368 493 2430 doctunas
511 2387 528 2430 a
545 2371 660 2430 coelesti
681 2371 749 2447 igne
768 2368 982 2429 comburentur.
1002 2393 1015 2420 s
1036 2367 1123 2428 ilisce
1140 2383 1205 2427 ver·

121 2463 166 2524 bis
185 2467 292 2543 conlici
309 2473 419 2544 potest,
445 2483 503 2546 qua
525 2467 657 2528 libertate
672 2467 829 2544 Episcopus
849 2473 967 2526 sanctus
989 2467 1051 2544 agit
1072 2466 1108 2525 de
1129 2467 1205 2525 veri·

122 2567 182 2624 tate
199 2563 437 2640 Scripturarum,
455 2575 539 2643 quae·
553 2565 690 2643 legendae
709 2569 793 2641 sunt,
816 2569 845 2624 'ct
863 2579 938 2640 quae
961 2563 1148 2641 respuendae.
1174 2563 1205 2624 Si

121 2659 597 2740 Scripturaebeuterouanonioae
613 2661 726 2740 abipso
745 2664 820 2720 inter
841 2663 949 2738 shripta
971 2660 1139 2740 apocrypha
1151 2661 1204 2721 ha·

122 2757 199 2818 bitae
214 2757 355 2837 inissem,
373 2775 431 2838 qua
448 2760 570 2821 andacia
582 2759 686 2821 deinde
701 2765 802 2819 contra
817 2758 950 2818 haereses
963 2757 1056 2818 Biblia
1069 2758 1145 2818 falsa
1157 2759 1205 2819 vel

122 2861 257 2933 suspecta
277 2857 309 2914 in
326 2857 524 2918 testimonium
543 2857 718 2918 advocaret?
736 2857 779 2916 Eo
795 2859 910 2933 magis,
927 2856 1005 2932 quod
1017 2855 1053 2916 de
1072 2855 1206 2916 doctrina

123 2952 283 3030 apostolica
296 2954 425 3031 locutus,
439 2969 506 3014 cum
523 2954 579 3014 sibi
590 2957 623 3013 in
635 2956 734 3014 uarias
753 2953 831 3013 orbis
849 2955 980 3030 regiones
993 2953 1122 3029 proiecto
1135 2967 1205 3012 con·

124 3057 214 3112 staret
241 3053 415 3113 christianae
433 3054 514 3114 Fidei
531 3053 729 3132 praedicatio,
747 3054 827 3113 illius
846 3055 998 3112 veritatem
1014 3057 1137 3112 testatur
1143 3051 1181 3129 (1)
1195 3070 1203 3111 :

128 3149 286 3210 ‹Eccleda
306 3153 338 3210 in
355 3153 524 3212 uniuersum
541 3151 683 3212 mundum
701 3151 889 3212 disseminata
906 3150 1058 3226 diligenter
1079 3149 1208 3210 custodit

125 3245 201 3307 banc
214 3247 315 3324 iidem,
331 3249 416 3325 quasi
431 3265 522 3309 unam
537 3248 648 3309 habens
666 3251 795 3308 animam
814 3253 843 3308 et
858 3263 950 3307 unum
969 3261 1035 3323 cor,
1058 3251 1087 3306 et
1103 3261 1206 3307 consc-

125 3351 230 3406 nautor
252 3344 323 3404 hacc
345 3345 535 3422 praedicat.»

165 3442 193 3518 S.
209 3441 262 3503 iv.
278 3442 385 3504 Severo
396 3445 579 3521 imperatore,
591 3445 766 3505 christianae
778 3444 926 3504 doctrinae
939 3441 1000 3502 zelo
1013 3439 1130 3519 vigebat
1138 3441 1208 3518 liip-

126 3539 244 3618 polytns
258 3539 416 3618 Episcopus
434 3557 587 3619 romanus,
601 3548 635 3602 ut
652 3545 693 3602 ait
705 3541 885 3618 Nicephorus
902 3543 934 3600 in
955 3539 1206 3617 Ghmncgraphia3

126 3637 270 3697 abnam
282 3655 352 3698 vero
365 3639 540 3718 Hippolytus
550 3640 676 3700 Romani
688 3640 793 3700 Portus
804 3637 1136 3716 Episcopusappellatus
1149 3643 1205 3697 est.

128 3732 305 3794 Bibliotheca
319 3735 462 3797 Vaticana
486 3737 565 3797 illius
581 3737 707 3815 effigiem
726 3735 854 3796 exhibet.
876 3736 935 3798 iste
947 3739 1035 3813 Juxta
1051 3733 1209 3794 Eusebium

127 3831 279 3910 plerosque
301 3836 523 3894 commentarios
550 3837 583 3893 in
611 3851 724 3894 sacram
752 3833 931 3910 Scripturam
958 3833 1154 3908 comparavit,
1179 3836 1209 3891 ct

129 3927 186 3988 alia
205 3928 298 3988 multa
323 3932 430 4007 scripta
455 3931 535 3991 illius
555 3931 715 4007 habentur,
736 3945 860 4008 quorum
885 3929 1050 4007 fragmenta
1065 3927 1208 3987 ncnnmla

129 4026 329 4087 tantummodo
345 4027 429 4086 nobis
450 4035 613 4104 supersunt.
627 4029 673 4088 Ex
690 4031 743 4104 iis,
759 4028 796 4105 (a)
812 4043 886 4105 quae
899 4031 1024 4104 genuina
1041 4027 1209 4086 existiman-

129 4128 195 4200 tur,
215 4122 378 4203 colligitur,
399 4127 493 4202 qualis
512 4142 661 4187 samolum
677 4125 836 4186 Biblicrum
852 4125 952 4186 Canon
970 4124 1008 4184 ab
1025 4140 1059 4183 eo
1076 4121 1210 4183 censeba-

159 4332 193 4398 (i)
203 4335 353 4400 caplihiii:
364 4336 402 4388 uel
413 4337 531 4390 11111-
542 4335 575 4402 (tl
592 4339 655 4390 iren.
667 4337 732 4390 libi.
745 4343 842 4390 c.ic.-
852 4335 886 4400 (a)
902 4335 967 4386 Edit.
981 4329 1115 4396 amburgi
1128 4335 1196 4383 ilie.
