3022 5178
879 419 919 429 -
943 395 998 446 150
1021 421 1062 428 --
1140 443 1142 450 ,

428 508 611 584 philosophia
631 512 676 566 est
688 507 832 580 alienum,
849 507 990 563 memoria
1003 507 1109 581 quippe
1120 494 1266 580 justorum
1281 523 1340 566 cum
1352 473 1476 592 laudibus,¹

426 609 491 671 Kal,
513 606 555 660 ἐπὶ
580 610 663 677 νεκρῷ,
690 605 771 677 φησί,
790 603 926 674 κατάγαγε
947 602 1053 674 δάκρυα,
1074 603 1165 666 nalo&
1190 603 1257 656 δεινοὶ
1275 607 1370 680 πάσχων
1390 610 1465 683 ἓναρξω

426 698 538 771 θρήνου,
554 699 574 754 i.
592 714 618 755 a.
635 697 687 771 Et,
703 711 789 771 super
803 701 968 770 mortuum,
980 695 1063 770 dicit,
1077 694 1197 754 effunde
1212 694 1358 774 lacrymas,
1373 707 1397 759 et
1407 710 1467 778 quasi

427 796 491 855 dira
502 811 605 871 passus
625 795 720 870 incipe
728 792 809 870 flere,
820 799 874 852 etc.
891 817 903 843 ν
918 791 1056 852 Oratione
1065 809 1154 851 xxvr.
1166 792 1202 852 de
1213 795 1429 858 moderationem
1439 803 1468 860 di-

427 893 641 970 sputationibus
661 910 698 951 ex
711 894 775 968 ipsa
789 891 938 966 Scriptura
961 892 1047 967 legit:
1068 917 1080 942 «
1097 891 1129 945 Ei
1145 889 1203 944 ἔστί
1219 913 1260 945 σοι
1275 895 1348 964 λόγος
1365 900 1467 966 συνέσεως,

425 990 595 1064 ἀποκρίθητν,
615 991 695 1065 φησί,
722 993 766 1044 καὶ
787 987 871 1052 addela
896 990 909 1043 ὁ
934 990 1050 1043 κωλύσων
1076 987 1101 1042 εἷ
1118 991 1143 1043 δὲ
1163 991 1202 1063 μή
1225 995 1318 1065 δεσμός
1336 993 1417 1048 releba
1433 1001 1468 1060 ool,

426 1083 524 1138 κείλεσι
541 1123 547 1146 ,
566 1085 586 1140 i.
603 1099 629 1140 e.
646 1081 676 1141 Si
694 1088 738 1141 est
756 1081 811 1140 tibi
828 1097 924 1140 sermo
941 1081 1128 1157 prudentiae,
1148 1083 1304 1160 responde,
1325 1084 1388 1144 dicit
1404 1087 1467 1161 (idel

426 1181 592 1258 Scriptura)
607 1197 661 1239 nec
675 1183 831 1256 quisquam
848 1179 1029 1257 prohibebit,
1044 1179 1128 1238 aliter
1142 1187 1240 1240 autem
1254 1183 1393 1242 vinculum
1403 1189 1470 1260 jaceat

428 1280 514 1338 labiis
531 1281 601 1339 tuis.
615 1304 628 1329 ν

465 1378 603 1437 Oratione
613 1394 722 1435 xxxvi.
737 1376 774 1434 de
781 1375 856 1434 Filio
868 1381 970 1434 contra
977 1375 1149 1451 haereticos,
1160 1377 1211 1452 qui
1220 1375 1378 1452 Scripturas
1384 1396 1470 1440 seusun

425 1476 462 1536 ad
480 1492 549 1535 suas
568 1482 665 1551 partas
689 1473 863 1550 trahebant,
876 1480 906 1532 et
921 1475 1074 1532 veritatem
1091 1473 1271 1550 turbabant,
1286 1475 1393 1535 Baruch
1409 1479 1470 1536 ruba

424 1576 456 1633 in
471 1574 567 1632 medio
584 1575 667 1649 ponit
683 1561 784 1647 utpote
797 1572 967 1648 haereticis,
984 1578 1012 1630 ct
1026 1571 1177 1630 catholicis
1193 1572 1331 1650 probata,
1350 1574 1471 1651 eademque

425 1673 552 1748 explicat
564 1670 737 1748 Gregorius:
758 1669 832 1728 «Sin
846 1671 961 1745 minus,
978 1669 1050 1745 quid
1061 1669 1193 1729 dicturus
1205 1686 1235 1728 es
1251 1670 1289 1728 ad
1303 1687 1365 1746 eos,
1382 1675 1423 1748 qui
1434 1673 1471 1730 alio

427 1771 507 1846 loco,
520 1774 608 1846 juxta
621 1769 667 1844 id,
687 1769 765 1845 quod
780 1785 834 1844 pro
847 1783 952 1826 causae
965 1773 1033 1826 tuae
1045 1766 1236 1826 fundamento
1250 1771 1383 1845 posuisti,
1397 1770 1473 1828 lilim

428 1869 522 1928 solum
541 1868 635 1927 Deum
648 1868 759 1926 dictum
775 1883 837 1926 esse
852 1866 1052 1943 contendunt,
1069 1867 1209 1924 nimirum
1223 1869 1254 1924 in
1274 1867 1331 1926 illis
1344 1868 1435 1943 verbis,
1447 1869 1471 1944 (11

427 1967 477 2025 hic
485 1966 564 2025 Deus
584 1973 669 2041 tuus,
687 1971 716 2024 et
735 1981 796 2024 non
816 1964 1017 2024 aestimabitur
1035 1964 1109 2022 alius
1119 1971 1232 2040 practer
1249 1981 1349 2023 eum.»
1362 1966 1395 2024 Et
1403 1969 1472 2040 paucis

429 2065 600 2140 interjectis:
621 2062 709 2122 «Post
721 2063 793 2122 haec
806 2064 838 2120 in
852 2069 932 2120 terra
944 2064 1026 2122 visus
1039 2068 1083 2121 est
1100 2069 1204 2121 etcum
1217 2061 1379 2121 hominibus
1387 2080 1472 2122 conuu-

428 2167 509 2221 satus
526 2163 585 2221 est?
600 2161 677 2220 Nam
691 2161 769 2251 (prod
786 2176 846 2218 uon
867 2160 902 2219 de
913 2159 1016 2236 Patre,
1036 2159 1088 2218 sed
1107 2159 1143 2218 de
1159 2161 1235 2219 Filio
1248 2178 1342 2220 sermo
1357 2161 1472 2236 habeutu,

427 2259 550 2336 adjectio
570 2259 643 2319 haec
659 2265 757 2334 aperte
774 2258 918 2317 declarat:
935 2257 1017 2340 ·Hic
1035 2258 1113 2316 enim
1126 2263 1189 2334 est,
1209 2261 1261 2334 qui
1279 2274 1471 2335 corporearum

424 2358 539 2416 hiscum
558 2357 798 2416 consuetudinem
825 2357 948 2432 habuit,
977 2355 1135 2431 inferisque
1156 2357 1244 2415 rebus
1262 2361 1421 2434 conjunctus
1437 2363 1471 2414 et:

426 2455 531 2529 ·Quod
544 2458 570 2512 si
583 2455 656 2514 illud
672 2454 847 2530 obtineatur,
862 2455 934 2513 haee
947 2453 1046 2512 verba:
1062 2454 1122 2512 -Et
1136 2471 1197 2512 non
1211 2455 1403 2514 aestimabitur
1413 2455 1470 2512 alius:

431 2552 602 2612 ·Adversus
617 2552 734 2612 Patrem
743 2553 813 2628 dici,
823 2569 883 2611 non
898 2551 1038 2610 adversus
1052 2569 1112 2627 eos,
1123 2555 1175 2628 qui
1187 2553 1264 2611 falsa
1277 2555 1429 2612 mortalium
1438 2554 1474 2625 opi

425 2653 513 2708 nione
529 2650 572 2708 dii
586 2650 750 2726 habentur,
770 2651 849 2726 quod
869 2649 907 2708 ad
926 2648 1044 2708 Patrem
1065 2651 1188 2725 attinet,
1203 2667 1256 2725 per
1273 2667 1307 2710 ea
1324 2653 1415 2726 utiquc
1427 2650 1471 2706 victi

426 2763 539 2824 sumus,
551 2748 657 2825 quibus
671 2749 811 2808 adversus
822 2747 929 2806 Filium
944 2747 1050 2806 obnixe
1061 2747 1296 2808 contendimus.»
1312 2748 1389 2807 Orat.
1400 2763 1470 2806 xxvu.

427 2861 464 2903 ex
478 2844 629 2905 Susannae
643 2847 766 2905 historia
778 2863 830 2921 per
843 2845 995 2904 Danielem
1011 2847 1069 2903 ait:
1092 2869 1104 2894 «ι
1119 2845 1229 2922 Tertio,
1249 2863 1318 2906 cum
1332 2847 1473 2922 exploratur

426 2941 574 3020 babeatis,
590 2945 697 3020 quibus
711 2945 797 3003 malis
815 2960 883 3003 cum
900 2943 938 3001 ab
955 2945 1082 3001 externis
1096 2949 1195 3018 aperto
1210 2960 1266 3003 nos
1282 2944 1358 3003 bello
1370 2945 1472 3001 lacessu-

426 3041 523 3117 tibus,
552 3048 616 3100 tum
634 3043 673 3101 ab
696 3045 818 3101 internis
844 3047 873 3100 et
900 3041 1066 3099 domesticis
1091 3041 1212 3100 insidias
1238 3041 1416 3102 molientibus
1434 3036 1473 3096 alii·

425 3141 559 3216 ciamus,
578 3142 654 3196 'Eheu'
668 3141 693 3194 δὲ
708 3143 774 3197 κατά
786 3146 828 3193 τόν
845 3141 945 3198 Δανιήλ
955 3136 1063 3205 ἐξῆλθεν
1079 3137 1173 3210 οἰνομνά
1183 3140 1212 3192 ἐκ
1225 3139 1399 3214 πρεσβυτέρων
1411 3136 1432 3189 ἕν
1444 3141 1474 3187 llo·

423 3235 553 3310 fiuhcoacf,
573 3236 601 3296 οἳ
614 3240 714 3296 ἐδόκουν
734 3241 824 3313 κρίνειν
832 3237 949 3311 Ἰσραήλ,
959 3236 981 3292 i.
992 3251 1018 3294 θ.
1034 3233 1202 3310 siqnidem,
1210 3239 1301 3310 juxta
1310 3234 1441 3294 Danielem
1451 3231 1457 3304 l
1469 3229 1473 3294 l

424 3347 542 3409 egressa
560 3340 604 3394 est
615 3337 750 3410 impietas
765 3351 783 3392 a
798 3335 963 3394 senioribus
979 3333 1015 3392 de
1029 3334 1198 3411 Babylone,
1211 3337 1262 3410 qui
1277 3334 1437 3393 videbantu
1445 3334 1474 3404 ju·
1492 3377 1493 3382 ,

423 3429 523 3490 dicare
540 3431 641 3490 Israel.
654 3457 679 3504 ,ν
701 3431 782 3490 ldem
802 3431 960 3509 Gregorius
984 3431 1065 3491 Orat.
1088 3447 1172 3489 xxn.
1193 3433 1296 3492 laudes
1322 3429 1474 3491 Machahaco·

427 3543 494 3587 rum
505 3532 626 3605 acapite
640 3530 678 3588 ad
695 3528 783 3588 linem
793 3533 917 3608 peragit.
937 3531 1045 3589 Narrat
1055 3532 1134 3588 euim
1150 3530 1349 3606 ibilllcazari,
1359 3535 1386 3587 ct
1400 3532 1474 3601 septen

424 3625 550 3686 fratrum
572 3644 633 3686 una
661 3645 728 3688 cum
751 3635 844 3688 matre
869 3631 1007 3688 virtutem
1028 3635 1225 3705 praestantem
1243 3631 1276 3686 in
1296 3627 1435 3688 tormentis
1444 3635 1476 3697 pu

421 3726 524 3797 patriis
543 3723 656 3802 legibus
672 3726 869 3802 sustinendiS,
891 3733 978 3802 prout
990 3730 1022 3784 in
1034 3725 1281 3791 Machabaeorum
1303 3725 1384 3784 libris
1399 3719 1473 3792 arcipi·

420 3825 480 3879 tur.
499 3823 616 3896 Quanta
634 3830 732 3883 autem
746 3826 919 3883 auctoritate
932 3824 1009 3883 hanc
1024 3823 1176 3884 historiam
1193 3824 1475 3900 donaverit,postrcnr

422 3923 566 3980 sermonis
592 3921 684 3982 verba
707 3922 900 3998 patefaciunt:
921 3948 934 3974 α
946 3923 1026 3998 llos,
1050 3923 1164 3998 inquit,
1187 3925 1276 3999 igitur
1295 3929 1325 3982 et
1344 3916 1473 3980 Sacerdotes

423 4025 454 4078 et
473 4027 581 4080 mames
601 4027 630 4079 et
648 4021 701 4080 lilii
723 4023 882 4081 imitemur.
904 4021 1072 4080 Sacerdotes
1090 4021 1208 4096 quidem
1227 4023 1258 4078 in
1276 4017 1403 4079 Eleazari
1422 4009 1474 4088 spiss'·

423 4118 513 4177 tualis
528 4121 658 4194 parentis
671 4119 834 4196 honorem,
849 4121 899 4195 qui
912 4137 972 4180 non
986 4119 1073 4178 modo
1087 4135 1237 4195 sermone,
1250 4117 1398 4178 sedetiam
1410 4120 1475 4186 opere,

454 4329 488 4393 (1)
504 4329 601 4381 Baruoh
619 4344 641 4379 o.
655 4333 698 4380 lll.
713 4338 750 4382 36.
764 4356 794 4368 -
805 4330 841 4393 (2)
852 4333 913 4380 Dan.
924 4345 947 4381 c.
960 4333 1026 4382 Xlll.
1042 4337 1064 4380 5.
