<?xml version="1.0" encoding="UTF-8"?>
<!DOCTYPE html PUBLIC "-//W3C//DTD XHTML 1.0 Transitional//EN"
    "http://www.w3.org/TR/xhtml1/DTD/xhtml1-transitional.dtd">
<html xmlns="http://www.w3.org/1999/xhtml" xml:lang="en" lang="en">
 <head>
  <title>
</title>
<meta http-equiv="Content-Type" content="text/html;charset=utf-8" />
  <meta name='ocr-system' content='tesseract 3.04.00' />
  <meta name='ocr-capabilities' content='ocr_page ocr_carea ocr_par ocr_line ocrx_word'/>
</head>
<body>
  <div class='ocr_page' id='page_1' title='image "./sessioquartacon00vincgoog_0278.png"; bbox 0 0 3022 5178; ppageno 0'>
   <div class='ocr_carea' id='block_1_1' title="bbox 549 370 728 428">
    <p class='ocr_par' dir='ltr' id='par_1_1' title="bbox 549 370 728 428">
     <span class='ocr_line' id='line_1_1' title="bbox 549 370 728 428; baseline -0.022 -1"><span class='ocrx_word' id='word_1_1' title='bbox 549 370 728 428; x_wconf 74' lang='lat'><strong>-223-</strong></span> 
     </span>
    </p>
   </div>
   <div class='ocr_carea' id='block_1_2' title="bbox 93 475 1175 1336">
    <p class='ocr_par' dir='ltr' id='par_1_2' title="bbox 93 475 1175 1336">
     <span class='ocr_line' id='line_1_2' title="bbox 102 475 1172 557; baseline 0.004 -19"><span class='ocrx_word' id='word_1_2' title='bbox 102 479 273 557; x_wconf 78' lang='lat' dir='ltr'><strong>Hieronymi</strong></span> <span class='ocrx_word' id='word_1_3' title='bbox 294 475 399 540; x_wconf 82' lang='lat' dir='ltr'><strong>verber</strong></span> <span class='ocrx_word' id='word_1_4' title='bbox 419 476 535 556; x_wconf 80' lang='lat' dir='ltr'><strong>«Legat</strong></span> <span class='ocrx_word' id='word_1_5' title='bbox 554 478 672 556; x_wconf 77' lang='lat' dir='ltr'><strong>qudem</strong></span> <span class='ocrx_word' id='word_1_6' title='bbox 685 476 812 538; x_wconf 82' lang='lat' dir='ltr'><strong>Ecclesia</strong></span> <span class='ocrx_word' id='word_1_7' title='bbox 832 477 870 538; x_wconf 89' lang='lat' dir='ltr'><strong>ad</strong></span> <span class='ocrx_word' id='word_1_8' title='bbox 886 478 1087 540; x_wconf 78' lang='lat' dir='ltr'><strong>informandos</strong></span> <span class='ocrx_word' id='word_1_9' title='bbox 1109 497 1172 542; x_wconf 84' lang='lat' dir='ltr'><strong>rno-</strong></span> 
     </span>
     <span class='ocr_line' id='line_1_3' title="bbox 101 573 1173 652; baseline 0.007 -20"><span class='ocrx_word' id='word_1_10' title='bbox 101 593 161 651; x_wconf 90' lang='lat' dir='ltr'><strong>res,</strong></span> <span class='ocrx_word' id='word_1_11' title='bbox 183 593 242 635; x_wconf 90' lang='lat' dir='ltr'><strong>non</strong></span> <span class='ocrx_word' id='word_1_12' title='bbox 262 573 300 636; x_wconf 88' lang='lat' dir='ltr'><strong>ed</strong></span> <span class='ocrx_word' id='word_1_13' title='bbox 317 574 565 634; x_wconf 81' lang='lat' dir='ltr'><strong>confirmationem</strong></span> <span class='ocrx_word' id='word_1_14' title='bbox 583 591 702 652; x_wconf 84' lang='lat' dir='ltr'><strong>aarum,</strong></span> <span class='ocrx_word' id='word_1_15' title='bbox 727 591 802 652; x_wconf 82' lang='lat' dir='ltr'><strong>quae</strong></span> <span class='ocrx_word' id='word_1_16' title='bbox 823 577 946 636; x_wconf 85' lang='lat' dir='ltr'><strong>veniunt</strong></span> <span class='ocrx_word' id='word_1_17' title='bbox 964 579 996 636; x_wconf 93' lang='lat' dir='ltr'><strong>ln</strong></span> <span class='ocrx_word' id='word_1_18' title='bbox 1012 581 1173 639; x_wconf 85' lang='lat' dir='ltr'><strong>contentio·</strong></span> 
     </span>
     <span class='ocr_line' id='line_1_4' title="bbox 98 671 1175 750; baseline 0.004 -20"><span class='ocrx_word' id='word_1_19' title='bbox 98 689 185 748; x_wconf 88' lang='lat' dir='ltr'><strong>uem,</strong></span> <span class='ocrx_word' id='word_1_20' title='bbox 208 673 284 732; x_wconf 87' lang='lat' dir='ltr'><strong>idest</strong></span> <span class='ocrx_word' id='word_1_21' title='bbox 303 689 414 749; x_wconf 86' lang='lat' dir='ltr'><strong>aarum,</strong></span> <span class='ocrx_word' id='word_1_22' title='bbox 429 674 483 750; x_wconf 87' lang='lat' dir='ltr'><strong>ait,</strong></span> <span class='ocrx_word' id='word_1_23' title='bbox 498 671 725 749; x_wconf 82' lang='lat' dir='ltr'><strong>credendorum,</strong></span> <span class='ocrx_word' id='word_1_24' title='bbox 741 672 778 732; x_wconf 88' lang='lat' dir='ltr'><strong>de</strong></span> <span class='ocrx_word' id='word_1_25' title='bbox 797 671 901 750; x_wconf 88' lang='lat' dir='ltr'><strong>quihus</strong></span> <span class='ocrx_word' id='word_1_26' title='bbox 919 676 995 733; x_wconf 89' lang='lat' dir='ltr'><strong>inter</strong></span> <span class='ocrx_word' id='word_1_27' title='bbox 1011 671 1175 734; x_wconf 79' lang='lat' dir='ltr'><strong>Catholicae</strong></span> 
     </span>
     <span class='ocr_line' id='line_1_5' title="bbox 96 769 1171 847; baseline 0.004 -19"><span class='ocrx_word' id='word_1_28' title='bbox 96 776 126 828; x_wconf 84' lang='lat' dir='ltr'><strong>et</strong></span> <span class='ocrx_word' id='word_1_29' title='bbox 141 770 306 830; x_wconf 86' lang='lat' dir='ltr'><strong>incredulos</strong></span> <span class='ocrx_word' id='word_1_30' title='bbox 322 776 403 830; x_wconf 78' lang='lat' dir='ltr'><strong>extat</strong></span> <span class='ocrx_word' id='word_1_31' title='bbox 417 769 619 846; x_wconf 85' lang='lat' dir='ltr'><strong>dispututlonis</strong></span> <span class='ocrx_word' id='word_1_32' title='bbox 636 772 804 847; x_wconf 89' lang='lat' dir='ltr'><strong>contentio,</strong></span> <span class='ocrx_word' id='word_1_33' title='bbox 824 769 876 830; x_wconf 85' lang='lat' dir='ltr'><strong>sed</strong></span> <span class='ocrx_word' id='word_1_34' title='bbox 896 770 1062 838; x_wconf 83' lang='lat' dir='ltr'><strong>admoram</strong></span> <span class='ocrx_word' id='word_1_35' title='bbox 1081 771 1171 832; x_wconf 85' lang='lat' dir='ltr'><strong>lnior·</strong></span> 
     </span>
     <span class='ocr_line' id='line_1_6' title="bbox 98 866 1170 948; baseline 0.006 -24"><span class='ocrx_word' id='word_1_36' title='bbox 98 869 265 928; x_wconf 89' lang='lat' dir='ltr'><strong>mationem.</strong></span> <span class='ocrx_word' id='word_1_37' title='bbox 280 893 292 918; x_wconf 73' lang='grc' dir='ltr'><strong>υ</strong></span> <span class='ocrx_word' id='word_1_38' title='bbox 307 866 441 944; x_wconf 80' lang='lat' dir='ltr'><strong>Sequitur</strong></span> <span class='ocrx_word' id='word_1_39' title='bbox 458 866 562 928; x_wconf 84' lang='lat' dir='ltr'><strong>delude</strong></span> <span class='ocrx_word' id='word_1_40' title='bbox 574 873 692 928; x_wconf 89' lang='lat' dir='ltr'><strong>sanctus</strong></span> <span class='ocrx_word' id='word_1_41' title='bbox 709 867 810 928; x_wconf 90' lang='lat' dir='ltr'><strong>doctor</strong></span> <span class='ocrx_word' id='word_1_42' title='bbox 822 867 994 948; x_wconf 82' lang='lat' dir='ltr'><strong>Hieronymi</strong></span> <span class='ocrx_word' id='word_1_43' title='bbox 1017 867 1114 929; x_wconf 84' lang='lat' dir='ltr'><strong>verbis</strong></span> <span class='ocrx_word' id='word_1_44' title='bbox 1128 872 1170 930; x_wconf 91' lang='lat' dir='ltr'><strong>ln·</strong></span> 
     </span>
     <span class='ocr_line' id='line_1_7' title="bbox 96 963 1170 1046; baseline 0.004 -24"><span class='ocrx_word' id='word_1_45' title='bbox 96 967 184 1024; x_wconf 69' lang='lat' dir='ltr'><strong>uuus</strong></span> <span class='ocrx_word' id='word_1_46' title='bbox 201 964 239 1024; x_wconf 87' lang='lat' dir='ltr'><strong>de</strong></span> <span class='ocrx_word' id='word_1_47' title='bbox 256 963 331 1024; x_wconf 92' lang='lat' dir='ltr'><strong>libro</strong></span> <span class='ocrx_word' id='word_1_48' title='bbox 349 963 467 1024; x_wconf 79' lang='lat' dir='ltr'><strong>iudith:</strong></span> <span class='ocrx_word' id='word_1_49' title='bbox 486 963 566 1026; x_wconf 77' lang='lat' dir='ltr'><strong>«Sed</strong></span> <span class='ocrx_word' id='word_1_50' title='bbox 579 968 649 1042; x_wconf 88' lang='lat' dir='ltr'><strong>qula</strong></span> <span class='ocrx_word' id='word_1_51' title='bbox 667 965 746 1026; x_wconf 93' lang='lat' dir='ltr'><strong>hunc</strong></span> <span class='ocrx_word' id='word_1_52' title='bbox 762 966 871 1026; x_wconf 87' lang='lat' dir='ltr'><strong>librum</strong></span> <span class='ocrx_word' id='word_1_53' title='bbox 884 966 1013 1046; x_wconf 86' lang='lat' dir='ltr'><strong>synodus</strong></span> <span class='ocrx_word' id='word_1_54' title='bbox 1032 969 1170 1043; x_wconf 78' lang='lat' dir='ltr'><strong>masena,</strong></span> 
     </span>
     <span class='ocr_line' id='line_1_8' title="bbox 94 1061 1170 1141; baseline 0.005 -23"><span class='ocrx_word' id='word_1_55' title='bbox 94 1064 125 1118; x_wconf 89' lang='lat' dir='ltr'><strong>in</strong></span> <span class='ocrx_word' id='word_1_56' title='bbox 136 1079 260 1122; x_wconf 83' lang='lat' dir='ltr'><strong>nurnero</strong></span> <span class='ocrx_word' id='word_1_57' title='bbox 274 1069 441 1122; x_wconf 79' lang='lat' dir='ltr'><strong>amotarum</strong></span> <span class='ocrx_word' id='word_1_58' title='bbox 456 1061 670 1140; x_wconf 86' lang='lat' dir='ltr'><strong>Scripturarum</strong></span> <span class='ocrx_word' id='word_1_59' title='bbox 687 1063 793 1141; x_wconf 81' lang='lat' dir='ltr'><strong>legitur</strong></span> <span class='ocrx_word' id='word_1_60' title='bbox 812 1071 1018 1140; x_wconf 77' lang='lat' dir='ltr'><strong>computasse»</strong></span> <span class='ocrx_word' id='word_1_61' title='bbox 1046 1063 1170 1124; x_wconf 88' lang='lat' dir='ltr'><strong>Canoni-</strong></span> 
     </span>
     <span class='ocr_line' id='line_1_9' title="bbox 93 1159 1165 1238; baseline 0.004 -22"><span class='ocrx_word' id='word_1_62' title='bbox 93 1161 211 1218; x_wconf 86' lang='lat' dir='ltr'><strong>citatem</strong></span> <span class='ocrx_word' id='word_1_63' title='bbox 229 1159 336 1218; x_wconf 83' lang='lat' dir='ltr'><strong>Tobiae</strong></span> <span class='ocrx_word' id='word_1_64' title='bbox 354 1167 383 1220; x_wconf 92' lang='lat' dir='ltr'><strong>ct</strong></span> <span class='ocrx_word' id='word_1_65' title='bbox 397 1159 499 1220; x_wconf 79' lang='lat' dir='ltr'><strong>iudith</strong></span> <span class='ocrx_word' id='word_1_66' title='bbox 512 1161 710 1220; x_wconf 86' lang='lat' dir='ltr'><strong>demonstrare</strong></span> <span class='ocrx_word' id='word_1_67' title='bbox 727 1162 829 1222; x_wconf 83' lang='lat' dir='ltr'><strong>volens</strong></span> <span class='ocrx_word' id='word_1_68' title='bbox 847 1164 903 1222; x_wconf 88' lang='lat' dir='ltr'><strong>ait:</strong></span> <span class='ocrx_word' id='word_1_69' title='bbox 923 1187 936 1213; x_wconf 90' lang='lat'>«</span> <span class='ocrx_word' id='word_1_70' title='bbox 948 1161 1071 1238; x_wconf 82' lang='lat' dir='ltr'><strong>Sanctae</strong></span> <span class='ocrx_word' id='word_1_71' title='bbox 1089 1161 1165 1222; x_wconf 86' lang='lat' dir='ltr'><strong>Scri·</strong></span> 
     </span>
     <span class='ocr_line' id='line_1_10' title="bbox 93 1257 1170 1336; baseline 0.002 -20"><span class='ocrx_word' id='word_1_72' title='bbox 93 1263 198 1330; x_wconf 89' lang='lat' dir='ltr'><strong>pturue</strong></span> <span class='ocrx_word' id='word_1_73' title='bbox 210 1263 352 1318; x_wconf 87' lang='lat' dir='ltr'><strong>vocantur</strong></span> <span class='ocrx_word' id='word_1_74' title='bbox 365 1257 545 1334; x_wconf 66' lang='lat' dir='ltr'><strong>monime,</strong></span> <span class='ocrx_word' id='word_1_75' title='bbox 562 1274 631 1336; x_wconf 83' lang='lat' dir='ltr'><strong>ergo</strong></span> <span class='ocrx_word' id='word_1_76' title='bbox 644 1265 674 1318; x_wconf 90' lang='lat' dir='ltr'><strong>et</strong></span> <span class='ocrx_word' id='word_1_77' title='bbox 687 1257 761 1319; x_wconf 91' lang='lat' dir='ltr'><strong>liber</strong></span> <span class='ocrx_word' id='word_1_78' title='bbox 777 1257 891 1334; x_wconf 75' lang='lat' dir='ltr'><strong>tenth,</strong></span> <span class='ocrx_word' id='word_1_79' title='bbox 905 1266 935 1319; x_wconf 90' lang='lat' dir='ltr'><strong>et</strong></span> <span class='ocrx_word' id='word_1_80' title='bbox 948 1258 1072 1335; x_wconf 80' lang='lat' dir='ltr'>Tobiae,</span> <span class='ocrx_word' id='word_1_81' title='bbox 1082 1261 1170 1335; x_wconf 78' lang='lat' dir='ltr'><strong>Juxta</strong></span> 
     </span>
    </p>
   </div>
   <div class='ocr_carea' id='block_1_3' title="bbox 1 1353 1215 1530">
    <p class='ocr_par' dir='ltr' id='par_1_3' title="bbox 1 1353 1215 1530">
     <span class='ocr_line' id='line_1_11' title="bbox 1 1353 1215 1432; baseline 0.003 -20"><span class='ocrx_word' id='word_1_82' title='bbox 1 1389 3 1426; x_wconf 69' lang='lat'><strong>,</strong></span> <span class='ocrx_word' id='word_1_83' title='bbox 97 1355 253 1412; x_wconf 88' lang='lat' dir='ltr'><strong>nicaenum</strong></span> <span class='ocrx_word' id='word_1_84' title='bbox 270 1353 425 1414; x_wconf 87' lang='lat' dir='ltr'><strong>concilium</strong></span> <span class='ocrx_word' id='word_1_85' title='bbox 442 1357 517 1414; x_wconf 87' lang='lat' dir='ltr'><strong>inter</strong></span> <span class='ocrx_word' id='word_1_86' title='bbox 539 1354 700 1416; x_wconf 77' lang='lat' dir='ltr'><strong>canonicas</strong></span> <span class='ocrx_word' id='word_1_87' title='bbox 714 1355 878 1432; x_wconf 78' lang='lat' dir='ltr'><strong>Scripturas</strong></span> <span class='ocrx_word' id='word_1_88' title='bbox 894 1355 1044 1416; x_wconf 76' lang='lat' dir='ltr'><strong>habundus</strong></span> <span class='ocrx_word' id='word_1_89' title='bbox 1063 1362 1143 1416; x_wconf 79' lang='lat' dir='ltr'><strong>est.»</strong></span> <span class='ocrx_word' id='word_1_90' title='bbox 1211 1355 1215 1362; x_wconf 83' lang='grc'><strong>’</strong></span> 
     </span>
     <span class='ocr_line' id='line_1_12' title="bbox 1 1451 1169 1530; baseline 0.003 -21"><span class='ocrx_word' id='word_1_91' title='bbox 1 1515 3 1522; x_wconf 49' lang='lat'>‚</span> <span class='ocrx_word' id='word_1_92' title='bbox 132 1451 162 1526; x_wconf 79' lang='lat' dir='ltr'><strong>s.</strong></span> <span class='ocrx_word' id='word_1_93' title='bbox 185 1451 321 1513; x_wconf 85' lang='lat' dir='ltr'>XXXVI.</span> <span class='ocrx_word' id='word_1_94' title='bbox 352 1454 474 1512; x_wconf 78' lang='lat' dir='ltr'><strong>Ineunte</strong></span> <span class='ocrx_word' id='word_1_95' title='bbox 492 1454 608 1514; x_wconf 87' lang='lat' dir='ltr'><strong>saeculo</strong></span> <span class='ocrx_word' id='word_1_96' title='bbox 629 1454 742 1514; x_wconf 89' lang='lat' dir='ltr'><strong>decimo</strong></span> <span class='ocrx_word' id='word_1_97' title='bbox 761 1456 863 1530; x_wconf 84' lang='lat' dir='ltr'><strong>quinto</strong></span> <span class='ocrx_word' id='word_1_98' title='bbox 886 1455 1039 1514; x_wconf 67' lang='lat' dir='ltr'><strong>sanctitate</strong></span> <span class='ocrx_word' id='word_1_99' title='bbox 1062 1467 1097 1512; x_wconf 90' lang='lat' dir='ltr'><strong>ac</strong></span> <span class='ocrx_word' id='word_1_100' title='bbox 1118 1453 1169 1512; x_wconf 86' lang='lat' dir='ltr'><strong>do·</strong></span> 
     </span>
    </p>
   </div>
   <div class='ocr_carea' id='block_1_4' title="bbox 92 1549 1171 1630">
    <p class='ocr_par' dir='ltr' id='par_1_4' title="bbox 92 1549 1171 1630">
     <span class='ocr_line' id='line_1_13' title="bbox 92 1549 1171 1630; baseline 0.003 -24"><span class='ocrx_word' id='word_1_101' title='bbox 92 1551 190 1609; x_wconf 87' lang='lat' dir='ltr'><strong>ctrina</strong></span> <span class='ocrx_word' id='word_1_102' title='bbox 209 1553 382 1626; x_wconf 88' lang='lat' dir='ltr'><strong>conspicuus</strong></span> <span class='ocrx_word' id='word_1_103' title='bbox 395 1549 539 1612; x_wconf 79' lang='lat' dir='ltr'><strong>scribebat</strong></span> <span class='ocrx_word' id='word_1_104' title='bbox 556 1557 675 1612; x_wconf 90' lang='lat' dir='ltr'><strong>sanctus</strong></span> <span class='ocrx_word' id='word_1_105' title='bbox 698 1550 864 1610; x_wconf 79' lang='lat' dir='ltr'><strong>Antoninus</strong></span> <span class='ocrx_word' id='word_1_106' title='bbox 881 1550 1044 1610; x_wconf 85' lang='lat' dir='ltr'><strong>Florentiae</strong></span> <span class='ocrx_word' id='word_1_107' title='bbox 1063 1549 1171 1630; x_wconf 80' lang='lat' dir='ltr'><strong>archie-</strong></span> 
     </span>
    </p>
   </div>
   <div class='ocr_carea' id='block_1_5' title="bbox 1 1647 1169 1726">
    <p class='ocr_par' dir='ltr' id='par_1_5' title="bbox 1 1647 1169 1726">
     <span class='ocr_line' id='line_1_14' title="bbox 1 1647 1169 1726; baseline 0.012 -23"><span class='ocrx_word' id='word_1_108' title='bbox 1 1685 3 1720; x_wconf 72' lang='lat'><strong>,</strong></span> <span class='ocrx_word' id='word_1_109' title='bbox 93 1649 247 1723; x_wconf 90' lang='lat' dir='ltr'><strong>piscoputu</strong></span> <span class='ocrx_word' id='word_1_110' title='bbox 268 1647 403 1725; x_wconf 82' lang='lat' dir='ltr'><strong>fungens.</strong></span> <span class='ocrx_word' id='word_1_111' title='bbox 430 1649 519 1710; x_wconf 86' lang='lat' dir='ltr'><strong>Varia</strong></span> <span class='ocrx_word' id='word_1_112' title='bbox 540 1651 647 1726; x_wconf 86' lang='lat' dir='ltr'><strong>scripto</strong></span> <span class='ocrx_word' id='word_1_113' title='bbox 672 1648 843 1725; x_wconf 88' lang='lat' dir='ltr'><strong>mandavit,</strong></span> <span class='ocrx_word' id='word_1_114' title='bbox 866 1651 897 1710; x_wconf 93' lang='lat' dir='ltr'><strong>in</strong></span> <span class='ocrx_word' id='word_1_115' title='bbox 914 1649 1020 1726; x_wconf 80' lang='lat' dir='ltr'><strong>qulbus</strong></span> <span class='ocrx_word' id='word_1_116' title='bbox 1036 1653 1169 1716; x_wconf 52' lang='lat' dir='ltr'><strong>temdus</strong></span> 
     </span>
    </p>
   </div>
   <div class='ocr_carea' id='block_1_6' title="bbox 92 1743 1170 1922">
    <p class='ocr_par' dir='ltr' id='par_1_6' title="bbox 92 1743 1170 1922">
     <span class='ocr_line' id='line_1_15' title="bbox 92 1743 1168 1824; baseline 0.001 -20"><span class='ocrx_word' id='word_1_117' title='bbox 92 1743 275 1822; x_wconf 88' lang='lat' dir='ltr'><strong>Chronicou,</strong></span> <span class='ocrx_word' id='word_1_118' title='bbox 296 1752 326 1805; x_wconf 88' lang='lat' dir='ltr'><strong>et</strong></span> <span class='ocrx_word' id='word_1_119' title='bbox 343 1745 461 1808; x_wconf 85' lang='lat' dir='ltr'><strong>Summa</strong></span> <span class='ocrx_word' id='word_1_120' title='bbox 474 1745 648 1808; x_wconf 85' lang='lat' dir='ltr'><strong>Doctrinalis</strong></span> <span class='ocrx_word' id='word_1_121' title='bbox 664 1750 816 1824; x_wconf 88' lang='lat' dir='ltr'><strong>utriusque</strong></span> <span class='ocrx_word' id='word_1_122' title='bbox 834 1747 1019 1824; x_wconf 82' lang='lat' dir='ltr'><strong>Theologiae,</strong></span> <span class='ocrx_word' id='word_1_123' title='bbox 1038 1745 1168 1822; x_wconf 89' lang='lat' dir='ltr'><strong>specula-</strong></span> 
     </span>
     <span class='ocr_line' id='line_1_16' title="bbox 92 1842 1170 1922; baseline 0.004 -22"><span class='ocrx_word' id='word_1_124' title='bbox 92 1845 172 1902; x_wconf 86' lang='lat' dir='ltr'><strong>tivae</strong></span> <span class='ocrx_word' id='word_1_125' title='bbox 185 1844 366 1919; x_wconf 84' lang='lat' dir='ltr'><strong>nirnlrum,et</strong></span> <span class='ocrx_word' id='word_1_126' title='bbox 376 1845 736 1922; x_wconf 86' lang='lat' dir='ltr'><strong>practicae,sivemoralis.</strong></span> <span class='ocrx_word' id='word_1_127' title='bbox 753 1844 860 1906; x_wconf 86' lang='lat' dir='ltr'><strong>Omnes</strong></span> <span class='ocrx_word' id='word_1_128' title='bbox 875 1844 954 1907; x_wconf 87' lang='lat' dir='ltr'><strong>illius</strong></span> <span class='ocrx_word' id='word_1_129' title='bbox 964 1844 1031 1906; x_wconf 89' lang='lat' dir='ltr'><strong>libri</strong></span> <span class='ocrx_word' id='word_1_130' title='bbox 1043 1842 1170 1920; x_wconf 89' lang='lat' dir='ltr'><strong>Scriptu-</strong></span> 
     </span>
    </p>
   </div>
   <div class='ocr_carea' id='block_1_7' title="bbox 1 1941 1169 2026">
    <p class='ocr_par' dir='ltr' id='par_1_7' title="bbox 1 1941 1169 2026">
     <span class='ocr_line' id='line_1_17' title="bbox 1 1941 1169 2026; baseline 0.003 -30"><span class='ocrx_word' id='word_1_131' title='bbox 1 2009 3 2015; x_wconf 93' lang='lat'>.</span> <span class='ocrx_word' id='word_1_132' title='bbox 94 1955 195 1998; x_wconf 87' lang='lat' dir='ltr'><strong>rarum</strong></span> <span class='ocrx_word' id='word_1_133' title='bbox 208 1941 380 2000; x_wconf 83' lang='lat' dir='ltr'><strong>testimoniis</strong></span> <span class='ocrx_word' id='word_1_134' title='bbox 394 1941 516 2002; x_wconf 80' lang='lat' dir='ltr'><strong>ronterii</strong></span> <span class='ocrx_word' id='word_1_135' title='bbox 529 1949 598 2002; x_wconf 77' lang='lat' dir='ltr'><strong>sum</strong></span> <span class='ocrx_word' id='word_1_136' title='bbox 609 1949 672 2002; x_wconf 91' lang='lat' dir='ltr'><strong>tum</strong></span> <span class='ocrx_word' id='word_1_137' title='bbox 685 1943 814 2020; x_wconf 81' lang='lat' dir='ltr'><strong>illarum,</strong></span> <span class='ocrx_word' id='word_1_138' title='bbox 826 1956 901 2026; x_wconf 82' lang='lat' dir='ltr'><strong>quae</strong></span> <span class='ocrx_word' id='word_1_139' title='bbox 917 1941 1054 2002; x_wconf 88' lang='lat' dir='ltr'><strong>dicuntur</strong></span> <span class='ocrx_word' id='word_1_140' title='bbox 1067 1941 1169 2000; x_wconf 89' lang='lat' dir='ltr'><strong>Proto·</strong></span> 
     </span>
    </p>
   </div>
   <div class='ocr_carea' id='block_1_8' title="bbox 89 2036 1168 2408">
    <p class='ocr_par' dir='ltr' id='par_1_8' title="bbox 89 2036 1168 2408">
     <span class='ocr_line' id='line_1_18' title="bbox 91 2036 1168 2116; baseline 0.002 -20"><span class='ocrx_word' id='word_1_141' title='bbox 91 2036 266 2114; x_wconf 79' lang='lat' dir='ltr'><strong>canonicae,</strong></span> <span class='ocrx_word' id='word_1_142' title='bbox 278 2055 345 2097; x_wconf 83' lang='lat' dir='ltr'><strong>cunr</strong></span> <span class='ocrx_word' id='word_1_143' title='bbox 359 2055 471 2114; x_wconf 79' lang='lat' dir='ltr'><strong>eanum,</strong></span> <span class='ocrx_word' id='word_1_144' title='bbox 483 2055 558 2116; x_wconf 88' lang='lat' dir='ltr'><strong>quae</strong></span> <span class='ocrx_word' id='word_1_145' title='bbox 570 2038 870 2099; x_wconf 84' lang='lat' dir='ltr'><strong>Dantem-Canonicae</strong></span> <span class='ocrx_word' id='word_1_146' title='bbox 886 2039 1078 2114; x_wconf 81' lang='lat' dir='ltr'><strong>appellantur,</strong></span> <span class='ocrx_word' id='word_1_147' title='bbox 1094 2053 1168 2114; x_wconf 86' lang='lat' dir='ltr'><strong>quus</strong></span> 
     </span>
     <span class='ocr_line' id='line_1_19' title="bbox 91 2133 1166 2212; baseline 0.001 -21"><span class='ocrx_word' id='word_1_148' title='bbox 91 2133 140 2192; x_wconf 88' lang='lat' dir='ltr'><strong>bic</strong></span> <span class='ocrx_word' id='word_1_149' title='bbox 152 2151 308 2196; x_wconf 88' lang='lat' dir='ltr'><strong>numerare</strong></span> <span class='ocrx_word' id='word_1_150' title='bbox 320 2153 431 2196; x_wconf 81' lang='lat' dir='ltr'><strong>raurun</strong></span> <span class='ocrx_word' id='word_1_151' title='bbox 441 2141 527 2196; x_wconf 85' lang='lat' dir='ltr'><strong>esset.</strong></span> <span class='ocrx_word' id='word_1_152' title='bbox 544 2136 673 2196; x_wconf 85' lang='lat' dir='ltr'><strong>Noverat</strong></span> <span class='ocrx_word' id='word_1_153' title='bbox 684 2135 802 2212; x_wconf 88' lang='lat' dir='ltr'><strong>quidem</strong></span> <span class='ocrx_word' id='word_1_154' title='bbox 815 2134 901 2194; x_wconf 87' lang='lat' dir='ltr'><strong>divus</strong></span> <span class='ocrx_word' id='word_1_155' title='bbox 914 2133 1079 2194; x_wconf 72' lang='lat' dir='ltr'><strong>muninus</strong></span> <span class='ocrx_word' id='word_1_156' title='bbox 1092 2149 1166 2210; x_wconf 86' lang='lat' dir='ltr'><strong>quas</strong></span> 
     </span>
     <span class='ocr_line' id='line_1_20' title="bbox 89 2231 1166 2311; baseline 0 -21"><span class='ocrx_word' id='word_1_157' title='bbox 89 2231 256 2308; x_wconf 86' lang='lat' dir='ltr'><strong>Scripturas</strong></span> <span class='ocrx_word' id='word_1_158' title='bbox 273 2233 390 2294; x_wconf 85' lang='lat' dir='ltr'><strong>hebraei</strong></span> <span class='ocrx_word' id='word_1_159' title='bbox 407 2234 582 2311; x_wconf 86' lang='lat' dir='ltr'><strong>recipiebant</strong></span> <span class='ocrx_word' id='word_1_160' title='bbox 598 2241 627 2294; x_wconf 87' lang='lat' dir='ltr'><strong>et</strong></span> <span class='ocrx_word' id='word_1_161' title='bbox 646 2233 816 2309; x_wconf 87' lang='lat' dir='ltr'><strong>christiani,</strong></span> <span class='ocrx_word' id='word_1_162' title='bbox 837 2247 968 2309; x_wconf 83' lang='lat' dir='ltr'><strong>quaeque</strong></span> <span class='ocrx_word' id='word_1_163' title='bbox 982 2231 1019 2292; x_wconf 86' lang='lat' dir='ltr'><strong>ab</strong></span> <span class='ocrx_word' id='word_1_164' title='bbox 1038 2232 1109 2306; x_wconf 86' lang='lat' dir='ltr'><strong>ipsis</strong></span> <span class='ocrx_word' id='word_1_165' title='bbox 1118 2234 1166 2307; x_wconf 85' lang='lat' dir='ltr'><strong>y&#39;u·</strong></span> 
     </span>
     <span class='ocr_line' id='line_1_21' title="bbox 90 2327 1167 2408; baseline -0.002 -20"><span class='ocrx_word' id='word_1_166' title='bbox 90 2327 171 2388; x_wconf 86' lang='lat' dir='ltr'><strong>‹laeis</strong></span> <span class='ocrx_word' id='word_1_167' title='bbox 185 2331 404 2407; x_wconf 87' lang='lat' dir='ltr'><strong>respuebantur,</strong></span> <span class='ocrx_word' id='word_1_168' title='bbox 423 2349 443 2393; x_wconf 89' lang='lat' dir='ltr'><strong>a</strong></span> <span class='ocrx_word' id='word_1_169' title='bbox 460 2331 694 2392; x_wconf 75' lang='lat' dir='ltr'><strong>christifidelibus</strong></span> <span class='ocrx_word' id='word_1_170' title='bbox 708 2347 778 2390; x_wconf 85' lang='lat' dir='ltr'><strong>vero</strong></span> <span class='ocrx_word' id='word_1_171' title='bbox 797 2336 940 2408; x_wconf 87' lang='lat' dir='ltr'><strong>acceptae.</strong></span> <span class='ocrx_word' id='word_1_172' title='bbox 957 2330 994 2388; x_wconf 89' lang='lat' dir='ltr'><strong>Et</strong></span> <span class='ocrx_word' id='word_1_173' title='bbox 1011 2329 1067 2388; x_wconf 88' lang='lat' dir='ltr'><strong>hoc</strong></span> <span class='ocrx_word' id='word_1_174' title='bbox 1084 2333 1167 2387; x_wconf 87' lang='lat' dir='ltr'><strong>notat</strong></span> 
     </span>
    </p>
   </div>
   <div class='ocr_carea' id='block_1_9' title="bbox 88 2429 1167 2605">
    <p class='ocr_par' dir='ltr' id='par_1_9' title="bbox 88 2429 1167 2605">
     <span class='ocr_line' id='line_1_22' title="bbox 90 2429 1167 2505; baseline -0.002 -18"><span class='ocrx_word' id='word_1_175' title='bbox 90 2432 219 2488; x_wconf 80' lang='lat' dir='ltr'><strong>maxime</strong></span> <span class='ocrx_word' id='word_1_176' title='bbox 235 2433 267 2488; x_wconf 90' lang='lat' dir='ltr'><strong>in</strong></span> <span class='ocrx_word' id='word_1_177' title='bbox 287 2447 341 2490; x_wconf 92' lang='lat' dir='ltr'><strong>suo</strong></span> <span class='ocrx_word' id='word_1_178' title='bbox 358 2431 502 2492; x_wconf 84' lang='lat' dir='ltr'><strong>Chronico</strong></span> <span class='ocrx_word' id='word_1_179' title='bbox 518 2432 555 2491; x_wconf 88' lang='lat' dir='ltr'><strong>de</strong></span> <span class='ocrx_word' id='word_1_180' title='bbox 571 2430 653 2492; x_wconf 86' lang='lat' dir='ltr'><strong>libris</strong></span> <span class='ocrx_word' id='word_1_181' title='bbox 664 2429 924 2505; x_wconf 66' lang='lat' dir='ltr'><strong>Macchabaeorum</strong></span> <span class='ocrx_word' id='word_1_182' title='bbox 946 2431 988 2488; x_wconf 89' lang='lat' dir='ltr'><strong>ait</strong></span> <span class='ocrx_word' id='word_1_183' title='bbox 1004 2431 1083 2488; x_wconf 85' lang='lat' dir='ltr'><strong>enim</strong></span> <span class='ocrx_word' id='word_1_184' title='bbox 1100 2429 1167 2486; x_wconf 90' lang='lat' dir='ltr'><strong>illos</strong></span> 
     </span>
     <span class='ocr_line' id='line_1_23' title="bbox 88 2524 1165 2605; baseline 0.001 -20"><span class='ocrx_word' id='word_1_185' title='bbox 88 2527 180 2586; x_wconf 86' lang='lat' dir='ltr'><strong>libros</strong></span> <span class='ocrx_word' id='word_1_186' title='bbox 197 2545 215 2588; x_wconf 90' lang='lat' dir='ltr'><strong>a</strong></span> <span class='ocrx_word' id='word_1_187' title='bbox 230 2529 344 2604; x_wconf 87' lang='lat' dir='ltr'><strong>judaeis</strong></span> <span class='ocrx_word' id='word_1_188' title='bbox 360 2547 420 2588; x_wconf 89' lang='lat' dir='ltr'><strong>non</strong></span> <span class='ocrx_word' id='word_1_189' title='bbox 437 2531 546 2605; x_wconf 87' lang='lat' dir='ltr'><strong>accipi,</strong></span> <span class='ocrx_word' id='word_1_190' title='bbox 569 2531 699 2605; x_wconf 86' lang='lat' dir='ltr'><strong>accipere</strong></span> <span class='ocrx_word' id='word_1_191' title='bbox 715 2545 785 2589; x_wconf 87' lang='lat' dir='ltr'><strong>vero</strong></span> <span class='ocrx_word' id='word_1_192' title='bbox 799 2529 959 2587; x_wconf 85' lang='lat' dir='ltr'><strong>Ecclesiam</strong></span> <span class='ocrx_word' id='word_1_193' title='bbox 977 2527 1095 2586; x_wconf 81' lang='lat' dir='ltr'><strong>Christi.</strong></span> <span class='ocrx_word' id='word_1_194' title='bbox 1112 2524 1165 2586; x_wconf 91' lang='lat' dir='ltr'><strong>At·</strong></span> 
     </span>
    </p>
   </div>
   <div class='ocr_carea' id='block_1_10' title="bbox 1 2623 1164 2897">
    <p class='ocr_par' dir='ltr' id='par_1_10' title="bbox 1 2623 1164 2897">
     <span class='ocr_line' id='line_1_24' title="bbox 88 2623 1161 2702; baseline 0 -18"><span class='ocrx_word' id='word_1_195' title='bbox 88 2631 187 2684; x_wconf 85' lang='lat' dir='ltr'><strong>tamen</strong></span> <span class='ocrx_word' id='word_1_196' title='bbox 209 2626 466 2687; x_wconf 84' lang='lat' dir='ltr'><strong>animadvertenda</strong></span> <span class='ocrx_word' id='word_1_197' title='bbox 479 2632 548 2688; x_wconf 89' lang='lat' dir='ltr'><strong>sunt</strong></span> <span class='ocrx_word' id='word_1_198' title='bbox 561 2642 636 2702; x_wconf 90' lang='lat' dir='ltr'><strong>quae</strong></span> <span class='ocrx_word' id='word_1_199' title='bbox 651 2632 769 2686; x_wconf 89' lang='lat' dir='ltr'><strong>sanctus</strong></span> <span class='ocrx_word' id='word_1_200' title='bbox 782 2625 867 2684; x_wconf 91' lang='lat' dir='ltr'><strong>titulo</strong></span> <span class='ocrx_word' id='word_1_201' title='bbox 880 2641 976 2683; x_wconf 85' lang='lat' dir='ltr'><strong>xvrn.</strong></span> <span class='ocrx_word' id='word_1_202' title='bbox 992 2641 1057 2700; x_wconf 87' lang='lat' dir='ltr'><strong>cap.</strong></span> <span class='ocrx_word' id='word_1_203' title='bbox 1074 2632 1103 2683; x_wconf 85' lang='grc'><strong>6.</strong></span> <span class='ocrx_word' id='word_1_204' title='bbox 1120 2623 1161 2699; x_wconf 74' lang='lat' dir='ltr'><strong>(tl</strong></span> 
     </span>
     <span class='ocr_line' id='line_1_25' title="bbox 1 2721 1163 2804; baseline 0.003 -25"><span class='ocrx_word' id='word_1_205' title='bbox 1 2765 8 2804; x_wconf 81' lang='lat'><strong>,</strong></span> <span class='ocrx_word' id='word_1_206' title='bbox 88 2721 124 2780; x_wconf 87' lang='lat' dir='ltr'><strong>de</strong></span> <span class='ocrx_word' id='word_1_207' title='bbox 137 2721 284 2783; x_wconf 86' lang='lat' dir='ltr'><strong>Dilatione</strong></span> <span class='ocrx_word' id='word_1_208' title='bbox 296 2724 518 2800; x_wconf 87' lang='lat' dir='ltr'><strong>praedicationis</strong></span> <span class='ocrx_word' id='word_1_209' title='bbox 530 2726 646 2800; x_wconf 89' lang='lat' dir='ltr'><strong>scripsit</strong></span> <span class='ocrx_word' id='word_1_210' title='bbox 657 2725 689 2782; x_wconf 92' lang='lat' dir='ltr'><strong>in</strong></span> <span class='ocrx_word' id='word_1_211' title='bbox 705 2724 756 2783; x_wconf 91' lang='lat' dir='ltr'><strong>illa</strong></span> <span class='ocrx_word' id='word_1_212' title='bbox 767 2723 938 2801; x_wconf 86' lang='lat' dir='ltr'><strong>Hieronymi</strong></span> <span class='ocrx_word' id='word_1_213' title='bbox 946 2722 1050 2782; x_wconf 91' lang='lat' dir='ltr'><strong>verba:</strong></span> <span class='ocrx_word' id='word_1_214' title='bbox 1074 2747 1087 2773; x_wconf 73' lang='lat' dir='ltr'><strong>a</strong></span> <span class='ocrx_word' id='word_1_215' title='bbox 1106 2721 1163 2782; x_wconf 82' lang='lat' dir='ltr'><strong>Seu</strong></span> 
     </span>
     <span class='ocr_line' id='line_1_26' title="bbox 87 2820 1164 2897; baseline 0.001 -19"><span class='ocrx_word' id='word_1_216' title='bbox 87 2827 186 2879; x_wconf 87' lang='lat' dir='ltr'><strong>tamen</strong></span> <span class='ocrx_word' id='word_1_217' title='bbox 198 2820 329 2896; x_wconf 86' lang='lat' dir='ltr'><strong>synodus</strong></span> <span class='ocrx_word' id='word_1_218' title='bbox 341 2823 463 2882; x_wconf 79' lang='lat' dir='ltr'><strong>mcaena</strong></span> <span class='ocrx_word' id='word_1_219' title='bbox 477 2824 508 2880; x_wconf 91' lang='lat' dir='ltr'><strong>iu</strong></span> <span class='ocrx_word' id='word_1_220' title='bbox 525 2837 646 2882; x_wconf 81' lang='lat' dir='ltr'><strong>nmnsro</strong></span> <span class='ocrx_word' id='word_1_221' title='bbox 664 2837 813 2882; x_wconf 87' lang='lat' dir='ltr'><strong>sacrarum</strong></span> <span class='ocrx_word' id='word_1_222' title='bbox 829 2820 1043 2896; x_wconf 84' lang='lat' dir='ltr'><strong>Scripturarum</strong></span> <span class='ocrx_word' id='word_1_223' title='bbox 1058 2820 1164 2897; x_wconf 81' lang='lat' dir='ltr'><strong>legitur</strong></span> 
     </span>
    </p>
   </div>
   <div class='ocr_carea' id='block_1_11' title="bbox 0 2917 1159 2996">
    <p class='ocr_par' dir='ltr' id='par_1_11' title="bbox 0 2917 1159 2996">
     <span class='ocr_line' id='line_1_27' title="bbox 0 2917 1159 2996; baseline -0.001 -20"><span class='ocrx_word' id='word_1_224' title='bbox 0 2981 4 2992; x_wconf 62' lang='grc'><em>,</em></span> <span class='ocrx_word' id='word_1_225' title='bbox 86 2923 303 2994; x_wconf 75' lang='lat' dir='ltr'><strong>computasse»</strong></span> <span class='ocrx_word' id='word_1_226' title='bbox 318 2918 382 2978; x_wconf 91' lang='lat' dir='ltr'><strong>lloc</strong></span> <span class='ocrx_word' id='word_1_227' title='bbox 399 2917 482 2994; x_wconf 90' lang='lat' dir='ltr'><strong>dicit,</strong></span> <span class='ocrx_word' id='word_1_228' title='bbox 496 2921 626 2996; x_wconf 90' lang='lat' dir='ltr'><strong>sequitur</strong></span> <span class='ocrx_word' id='word_1_229' title='bbox 636 2917 813 2994; x_wconf 80' lang='lat' dir='ltr'><strong>Antoninus,</strong></span> <span class='ocrx_word' id='word_1_230' title='bbox 827 2918 1023 2995; x_wconf 87' lang='lat' dir='ltr'><strong>Hieronymus</strong></span> <span class='ocrx_word' id='word_1_231' title='bbox 1038 2920 1070 2976; x_wconf 90' lang='lat' dir='ltr'><strong>in</strong></span> <span class='ocrx_word' id='word_1_232' title='bbox 1084 2917 1159 2978; x_wconf 90' lang='lat' dir='ltr'><strong>libro</strong></span> 
     </span>
    </p>
   </div>
   <div class='ocr_carea' id='block_1_12' title="bbox 1 3014 1164 4167">
    <p class='ocr_par' dir='ltr' id='par_1_12' title="bbox 1 3014 1164 4167">
     <span class='ocr_line' id='line_1_28' title="bbox 85 3014 1164 3093; baseline 0.001 -20"><span class='ocrx_word' id='word_1_233' title='bbox 85 3015 123 3074; x_wconf 87' lang='lat' dir='ltr'><strong>de</strong></span> <span class='ocrx_word' id='word_1_234' title='bbox 137 3015 254 3092; x_wconf 80' lang='lat' dir='ltr'><strong>Juriitb,</strong></span> <span class='ocrx_word' id='word_1_235' title='bbox 274 3021 305 3076; x_wconf 85' lang='lat' dir='ltr'><strong>et</strong></span> <span class='ocrx_word' id='word_1_236' title='bbox 317 3016 394 3077; x_wconf 86' lang='lat' dir='ltr'><strong>idem</strong></span> <span class='ocrx_word' id='word_1_237' title='bbox 410 3016 447 3077; x_wconf 90' lang='lat' dir='ltr'><strong>de</strong></span> <span class='ocrx_word' id='word_1_238' title='bbox 464 3016 530 3076; x_wconf 90' lang='lat' dir='ltr'><strong>aliis</strong></span> <span class='ocrx_word' id='word_1_239' title='bbox 544 3023 669 3093; x_wconf 80' lang='lat' dir='ltr'><strong>quatuor</strong></span> <span class='ocrx_word' id='word_1_240' title='bbox 683 3017 798 3076; x_wconf 86' lang='lat' dir='ltr'><strong>videtur</strong></span> <span class='ocrx_word' id='word_1_241' title='bbox 818 3015 992 3091; x_wconf 83' lang='lat' dir='ltr'><strong>dicendum3</strong></span> <span class='ocrx_word' id='word_1_242' title='bbox 1013 3021 1043 3074; x_wconf 90' lang='lat' dir='ltr'><strong>et</strong></span> <span class='ocrx_word' id='word_1_243' title='bbox 1055 3014 1091 3074; x_wconf 91' lang='lat' dir='ltr'><strong>de</strong></span> <span class='ocrx_word' id='word_1_244' title='bbox 1108 3015 1164 3074; x_wconf 88' lang='lat' dir='ltr'><strong>hoo</strong></span> 
     </span>
     <span class='ocr_line' id='line_1_29' title="bbox 85 3110 1159 3183; baseline -0.005 -9"><span class='ocrx_word' id='word_1_245' title='bbox 85 3112 210 3183; x_wconf 84' lang='lat' dir='ltr'><strong>babetur</strong></span> <span class='ocrx_word' id='word_1_246' title='bbox 221 3113 350 3174; x_wconf 79' lang='lat' dir='ltr'><strong>distinct</strong></span> <span class='ocrx_word' id='word_1_247' title='bbox 366 3130 418 3172; x_wconf 81' lang='lat' dir='ltr'><strong>xv.</strong></span> <span class='ocrx_word' id='word_1_248' title='bbox 433 3112 540 3174; x_wconf 87' lang='lat' dir='ltr'><strong>Sancta</strong></span> <span class='ocrx_word' id='word_1_249' title='bbox 548 3114 682 3174; x_wconf 72' lang='lat' dir='ltr'><strong>Runana</strong></span> <span class='ocrx_word' id='word_1_250' title='bbox 691 3119 747 3174; x_wconf 86' lang='lat' dir='ltr'><strong>etc.</strong></span> <span class='ocrx_word' id='word_1_251' title='bbox 759 3112 881 3173; x_wconf 82' lang='lat' dir='ltr'><strong>Eiidem</strong></span> <span class='ocrx_word' id='word_1_252' title='bbox 894 3114 983 3172; x_wconf 61' lang='lat' dir='ltr'><strong>marn</strong></span> <span class='ocrx_word' id='word_1_253' title='bbox 996 3111 1069 3170; x_wconf 87' lang='lat' dir='ltr'><strong>dicit</strong></span> <span class='ocrx_word' id='word_1_254' title='bbox 1081 3110 1159 3170; x_wconf 87' lang='lat' dir='ltr'><strong>Tbo·</strong></span> 
     </span>
     <span class='ocr_line' id='line_1_30' title="bbox 85 3209 1163 3288; baseline -0.005 -18"><span class='ocrx_word' id='word_1_255' title='bbox 85 3227 149 3274; x_wconf 86' lang='lat' dir='ltr'><strong>mus</strong></span> <span class='ocrx_word' id='word_1_256' title='bbox 163 3211 292 3272; x_wconf 67' lang='lat' dir='ltr'><strong>mmuh</strong></span> <span class='ocrx_word' id='word_1_257' title='bbox 305 3215 493 3288; x_wconf 86' lang='lat' dir='ltr'><strong>quaestione,</strong></span> <span class='ocrx_word' id='word_1_258' title='bbox 509 3217 540 3270; x_wconf 89' lang='lat' dir='ltr'><strong>et</strong></span> <span class='ocrx_word' id='word_1_259' title='bbox 553 3210 690 3272; x_wconf 83' lang='lat' dir='ltr'><strong>Nicolaus</strong></span> <span class='ocrx_word' id='word_1_260' title='bbox 701 3211 738 3270; x_wconf 86' lang='lat' dir='ltr'><strong>de</strong></span> <span class='ocrx_word' id='word_1_261' title='bbox 748 3211 830 3288; x_wconf 80' lang='lat' dir='ltr'><strong>Lyra</strong></span> <span class='ocrx_word' id='word_1_262' title='bbox 849 3227 935 3286; x_wconf 91' lang='lat' dir='ltr'><strong>super</strong></span> <span class='ocrx_word' id='word_1_263' title='bbox 948 3209 1070 3268; x_wconf 89' lang='lat' dir='ltr'><strong>Tobiam</strong></span> <span class='ocrx_word' id='word_1_264' title='bbox 1085 3249 1095 3284; x_wconf 97' lang='lat'><strong>,</strong></span> <span class='ocrx_word' id='word_1_265' title='bbox 1109 3209 1163 3266; x_wconf 88' lang='lat' dir='ltr'><strong>sci·</strong></span> 
     </span>
     <span class='ocr_line' id='line_1_31' title="bbox 83 3307 1157 3387; baseline -0.005 -17"><span class='ocrx_word' id='word_1_266' title='bbox 83 3310 152 3370; x_wconf 67' lang='lat' dir='ltr'><strong>lica</strong></span> <span class='ocrx_word' id='word_1_267' title='bbox 166 3311 247 3386; x_wconf 85' lang='lat' dir='ltr'><strong>quod</strong></span> <span class='ocrx_word' id='word_1_268' title='bbox 258 3313 306 3370; x_wconf 88' lang='lat' dir='ltr'><strong>isti</strong></span> <span class='ocrx_word' id='word_1_269' title='bbox 322 3327 381 3370; x_wconf 90' lang='lat' dir='ltr'><strong>nou</strong></span> <span class='ocrx_word' id='word_1_270' title='bbox 399 3318 467 3372; x_wconf 90' lang='lat' dir='ltr'><strong>sunt</strong></span> <span class='ocrx_word' id='word_1_271' title='bbox 478 3317 577 3372; x_wconf 85' lang='lat' dir='ltr'><strong>tantae</strong></span> <span class='ocrx_word' id='word_1_272' title='bbox 595 3311 786 3387; x_wconf 85' lang='lat' dir='ltr'><strong>auctoritatis,</strong></span> <span class='ocrx_word' id='word_1_273' title='bbox 801 3309 880 3385; x_wconf 87' lang='lat' dir='ltr'><strong>quod</strong></span> <span class='ocrx_word' id='word_1_274' title='bbox 900 3325 936 3368; x_wconf 83' lang='lat' dir='ltr'><strong>ax</strong></span> <span class='ocrx_word' id='word_1_275' title='bbox 954 3307 1040 3367; x_wconf 73' lang='lat' dir='ltr'><strong>dicus</strong></span> <span class='ocrx_word' id='word_1_276' title='bbox 1054 3321 1157 3366; x_wconf 88' lang='lat' dir='ltr'><strong>eorum</strong></span> 
     </span>
     <span class='ocr_line' id='line_1_32' title="bbox 85 3403 1163 3485; baseline -0.006 -17"><span class='ocrx_word' id='word_1_277' title='bbox 85 3413 185 3482; x_wconf 85' lang='lat' dir='ltr'><strong>posset</strong></span> <span class='ocrx_word' id='word_1_278' title='bbox 199 3407 354 3470; x_wconf 82' lang='lat' dir='ltr'><strong>efficaciter</strong></span> <span class='ocrx_word' id='word_1_279' title='bbox 372 3411 568 3485; x_wconf 86' lang='lat' dir='ltr'><strong>argumentari</strong></span> <span class='ocrx_word' id='word_1_280' title='bbox 581 3410 612 3469; x_wconf 89' lang='lat' dir='ltr'><strong>in</strong></span> <span class='ocrx_word' id='word_1_281' title='bbox 625 3407 688 3483; x_wconf 89' lang='lat' dir='ltr'><strong>bis,</strong></span> <span class='ocrx_word' id='word_1_282' title='bbox 703 3423 777 3484; x_wconf 87' lang='lat' dir='ltr'><strong>quae</strong></span> <span class='ocrx_word' id='word_1_283' title='bbox 792 3412 861 3466; x_wconf 90' lang='lat' dir='ltr'><strong>sunt</strong></span> <span class='ocrx_word' id='word_1_284' title='bbox 872 3405 941 3466; x_wconf 80' lang='lat' dir='ltr'><strong>fidei</strong></span> <span class='ocrx_word' id='word_1_285' title='bbox 954 3407 1030 3464; x_wconf 90' lang='lat' dir='ltr'><strong>sicut</strong></span> <span class='ocrx_word' id='word_1_286' title='bbox 1046 3419 1084 3463; x_wconf 84' lang='lat' dir='ltr'><strong>ex</strong></span> <span class='ocrx_word' id='word_1_287' title='bbox 1097 3403 1163 3464; x_wconf 87' lang='lat' dir='ltr'><strong>aliis</strong></span> 
     </span>
     <span class='ocr_line' id='line_1_33' title="bbox 84 3501 1159 3581; baseline -0.002 -20"><span class='ocrx_word' id='word_1_288' title='bbox 84 3503 168 3564; x_wconf 84' lang='lat' dir='ltr'><strong>libris</strong></span> <span class='ocrx_word' id='word_1_289' title='bbox 188 3503 354 3580; x_wconf 84' lang='lat' dir='ltr'><strong>Scripturas</strong></span> <span class='ocrx_word' id='word_1_290' title='bbox 379 3521 497 3581; x_wconf 89' lang='lat' dir='ltr'><strong>sacrae;</strong></span> <span class='ocrx_word' id='word_1_291' title='bbox 517 3506 595 3565; x_wconf 89' lang='lat' dir='ltr'><strong>unde</strong></span> <span class='ocrx_word' id='word_1_292' title='bbox 620 3505 695 3566; x_wconf 82' lang='lat' dir='ltr'><strong>forte</strong></span> <span class='ocrx_word' id='word_1_293' title='bbox 720 3503 829 3564; x_wconf 88' lang='lat' dir='ltr'><strong>hubent</strong></span> <span class='ocrx_word' id='word_1_294' title='bbox 843 3504 1044 3564; x_wconf 85' lang='lat' dir='ltr'><strong>auctoritatem</strong></span> <span class='ocrx_word' id='word_1_295' title='bbox 1058 3501 1159 3575; x_wconf 91' lang='lat' dir='ltr'><strong>talem,</strong></span> 
     </span>
     <span class='ocr_line' id='line_1_34' title="bbox 82 3598 1160 3678; baseline 0.002 -20"><span class='ocrx_word' id='word_1_296' title='bbox 82 3599 202 3674; x_wconf 82' lang='lat' dir='ltr'><strong>qualern</strong></span> <span class='ocrx_word' id='word_1_297' title='bbox 215 3599 323 3660; x_wconf 89' lang='lat' dir='ltr'><strong>habeut</strong></span> <span class='ocrx_word' id='word_1_298' title='bbox 335 3604 443 3677; x_wconf 86' lang='lat' dir='ltr'><strong>scripta</strong></span> <span class='ocrx_word' id='word_1_299' title='bbox 457 3607 573 3678; x_wconf 89' lang='lat' dir='ltr'><strong>patrum</strong></span> <span class='ocrx_word' id='word_1_300' title='bbox 589 3601 748 3678; x_wconf 86' lang='lat' dir='ltr'><strong>approbata</strong></span> <span class='ocrx_word' id='word_1_301' title='bbox 761 3601 799 3662; x_wconf 89' lang='lat' dir='ltr'><strong>ab</strong></span> <span class='ocrx_word' id='word_1_302' title='bbox 812 3600 950 3662; x_wconf 81' lang='lat' dir='ltr'><strong>Ecclesia.</strong></span> <span class='ocrx_word' id='word_1_303' title='bbox 966 3625 979 3649; x_wconf 72' lang='grc' dir='ltr'><strong>υ</strong></span> <span class='ocrx_word' id='word_1_304' title='bbox 996 3599 1050 3660; x_wconf 87' lang='lat' dir='ltr'><strong>His</strong></span> <span class='ocrx_word' id='word_1_305' title='bbox 1063 3598 1160 3660; x_wconf 84' lang='lat' dir='ltr'><strong>verbis</strong></span> 
     </span>
     <span class='ocr_line' id='line_1_35' title="bbox 1 3697 1161 3784; baseline 0.006 -29"><span class='ocrx_word' id='word_1_306' title='bbox 1 3773 2 3784; x_wconf 9' lang='grc' dir='ltr'>ἵ</span> <span class='ocrx_word' id='word_1_307' title='bbox 83 3697 299 3770; x_wconf 85' lang='lat' dir='ltr'><strong>quodammodo</strong></span> <span class='ocrx_word' id='word_1_308' title='bbox 327 3697 443 3758; x_wconf 81' lang='lat' dir='ltr'><strong>officere</strong></span> <span class='ocrx_word' id='word_1_309' title='bbox 463 3699 580 3760; x_wconf 88' lang='lat' dir='ltr'><strong>divinae</strong></span> <span class='ocrx_word' id='word_1_310' title='bbox 605 3699 765 3760; x_wconf 77' lang='lat' dir='ltr'><strong>bibliorum</strong></span> <span class='ocrx_word' id='word_1_311' title='bbox 781 3698 973 3760; x_wconf 78' lang='lat' dir='ltr'><strong>beuterorum</strong></span> <span class='ocrx_word' id='word_1_312' title='bbox 995 3699 1161 3762; x_wconf 81' lang='lat' dir='ltr'><strong>auctoritati</strong></span> 
     </span>
     <span class='ocr_line' id='line_1_36' title="bbox 84 3793 1160 3876; baseline 0.007 -22"><span class='ocrx_word' id='word_1_313' title='bbox 84 3793 201 3854; x_wconf 76' lang='lat' dir='ltr'><strong>uacua</strong></span> <span class='ocrx_word' id='word_1_314' title='bbox 218 3795 400 3872; x_wconf 80' lang='lat' dir='ltr'><strong>Antoninus,</strong></span> <span class='ocrx_word' id='word_1_315' title='bbox 413 3800 519 3874; x_wconf 86' lang='lat' dir='ltr'><strong>quippe</strong></span> <span class='ocrx_word' id='word_1_316' title='bbox 532 3801 582 3874; x_wconf 84' lang='lat' dir='ltr'><strong>qui</strong></span> <span class='ocrx_word' id='word_1_317' title='bbox 596 3798 749 3876; x_wconf 84' lang='lat' dir='ltr'><strong>Lyrunum</strong></span> <span class='ocrx_word' id='word_1_318' title='bbox 761 3801 793 3858; x_wconf 91' lang='lat' dir='ltr'><strong>in</strong></span> <span class='ocrx_word' id='word_1_319' title='bbox 805 3799 861 3860; x_wconf 86' lang='lat' dir='ltr'><strong>hoo</strong></span> <span class='ocrx_word' id='word_1_320' title='bbox 874 3804 990 3860; x_wconf 88' lang='lat' dir='ltr'><strong>secutus</strong></span> <span class='ocrx_word' id='word_1_321' title='bbox 1003 3804 1058 3874; x_wconf 92' lang='lat' dir='ltr'><strong>est,</strong></span> <span class='ocrx_word' id='word_1_322' title='bbox 1073 3814 1160 3875; x_wconf 83' lang='lat' dir='ltr'><strong>quem</strong></span> 
     </span>
     <span class='ocr_line' id='line_1_37' title="bbox 84 3893 1159 3974; baseline 0.003 -23"><span class='ocrx_word' id='word_1_323' title='bbox 84 3893 363 3968; x_wconf 82' lang='lat' dir='ltr'><strong>superlusvldimus</strong></span> <span class='ocrx_word' id='word_1_324' title='bbox 382 3895 419 3954; x_wconf 89' lang='lat' dir='ltr'><strong>ab</strong></span> <span class='ocrx_word' id='word_1_325' title='bbox 438 3895 503 3956; x_wconf 86' lang='lat' dir='ltr'><strong>aliis</strong></span> <span class='ocrx_word' id='word_1_326' title='bbox 519 3896 605 3974; x_wconf 80' lang='lat' dir='ltr'><strong>longe</strong></span> <span class='ocrx_word' id='word_1_327' title='bbox 618 3899 741 3962; x_wconf 84' lang='lat' dir='ltr'><strong>sensbse</strong></span> <span class='ocrx_word' id='word_1_328' title='bbox 756 3896 794 3956; x_wconf 88' lang='lat' dir='ltr'><strong>da</strong></span> <span class='ocrx_word' id='word_1_329' title='bbox 816 3899 923 3958; x_wconf 88' lang='lat' dir='ltr'><strong>nostris</strong></span> <span class='ocrx_word' id='word_1_330' title='bbox 936 3896 1107 3974; x_wconf 75' lang='lat' dir='ltr'><strong>Scriptura,</strong></span> <span class='ocrx_word' id='word_1_331' title='bbox 1122 3911 1159 3962; x_wconf 76' lang='lat' dir='ltr'><strong>tx</strong></span> 
     </span>
     <span class='ocr_line' id='line_1_38' title="bbox 81 3987 1152 4082; baseline 0.005 -35"><span class='ocrx_word' id='word_1_332' title='bbox 81 4002 140 4062; x_wconf 80' lang='lat' dir='ltr'><strong>quo</strong></span> <span class='ocrx_word' id='word_1_333' title='bbox 155 3987 322 4050; x_wconf 88' lang='lat' dir='ltr'><strong>Antoninus</strong></span> <span class='ocrx_word' id='word_1_334' title='bbox 340 3994 402 4067; x_wconf 85' lang='lat' dir='ltr'><strong>ipse</strong></span> <span class='ocrx_word' id='word_1_335' title='bbox 418 4008 506 4054; x_wconf 88' lang='lat' dir='ltr'><strong>ausus</strong></span> <span class='ocrx_word' id='word_1_336' title='bbox 518 3999 563 4054; x_wconf 84' lang='lat' dir='ltr'><strong>ast</strong></span> <span class='ocrx_word' id='word_1_337' title='bbox 572 3993 623 4055; x_wconf 88' lang='lat' dir='ltr'><strong>illa</strong></span> <span class='ocrx_word' id='word_1_338' title='bbox 640 3994 729 4055; x_wconf 87' lang='lat' dir='ltr'><strong>verbu</strong></span> <span class='ocrx_word' id='word_1_339' title='bbox 744 3993 865 4054; x_wconf 77' lang='lat' dir='ltr'><strong>adulare:</strong></span> <span class='ocrx_word' id='word_1_340' title='bbox 886 3989 995 4054; x_wconf 73' lang='lat' dir='ltr'><strong>«Unde</strong></span> <span class='ocrx_word' id='word_1_341' title='bbox 1008 3993 1085 4054; x_wconf 86' lang='lat' dir='ltr'><strong>iorte</strong></span> <span class='ocrx_word' id='word_1_342' title='bbox 1096 3993 1152 4082; x_wconf 81' lang='lat' dir='ltr'><strong>ha·</strong></span> 
     </span>
     <span class='ocr_line' id='line_1_39' title="bbox 82 4083 1160 4167; baseline 0.002 -23"><span class='ocrx_word' id='word_1_343' title='bbox 82 4083 373 4148; x_wconf 71' lang='lat' dir='ltr'><strong>metamaucum</strong></span> <span class='ocrx_word' id='word_1_344' title='bbox 397 4089 505 4166; x_wconf 83' lang='lat' dir='ltr'><strong>talem,</strong></span> <span class='ocrx_word' id='word_1_345' title='bbox 525 4090 649 4166; x_wconf 86' lang='lat' dir='ltr'><strong>qualem</strong></span> <span class='ocrx_word' id='word_1_346' title='bbox 661 4091 770 4150; x_wconf 86' lang='lat' dir='ltr'><strong>hubent</strong></span> <span class='ocrx_word' id='word_1_347' title='bbox 793 4095 900 4166; x_wconf 85' lang='lat' dir='ltr'><strong>scripta</strong></span> <span class='ocrx_word' id='word_1_348' title='bbox 922 4097 1038 4167; x_wconf 87' lang='lat' dir='ltr'><strong>patrum</strong></span> <span class='ocrx_word' id='word_1_349' title='bbox 1058 4104 1160 4165; x_wconf 86' lang='lat' dir='ltr'><strong>appro-</strong></span> 
     </span>
    </p>
   </div>
   <div class='ocr_carea' id='block_1_13' title="bbox 114 4277 889 4348">
    <p class='ocr_par' dir='ltr' id='par_1_13' title="bbox 114 4277 889 4348">
     <span class='ocr_line' id='line_1_40' title="bbox 114 4277 889 4348; baseline 0.005 -16"><span class='ocrx_word' id='word_1_350' title='bbox 114 4277 147 4342; x_wconf 88' lang='lat' dir='ltr'><strong>(t)</strong></span> <span class='ocrx_word' id='word_1_351' title='bbox 157 4279 258 4331; x_wconf 78' lang='lat' dir='ltr'><strong>Summa</strong></span> <span class='ocrx_word' id='word_1_352' title='bbox 266 4291 315 4330; x_wconf 82' lang='lat' dir='ltr'><strong>sac.</strong></span> <span class='ocrx_word' id='word_1_353' title='bbox 327 4279 473 4348; x_wconf 55' lang='lat' dir='ltr'><strong>timinam,</strong></span> <span class='ocrx_word' id='word_1_354' title='bbox 496 4295 552 4346; x_wconf 82' lang='lat' dir='ltr'><strong>pars</strong></span> <span class='ocrx_word' id='word_1_355' title='bbox 564 4282 706 4344; x_wconf 65' lang='lat' dir='ltr'><strong>tertiassd.</strong></span> <span class='ocrx_word' id='word_1_356' title='bbox 718 4284 825 4336; x_wconf 59' lang='grc'>1111111113</span> <span class='ocrx_word' id='word_1_357' title='bbox 834 4284 889 4336; x_wconf 82' lang='lat' dir='ltr'><strong>lut.</strong></span> 
     </span>
    </p>
   </div>
   <div class='ocr_carea' id='block_1_14' title="bbox 0 0 1516 5178">
    <p class='ocr_par' dir='ltr' id='par_1_14' title="bbox 0 0 1516 5178">
     <span class='ocr_line' id='line_1_41' title="bbox 0 0 1516 5178; baseline 0 5"><span class='ocrx_word' id='word_1_358' title='bbox 0 0 1516 5178; x_wconf 95' lang='lat' dir='ltr'><strong> </strong></span> 
     </span>
    </p>
   </div>
  </div>
 </body>
</html>
