3094 5184
849 352 1009 404 ...76-

389 472 497 530 nantnr
514 463 631 544 eloqui,
647 476 708 524 non
724 465 863 540 apparet,
879 463 936 523 nisi
956 464 988 524 ln
1007 476 1043 523 ea
1061 459 1161 539 lingna
1177 461 1341 547 heddam,
1352 488 1419 550 qnam

388 568 634 642 interpretantur,
659 567 689 622 et
716 561 887 638 plerumque
915 577 933 622 a
959 575 1047 622 umen
1073 562 1200 620 auomris
1222 561 1313 625 deuius
1334 569 1422 637 ulem

389 667 552 741 interpres,
575 662 601 720 si
623 677 685 720 non
709 662 748 719 sit
774 659 982 736 doctissimns3
1010 665 1062 720 aut
1083 658 1245 736 linguarum
1265 661 1377 744 blumio,
1395 689 1422 732 ex
1482 626 1483 710 b

389 761 496 838 quibus
516 762 548 818 ln
568 758 691 819 latinam
709 756 859 834 Scriptura
875 759 1027 834 pervenit,
1048 755 1172 834 petenda
1189 759 1306 834 cognitio
1322 769 1373 841 αις
1387 776 1424 830 apt

389 859 541 920 habendae
562 859 813 934 interpretationes
836 873 960 933 aarum,
981 858 1033 934 qui
1056 873 1090 916 se
1112 855 1208 916 verbis
1229 859 1309 920 nimis
1329 861 1424 926 obstem

389 964 517 1034 xerunt,
543 973 603 1016 non
625 958 696 1033 quia
721 955 892 1032 suffidnnt,
919 954 971 1016 sed
990 960 1024 1014 ut
1046 971 1085 1014 ex
1106 957 1148 1016 eis
1168 956 1291 1032 veritas,
1310 958 1351 1018 vei
1367 977 1426 1022 eron

389 1056 540 1134 detegatur
556 1056 704 1132 aliorum,
725 1056 776 1132 pul
796 1070 856 1114 non
879 1056 975 1132 magis
997 1053 1108 1130 verba,
1130 1069 1219 1130 quum
1239 1059 1376 1116 mendas
1395 1063 1426 1119 in·

390 1153 592 1230 terpretando,
612 1155 695 1230 sequi
708 1153 903 1212 maluerunt.»

428 1251 457 1328 S.
479 1252 518 1312 11.
541 1252 655 1312 Revera
671 1251 778 1310 Tobios
800 1251 836 1310 de
853 1267 907 1312 sua
920 1252 1036 1327 jusum
1055 1248 1195 1327 gloriatus
1216 1250 1246 1308 ln
1263 1247 1372 1312 fratrum
1383 1270 1429 1314 suo

393 1367 460 1410 rum
487 1348 652 1426 exemplum
682 1350 758 1408 inter
785 1349 844 1409 alla
870 1349 927 1410 hoc
956 1349 1048 1408 dicit:
1084 1347 1177 1419 s‘Epd
1200 1346 1225 1400 el
1244 1347 1429 1422 corripueris

392 1447 484 1521 ψυχήν
509 1469 561 1520 μου
578 1447 615 1520 μδ
638 1452 751 1521 papeia:
773 1449 795 1508 Ι.
810 1465 836 1508 e.
853 1447 915 1524 Ego
937 1453 1036 1508 autem
1056 1449 1201 1508 custodivi
1220 1451 1340 1510 animam
1350 1467 1430 1532 maan,

393 1565 431 1608 ne
444 1550 665 1610 manducarem:
682 1574 694 1600 s
712 1548 792 1608 llaec
806 1547 895 1606 dictio
908 1549 1028 1608 omuino
1041 1547 1148 1624 pendet
1159 1565 1197 1608 ex
1210 1547 1337 1610 hebraica
1348 1549 1431 1630 lingua,

390 1664 408 1708 e
425 1664 487 1724 qua
503 1647 662 1708 translatus
676 1653 720 1706 est
732 1645 815 1721 liber,
834 1645 925 1705 veluti
942 1645 1087 1706 diceretur
1108 1656 1200 1714 'tlibi
1225 1657 1360 1715 'nibet
1371 1695 1379 1731 ,
1391 1653 1431 1712 ic.

390 1753 421 1806 et
445 1745 589 1806 custodivi
609 1747 738 1806 animam
767 1760 875 1820 meam,
890 1759 963 1819 seu,
990 1747 1056 1804 cavi
1080 1746 1363 1828 ne'manducarem,
1386 1769 1435 1813 nau

390 1845 493 1904 naimo
511 1844 687 1905 vocabulum
709 1844 876 1920 saepisshne
898 1841 936 1902 ab
956 1842 1088 1904 hebraeis
1108 1860 1162 1920 pro
1186 1845 1302 1922 linguae
1327 1849 1433 1927 ingnio,

391 1943 456 2002 loeo
468 1944 649 2018 pronominis
659 1958 722 2019 eqo,
739 1945 782 2015 tu,
795 1939 858 2015 ille,
871 1947 928 2000 ete.
942 1939 1108 2018 adhibetur,
1119 1944 1205 2002 sicuti
1215 1945 1258 2003 ait
1269 1944 1350 2006 Anna
1359 1945 1436 2023 (illle
1496 1976 1497 2064 p

390 2039 431 2102 li:
458 2040 585 2101 «Effudi
606 2043 735 2100 animam
759 2054 855 2098 meam
872 2055 972 2098 coram
993 2039 1158 2099 Domino.»

432 2137 474 2200 Ut
486 2140 620 2216 sepelivit
631 2145 779 2200 mortuum
798 2137 837 2214 (2)
854 2137 949 2198 dixit:
980 2140 1058 2192 «Καὶ
1082 2137 1176 2200 iubeor
1202 2141 1248 2198 eo't
1272 2141 1342 2213 ἄρτον
1363 2166 1403 2216 μου
1420 2146 1437 2199 r'r
1498 2168 1499 2232 p

394 2237 465 2312 λείπῃ
480 2243 502 2299 i.
519 2257 545 2300 e.
562 2241 600 2300 Et
613 2239 790 2299 manducavi
804 2253 911 2314 panem
924 2253 1022 2298 meum
1035 2240 1067 2298 ln
1080 2239 1190 2300 dolom.
1205 2266 1218 2293 o
1240 2241 1343 2302 Eadem
1355 2243 1439 2320 phrasis
1499 2266 1500 2338 l

391 2342 497 2419 legitur
510 2341 542 2400 in
557 2339 595 2417 (a)
608 2337 741 2400 Psalmo:
758 2337 850 2410 «Quia
862 2335 970 2396 oblitus
984 2352 1049 2398 mm
1062 2338 1213 2400 commus
1226 2355 1330 2417 punam
1341 2358 1437 2402 neum·
1500 2362 1501 2450 p

390 2439 574 2502 Vocabulum
589 2440 681 2516 ponis
700 2439 764 2498 siue
793 2418 869 2504 13Πὲ
893 2435 1014 2515 hobam,
1034 2438 1097 2498 slva
1122 2435 1199 2510 ἄρτος
1219 2441 1253 2498 in
1269 2440 1370 2500 divinis
1385 2440 1439 2500 Seri·
1501 2458 1502 2518 (

390 2539 449 2616 ptis
466 2554 520 2614 pro
532 2539 637 2614 parovio
659 2537 724 2598 elbo
737 2537 785 2598 uel
798 2539 934 2598 convivio
951 2539 1099 2615 sumitur,
1125 2546 1154 2600 et
1168 2541 1281 2615 passim
1296 2541 1327 2600 in
1343 2539 1391 2599 illis
1407 2555 1440 2598 oo
1502 2552 1503 2624 (

393 2637 503 2713 currinp
524 2641 625 2712 utpote
637 2634 768 2698 hebraeis
792 2635 864 2696 haec
886 2651 945 2696 vox
969 2634 1025 2696 snb
1046 2635 1101 2698 hac
1123 2638 1335 2714 significandae
1353 2643 1440 2698 anun

391 2735 556 2810 peculiaris.

431 2831 468 2890 In
492 2836 635 2910 angustiis
656 2851 743 2912 porro
766 2835 874 2895 Tobiae
897 2841 982 2914 rogat
1001 2835 1120 2914 mum,
1143 2843 1177 2900 ut
1202 2836 1242 2898 ab
1264 2839 1301 2898 iis
1319 2835 1441 2911 liberetur,

391 2935 422 2990 et
439 2930 522 2991 elicit:
537 2931 654 2994 «Statue
666 2951 713 2995 me
727 2935 844 2996 liberari
860 2939 898 2998 ah
914 2933 1030 3008 alapam
1050 2941 1235 3013 mansitare,
1245 2943 1280 2996 ut
1293 2942 1372 2996 sonat
1383 2949 1442 3012 grae

392 3043 461 3088 eum
483 3045 613 3109 nomen,
639 3033 691 3094 sed
715 3038 780 3112 ipsa
805 3053 866 3098 vox
890 3045 1022 3115 repetens
1045 3040 1188 3115 originem
1202 3035 1367 3096 hebraicam
1390 3037 1444 3099 Ἦ(

395 3130 510 3203 moror,
526 3133 717 3210 combinati,
731 3129 906 3214 mllipooil,
926 3136 1122 3214 metaphorice
1143 3133 1182 3195 ah
1204 3135 1337 3194 hebraeh
1349 3133 1445 3192 sonitu

391 3242 445 3301 pro
460 3231 612 3306 amastis,
630 3230 796 3310 columitas,
811 3235 1055 3311 quemadmodum
1069 3235 1111 3294 ibi
1123 3233 1245 3294 divium
1259 3239 1372 3308 unctor,
1384 3228 1446 3306 quai

390 3323 518 3386 diceret:
540 3327 666 3388 onmia
676 3346 724 3390 me
737 3330 775 3391 ab
785 3331 842 3392 hae
858 3335 1003 3410 angustie.
1017 3357 1031 3386 »
1043 3331 1136 3392 Panlo
1153 3337 1221 3410 post
1236 3332 1310 3392 dicit
1324 3330 1445 3404 Scriptura

391 3421 428 3482 de
451 3422 525 3484 Sara
548 3425 686 3504 ltaguelis
709 3429 792 3505 filiu,
809 3430 848 3507 (4)
872 3431 1011 3492 badium
1032 3446 1137 3506 nmps
1157 3447 1222 3491 essa
1245 3435 1354 3506 septem
1373 3427 1445 3500 lillis

390 3536 464 3598 quos
489 3523 613 3588 dannan
642 3528 738 3588 mains
770 3529 924 3590 interfecit.
952 3531 1066 3592 Nomen
1089 3531 1159 3586 inei
1179 3545 1334 3607 graecum
1352 3523 1447 3586 dotent

395 3629 480 3689 vati
499 3622 645 3702 Suebobb,
666 3631 777 3704 sepiem
797 3629 998 3707 respondens,
1019 3645 1136 3690 sacrum
1161 3633 1369 3704 nuncupatur,
1383 3630 1449 3698 aune

391 3720 434 3780 uti
455 3724 604 3798 pmprlum
624 3730 741 3784 nutum
760 3725 869 3786 divinis
886 3727 1098 3805 scriptoribus,
1119 3727 1274 3788 delinitum
1296 3740 1347 3802 pro
1372 3718 1450 3782 ndei

393 3817 456 3876 nite
484 3820 591 3879 minori
609 3837 731 3882 numero
760 3830 938 3902 usurpatur,
959 3828 1044 3902 qnasi
1073 3826 1206 3886 dicarat:
1241 3823 1392 3884 «Tradita
1416 3823 1449 3878 att

390 3915 540 3976 nonanus
562 3920 633 3980 viris
647 3945 661 3972 o
684 3924 770 3982 siculi
789 3925 878 3983 mmm
898 3925 976 3998 apud
994 3941 1048 3984 nos
1068 3926 1159 4002 vulgo
1178 3925 1277 3984 italica
1294 3923 1449 3982 diotnom

391 4009 507 4074 daona
539 4016 619 4077 Alibi
647 4019 686 4096 (5)
714 4019 842 4098 legitur:
879 4047 892 4074 a
908 4022 1019 4099 Septies
1040 4023 1072 4082 in
1093 4023 1142 4082 dia
1166 4022 1284 4082 laudem
1310 4021 1370 4080 dlxi
1393 4015 1449 4090 libi,

391 4111 482 4173 veluto·
507 4114 616 4190 pluries
634 4120 666 4176 in
691 4118 739 4177 die
761 4119 878 4180 landam
901 4120 965 4182 dlxi
985 4120 1040 4182 tibi
1061 4127 1118 4181 etc.

432 4245 468 4310 (¹)
489 4256 511 4298 ι.
531 4252 590 4313 leeg.
601 4264 623 4302 a.
638 4259 659 4302 l.
676 4260 712 4304 15.
724 4280 755 4294 -
768 4253 802 4317 (a)
813 4254 874 4305 rob.
887 4267 909 4305 o.
922 4257 954 4305 11.
968 4261 991 4318 5,
1003 4281 1033 4293 -
1045 4254 1079 4318 (a)
1091 4253 1155 4305 esai.
1170 4259 1223 4305 iot.
1236 4261 1258 4304 o.
1273 4278 1304 4292 -
1321 4247 1415 4316 (eliab.
1426 4256 1442 4294 a.

391 4333 435 4382 lll.
447 4339 470 4382 8.
483 4356 514 4371 -·
526 4332 561 4396 (t)
572 4333 636 4383 Psal.
653 4339 704 4384 118.
