3094 5176
714 157 730 205 s
1503 207 1504 252 1

1503 255 1504 300 1

981 452 985 460 .
1503 407 1504 458 1

406 489 517 564 perstes
536 488 568 545 lu
587 483 686 545 codice
699 481 890 560 Septuaginta
907 467 1115 557 interpretum,
1136 479 1243 557 profert
1259 481 1434 548 lumem.
1503 471 1504 530 1

408 594 518 645 sannae
538 591 635 644 metae
648 580 1023 658 mulie1·ls,qnse(luiquo
1039 579 1180 640 damnata
1196 579 1303 658 judicio
1321 583 1434 648 uduubus

407 683 545 758 senibus,
558 698 595 741 eo
611 681 689 758 quod
702 697 802 740 eorum
817 680 1070 756 concupiscentiae
1084 681 1219 738 assentiri
1230 679 1358 756 noluerit)
1369 693 1436 745 mom

407 781 526 857 evadit,
546 795 648 840 mma
670 779 772 839 divim
792 777 977 856 providentia
994 777 1097 836 Daniel
1117 777 1252 854 impletus
1274 777 1368 855 Spiritu
1386 781 1436 842 su·

407 885 455 938 cto
474 879 590 937 noverit
608 879 756 937 seniorum
780 872 945 952 madidam,
968 881 999 936 et
1019 877 1202 936 innocentiae
1224 875 1361 937 Snsannae
1381 883 1437 939 testi·

409 977 542 1036 monium
573 966 738 1034 contulerit.
768 973 847 1034 Haec
875 979 973 1034 autem
997 972 1148 1035 susannae
1176 973 1294 1032 historia
1320 975 1385 1050 apud
1405 976 1438 1038 le·

409 1077 563 1152 ptuaginta
582 1075 613 1132 in
633 1063 924 1147 mmmmm
943 1068 1040 1132 locam
1054 1065 1438 1150 babetiuldolibrlllunielim

409 1179 439 1232 et
458 1173 514 1231 hoe
532 1165 637 1230 merito
655 1169 767 1230 laetum
783 1163 897 1246 opinor.
921 1162 1033 1230 Ibidem
1052 1185 1180 1246 uanaque
1200 1165 1354 1230 ameum
1367 1171 1440 1232 orm

410 1271 598 1346 adolescens,
620 1275 708 1346 utque
727 1277 765 1328 ex
784 1284 820 1328 eo
839 1274 946 1328 eventu
958 1269 991 1326 in
1004 1265 1101 1328 medio
1117 1264 1207 1328 lsrael
1221 1269 1313 1344 patuit
1326 1269 1392 1328 illius
1402 1274 1441 1346 spi-

410 1371 485 1430 ritns
507 1364 714 1445 propheticus,
735 1367 886 1444 Momm
905 1383 975 1427 eum
992 1367 1045 1426 illo
1064 1365 1175 1428 mese:
1203 1366 1266 1426 «Et
1284 1365 1392 1442 Daniel,
1413 1368 1443 1426 di-

409 1469 487 1528 citur
505 1467 568 1542 ibi,
586 1459 682 1526 lactus
697 1472 742 1524 est
759 1471 886 1541 magone
906 1477 1006 1524 coram
1024 1465 1132 1541 popule
1153 1481 1173 1524 a
1196 1463 1244 1523 die
1265 1463 1336 1539 illa,
1352 1464 1443 1524 edon

410 1581 488 1643 ceps.
503 1589 517 1618 a
538 1565 605 1624 Vox
619 1576 718 1642 perer,
747 1580 837 1641 qnam
858 1565 1000 1640 interpret
1019 1558 1228 1624 alexandrinus
1250 1562 1323 1622 dixit
1345 1561 1444 1638 carlom

406 1661 569 1742 marion,
585 1655 642 1724 sibi
656 1663 723 1722 vult
738 1662 820 1722 illam
838 1665 998 1722 aetatem
1014 1663 1138 1739 puerilia
1157 1673 1252 1738 usqne
1267 1660 1444 1720 ademund-

411 1756 573 1842 gesimam,
592 1755 685 1822 lerme
704 1761 748 1820 illi
770 1759 916 1837 ebullem,
941 1773 1031 1838 quam
1050 1757 1174 1838 degebat
1192 1755 1289 1820 Dauid
1386 1758 1447 1819 dolia
1503 1817 1504 1843 ,

411 1879 564 1941 pugnans,
578 1867 609 1922 et
621 1857 722 1922 eoem
735 1855 880 1921 uombolo
896 1853 1191 1939 peddrloaagraeoo
1208 1857 1446 1934 interpreteumce
1503 1845 1504 1914 1

412 1969 508 2038 patus.
535 1958 662 2038 Ideoque
688 1953 839 2020 susannae
867 1955 990 2020 historia
1015 1959 1133 2018 uidetur
1164 1954 1305 2017 accidisse
1329 1961 1447 2033 puelquau

411 2067 538 2137 quatum
557 2062 640 2136 pueri
661 2051 763 2136 ludaei
791 2055 900 2134 captivi
922 2060 953 2117 lu
974 2055 1098 2136 Assyria
1123 2055 1246 2117 enutriti
1266 2054 1298 2115 ln
1314 2055 1374 2114 aula
1395 2055 1448 2130 regis

411 2151 713 2233 dmumooouoml,
732 2155 876 2216 mterunt
889 2157 920 2216 lu
933 2162 1089 2232 conspeetu
1107 2158 1180 2232 ejus.
1202 2155 1284 2214 Inter
1299 2148 1350 2213 bos
1366 2167 1448 2212 mune

412 2255 532 2317 rebatur
544 2255 664 2330 Daniel,
679 2249 1448 2332 qusapleutiaetintelogeudapraadmn‚musdm

413 2353 519 2430 regalis
540 2353 622 2412 domi
643 2353 761 2429 negotia
785 2351 923 2429 gerebat,
951 2364 1056 2410 verum
1082 2353 1170 2411 etlam
1198 2349 1327 2410 maubne
1348 2347 1380 2406 de
1398 2345 1449 2405 imo

413 2450 556 2510 solicitus
573 2457 638 2510 erat
653 2450 780 2509 fratrum
799 2460 930 2509 suorum.

452 2548 481 2622 5.
504 2548 557 2608 IV.
581 2547 732 2624 Proffessl
749 2563 820 2606 varo
850 2547 975 2623 legimus
992 2547 1025 2606 lu
1041 2546 1099 2607 hac
1117 2546 1244 2606 mula
1255 2545 1396 2618 hebaeos
1412 2556 1450 2600 um

415 2649 500 2722 quasi
521 2645 662 2723 populum
683 2647 833 2721 captivum
853 2644 944 2704 eune
958 2646 989 2702 in
1005 2643 1151 2722 Amyn-h,
1176 2650 1208 2704 at
1225 2645 1322 2720 potios
1341 2640 1451 2700 iberum

413 2744 520 2804 divites
543 2745 646 2819 patriis
668 2743 781 2824 legibus
798 2759 883 2819 usas,
904 2744 1074 2802 moenem
1088 2743 1184 2802 lacera
1196 2742 1236 2802 de
1253 2740 1336 2801 relano
1349 2737 1452 2813 susm·
1503 2761 1504 2820 p

416 2842 528 2902 ernian
541 2839 600 2916 ibi,
610 2841 745 2900 Joaelulm
764 2842 887 2901 divitem
901 2847 931 2902 et
942 2839 1144 2900 honorabilem
1163 2855 1248 2916 esee,
1267 2851 1393 2913 empne
1404 2832 1452 2893 ale

420 2939 460 2998 ad
477 2948 545 2998 euin
562 2938 729 3015 wne-ire,
743 2938 1254 3016 etjudloesinterecsoouatltatos,
1274 2935 1452 3014 quirdnpu

415 3036 499 3097 blicis
527 3042 722 3113 praeessem,
752 3053 787 3097 ae
808 3037 995 3098 decernerent
1020 3036 1165 3114 quidquid
1185 3035 1374 3096 contuitionis
1393 3041 1453 3089 muso

413 3127 649 3210 loroliuplsbe.
670 3133 734 3194 lloc
753 3151 823 3194 vem
841 3130 1164 3209 nouartmirandum‚
1182 3129 1452 3205 dumethocparlin

416 3227 1270 3310 nemausensemmaegumeanum,
1296 3221 1452 3302 serapam

415 3330 695 3408 niedictnmluit3
717 3333 913 3408 pertimuere
930 3347 968 3390 ex
986 3320 1453 3392 emmmtasdaroniisroioratrn

414 3426 588 3508 manym
606 3424 861 3506 nempedegantea
881 3425 1021 3489 habraeus
1040 3429 1142 3488 meaa
1162 3443 1232 3505 rege
1252 3421 1453 3487 marmiae

414 3525 514 3588 leina.
533 3525 642 3588 corna
661 3525 804 3604 opsonare
821 3535 851 3587 et
871 3519 942 3587 alibi
967 3527 1093 3588 oestatm
1108 3526 1230 3586 Flauius
1250 3525 1289 3584 de
1307 3521 1407 3601 judaeis
1420 3517 1454 3575 Bt

415 3623 525 3701 bylone
552 3625 678 3704 captivis
697 3620 833 3686 loculum:
860 3619 1022 3701 «ludaeis,
1041 3619 1254 3702 phoenicibus,
1278 3623 1353 3700 syris
1370 3623 1396 3679 et
1411 3613 1455 3674 alib

417 3721 553 3797 ammo
565 3720 709 3800 euporo,
726 3723 777 3784 aar
790 3739 824 3784 eo
838 3729 999 3799 emerat,
1013 3723 1144 3784 edomas
1157 3725 1190 3782 m
1201 3719 1349 3800 babylone
1367 3711 1456 3792 (siloe

416 3821 544 3879 maxime
563 3823 733 3898 opportunis
755 3823 899 3899 mignmi
912 3819 1004 3898 jussit
1015 3819 1299 3882 Nabuchodonosor.
1316 3843 1328 3870 ι
1349 3815 1389 3876 En
1403 3810 1457 3872 St*

418 3916 495 3979 boue
514 3919 678 3995 cappadoce
696 3919 840 3996 losapbus
859 3920 938 3980 idem
954 3919 1030 3980 libro
1049 3935 1117 3978 xrv.
1132 3936 1160 3980 c.
1183 3926 1233 3979 12.
1257 3921 1318 3980 ait:
1341 3907 1455 3972 «Pale

458 4073 493 4137 (1)
512 4075 630 4126 advertas
651 4089 710 4126 vero
720 4077 746 4126 in
758 4076 805 4128 bac
820 4077 960 4128 nmatione
980 4089 1069 4128 nomeu
1080 4075 1229 4141 Babyloniae
1237 4074 1305 4125 hand
1314 4071 1358 4124 sibi
1373 4067 1423 4118 uelle
1433 4076 1455 4111 ⁵⁰

418 4152 546 4204 lummodo
573 4156 698 4206 civitatem
719 4157 772 4206 siue
795 4158 950 4221 metropolim
975 4157 1144 4220 assyriorum,
1164 4157 1208 4207 sed
1234 4155 1312 4218 accipi
1335 4139 1454 4214 quoquest

420 4235 559 4285 autemeam
577 4235 751 4286 chaldaeorum
773 4238 897 4301 regionem
914 4237 1117 4302 significaram,
1139 4237 1214 4288 sicuti
1228 4237 1254 4287 a
1277 4233 1335 4284 alibi
1353 4227 1454 4282 Bitiam

418 4327 551 4366 mororum.
571 4319 634 4368 lteru
649 4318 749 4368 Flauius
766 4319 852 4372 mart.
