3022 5178
832 411 1011 464 —allm

384 531 544 585 summatns
558 525 635 582 enim
649 525 680 580 in
693 522 786 598 brevi,
799 524 875 581 sicut
885 521 1034 597 Scriptura
1043 520 1184 596 loquitur,
1199 519 1236 596 (ι)
1248 519 1365 597 explerit
1376 531 1443 586 tem·

383 637 455 698 pora
469 622 577 696 multa3
592 619 699 696 placita
711 621 789 678 enim
803 625 866 678 erat
882 619 942 678 Deo
958 607 1055 676 anina
1072 618 1161 678 illitu.
1178 643 1190 670 »ι
1207 618 1333 706 Epistola
1345 639 1391 682 ιιι.
1408 625 1445 682 ad

384 721 481 778 virum
501 719 710 793 clarissimum,
729 717 831 777 sirach
848 717 885 793 (2)
901 717 991 776 rerba
1010 723 1168 777 memorat:
1188 743 1201 768 r
1213 718 1377 796 Praeterea,
1400 726 1446 779 in·

384 819 464 892 quit,
481 817 557 874 sicut
574 814 751 892 genitoribus
778 813 953 874 maledicens
975 814 1081 891 dignus
1096 821 1139 873 est
1155 819 1256 874 mortis
1274 815 1377 876 ultione
1390 835 1450 893 per·

385 913 470 989 uelli,
494 915 551 988 ita,
567 915 618 988 qni
632 917 797 972 reverenter
809 912 1002 987 obtemperat,
1021 917 1147 970 meretur
1160 911 1300 971 diuinitus
1316 913 1449 988 benedici,

384 1013 523 1086 seriptum
552 1016 596 1068 est
623 1012 715 1072 enim:
731 1010 874 1068 -nonora
896 1015 1007 1084 patrem
1024 1015 1123 1085 tuum,
1144 1016 1177 1068 ut
1199 1013 1383 1085 superveniat
1401 1011 1450 1068 tibi

378 1106 545 1165 benedictio
559 1123 577 1166 a
589 1106 729 1192 Domino,
750 1113 781 1164 et
800 1106 962 1165 benedictio
982 1105 1060 1164 illius
1075 1109 1107 1164 in
1124 1109 1284 1165 novissimo
1301 1115 1447 1166 maneat.»

384 1204 426 1263 De
436 1212 608 1280 contemptu
614 1206 721 1264 saeculi
728 1209 815 1281 juxta
823 1203 936 1263 Barncb
945 1203 983 1280 (3)
992 1207 1163 1263 sententiam
1175 1207 1281 1280 arguit:
1293 1205 1451 1280 «Reprimu-

292 1305 295 1312 “
386 1309 434 1360 tur
451 1319 520 1378 ergo
535 1302 656 1378 quilibet
675 1302 766 1361 irater
780 1304 903 1360 nuncin
918 1307 1043 1378 angusto
1058 1317 1127 1360 suae
1144 1305 1311 1361 remotionis
1331 1309 1452 1378 ergastu-

386 1398 433 1474 lo,
451 1405 485 1458 nt
497 1399 628 1458 lnilnitnc
643 1399 854 1477 magnitudinis
871 1399 975 1458 domus
997 1399 1053 1458 sibi
1067 1405 1183 1473 paretur
1200 1402 1231 1457 in
1251 1399 1343 1457 coelo.
1365 1400 1454 1458 liiere

386 1500 460 1556 mias
478 1499 535 1555 ait:
552 1495 601 1555 -0
619 1497 709 1556 lsrael
722 1513 811 1572 qnam
824 1513 932 1574 magna
949 1503 993 1556 est
1012 1496 1116 1556 domus
1133 1497 1203 1572 Dei,
1220 1503 1250 1555 et
1262 1498 1367 1574 ingens
1379 1497 1453 1556 locus

386 1597 574 1670 possessionis
590 1599 670 1671 ejus,
685 1611 826 1671 magnus,
843 1602 872 1654 et
887 1612 946 1653 non
964 1595 1053 1654 habet
1065 1597 1357 1669 consummationem,
1372 1595 1454 1652 excel·

386 1708 437 1750 sus
451 1698 480 1749 et
502 1693 698 1751 immensus.»
718 1693 754 1750 ln
771 1693 892 1768 epistola
918 1711 969 1751 xx.
998 1694 1036 1752 ad
1057 1693 1218 1752 Honorium
1237 1693 1277 1750 II.
1293 1695 1454 1767 antipapam

385 1787 527 1847 scribens:
547 1789 699 1849 «Multum
713 1805 783 1849 sane
802 1795 831 1849 te
847 1789 1003 1865 laetificat,
1017 1792 1112 1866 inquit
1125 1790 1240 1865 doctor,
1258 1789 1296 1864 (4)
1312 1789 1393 1865 quod
1407 1789 1452 1846 hu·

382 1886 511 1961 jusmodi
532 1893 561 1945 te
583 1887 732 1962 pontifices
747 1887 906 1964 elegerunt,
925 1888 1117 1964 placentinus,
1135 1887 1269 1946 videlicet
1283 1893 1314 1945 et
1330 1887 1455 1944 vercelli·

386 1998 458 2057 nus,
478 1984 529 2059 qui
548 1983 687 2044 nimirum
707 1985 832 2045 multum
855 1985 979 2061 petulci,
1003 2001 1038 2044 ae
1063 1986 1230 2060 proletarii,
1258 1987 1335 2043 sicut
1354 1990 1456 2041 norunt

386 2080 533 2156 disputare
547 2082 583 2141 de
600 2083 695 2158 specie
716 2081 926 2160 foeminarum,
940 2085 984 2142 sic
999 2086 1111 2142 utinam
1129 2085 1289 2158 potuissent
1305 2085 1339 2140 in
1358 2081 1456 2159 eligere

386 2178 425 2244 (lo
449 2178 583 2254 pontillee
602 2181 755 2256 perspicax
775 2180 882 2239 habere
894 2181 1050 2259 judicium,
1073 2181 1147 2240 licoe
1172 2183 1276 2239 iterum
1300 2179 1359 2238 duo
1382 2195 1458 2238 senes

388 2277 449 2351 illi,
468 2277 504 2334 de
520 2275 625 2352 quibus
639 2276 753 2337 locutus
766 2277 927 2357 Dominus,
946 2281 1029 2357 qnia:
1045 2311 1058 2324 ·
1070 2279 1194 2356 Egressa
1210 2283 1254 2338 est
1268 2279 1410 2355 iniquitas
1427 2278 1457 2336 de

388 2373 536 2450 Babylone
555 2390 573 2432 a
594 2374 711 2434 senibus
733 2375 901 2453 judicibus,
924 2379 975 2455 qni
995 2377 1168 2438 videbantur
1188 2391 1287 2453 regere
1308 2376 1458 2450 populum.»

388 2468 462 2528 Ecce
480 2473 585 2530 iterum
607 2471 741 2533 Susanna
757 2477 789 2533 in
804 2475 947 2552 juditium
963 2482 1099 2536 accusata
1116 2475 1295 2553 producitur.
1315 2473 1393 2532 Ecce
1409 2472 1457 2532 ial-

389 2583 455 2626 snm
469 2570 613 2629 innocenti
630 2574 739 2631 crimen
755 2573 930 2650 intenditur,
954 2581 988 2634 et
1003 2576 1122 2650 sanguis
1135 2575 1272 2632 innoxius
1286 2573 1457 2632 condemna·

387 2671 446 2723 tur.
463 2689 476 2716 ι»
493 2663 599 2743 Opusc.
620 2683 696 2728 ιιιιι.
717 2687 781 2747 cap.
809 2680 856 2730 ta.
875 2697 888 2722 «ι
901 2673 985 2746 Quod
1001 2672 1116 2732 facilius
1130 2675 1291 2749 exprimere
1306 2687 1458 2748 possumus

389 2763 493 2839 siquod
507 2766 540 2821 in
558 2767 684 2826 secundo
700 2766 944 2828 Macbabaeorum
961 2769 999 2845 (5)
1023 2770 1097 2829 libro
1123 2769 1291 2845 prohibetor
1307 2769 1459 2828 historiali·

387 2867 557 2938 tergestum
576 2861 793 2924 admemoriam
804 2866 991 2926 deducamus.
1015 2867 1066 2926 Ait
1078 2883 1146 2943 ergo
1168 2857 1332 2943 Scriptura:
1357 2898 1369 2911 ·
1391 2866 1459 2926 Cum

388 2959 421 3014 in
446 2957 608 3036 Persidem,
633 2962 746 3037 inquit,
766 2963 939 3023 ducerentur
960 2971 1056 3042 patres
1074 2967 1181 3041 nostri,
1211 2964 1394 3040 sacerdotes,
1414 2967 1458 3040 qui

389 3060 459 3114 tunc
472 3054 525 3114 Dei
541 3055 666 3116 cultores
676 3067 776 3136 erant,
792 3069 941 3136 acceptum
954 3065 1051 3140 ignem
1064 3063 1102 3122 ab
1115 3063 1200 3122 altari
1214 3061 1328 3122 occulte
1345 3061 1459 3122 abscon

388 3150 493 3213 derunt
512 3154 543 3212 in
564 3155 656 3233 ualle,
675 3157 726 3216 ubi
745 3165 807 3244 erat
822 3167 926 3236 puteus
945 3161 1020 3220 altus
1037 3167 1066 3219 ct
1085 3163 1194 3236 siccus,
1214 3163 1291 3219 etin
1312 3175 1349 3218 eo
1366 3165 1460 3218 conta

386 3251 442 3307 tati
453 3257 523 3312 sunt
535 3267 638 3311 enm.»
657 3253 682 3312 Ε
698 3257 799 3317 multis
813 3255 948 3317 Damiani
960 3259 1132 3318 oesdmoniis
1149 3274 1202 3334 pro
1215 3257 1298 3316 libris
1316 3256 1458 3332 Deuteris,

387 3344 461 3404 lecta
483 3347 646 3427 sufficiant,
667 3367 798 3428 quaeque
817 3356 917 3414 eadem
937 3356 1043 3415 fatetur
1071 3372 1134 3416 esse
1153 3355 1265 3414 exiliis
1287 3353 1459 3431 Scriptiirls,

388 3458 513 3519 quarum
534 3448 618 3522 epist.
644 3465 674 3507 v.
701 3452 857 3512 monachos
879 3453 917 3512 ad
937 3455 1069 3513 solertem
1091 3454 1307 3530 inquisitionem
1331 3450 1461 3510 bortatur

391 3553 478 3599 causa
494 3559 595 3602 earum
613 3545 753 3623 mysteria
769 3551 948 3624 penetrandi.

430 3637 457 3710 S.
480 3639 560 3699 XXI.
575 3641 799 3720 Theophilactus
813 3649 1042 3725 archiepiscopus
1057 3649 1244 3725 bulgarorum
1261 3648 1341 3705 circa
1354 3659 1458 3702 annun

394 3739 467 3790 1071
480 3738 567 3813 vixit,
581 3745 653 3800 teste
670 3742 804 3810 Baronin
822 3746 857 3804 ln
870 3746 1025 3806 nonnullos
1039 3745 1202 3823 scripturae
1214 3743 1305 3803 libros
1317 3755 1458 3800 commen·

391 3831 467 3888 tario
485 3837 597 3910 exegit,
613 3855 687 3914 quac
706 3841 851 3902 interdum
868 3844 1008 3920 objiciunt
1020 3845 1184 3907 testimonia
1202 3859 1218 3901 e
1240 3841 1342 3899 Bibliis
1359 3839 1458 3897 Deute-

392 3925 592 3992 ro-canonrcrs
613 3938 712 4011 petita.
734 3939 781 3998 Sic
798 3943 875 3998 enim
895 3941 1087 4000 Ecclesiastici
1107 3940 1277 4000 sententiam
1294 3937 1333 4012 (6)
1348 3946 1458 4010 praere·

418 4155 454 4219 (1)
468 4160 524 4223 Sap.
537 4173 560 4212 c.
571 4161 614 4213 IV.
627 4171 664 4216 io.
674 4191 704 4204 -
716 4167 824 4230 (ilTom.
838 4173 857 4220 1.
871 4183 894 4234 p.
910 4177 962 4222 rit.
974 4169 1071 4221 etEccl.
1083 4184 1105 4219 c.
1117 4171 1161 4219 lii.
1173 4195 1203 4206 -
1214 4167 1248 4230 (3)
1258 4169 1328 4218 Tom.
1339 4165 1380 4214 III.
1393 4167 1454 4226 11³2·

396 4237 525 4290 elliarucb
543 4255 565 4291 e.
574 4245 618 4294 ΙΙΙ.
627 4269 656 4282 -·
669 4246 703 4306 (l)
714 4251 783 4298 lom⁴
795 4253 812 4299 l,
825 4265 848 4314 p.
862 4259 897 4301 18.
910 4253 934 4299 et
945 4253 1006 4299 Dan.
1020 4265 1042 4298 e.
1055 4251 1120 4302 lllll.
1133 4249 1205 4312 -(b)
1216 4248 1329 4299 Tomlll.
1344 4239 1456 4308 piabat

394 4321 416 4364 2.
425 4317 486 4368 blac.
500 4333 522 4370 c.
534 4323 554 4370 1.
564 4349 595 4360 -
607 4321 640 4387 (a)
650 4324 714 4378 Edit.
723 4329 830 4379 venetiis
841 4367 848 4393 ,
859 4333 882 4380 et
893 4333 951 4381 tom.
960 4331 980 4379 Ι.
992 4343 1017 4393 p.
1029 4334 1079 4380 lit.
