3022 5178
779 409 819 424 ω·
839 383 895 438 itu
915 409 955 423 -—

329 499 405 558 larla
423 498 453 554 in
475 507 588 555 sacram
605 494 781 569 Serlptnram
800 495 949 570 conflavit,
963 509 1037 568 quac
1050 492 1088 550 ah
1099 509 1134 550 eo
1147 507 1282 570 syrorum
1296 495 1389 570 lingua

333 594 467 653 hommem
480 595 682 670 mysteriorum
692 598 905 666 nuncupantur.
921 590 1080 665 Postquam
1090 592 1152 664 ipse
1164 591 1323 649 Bibliorum
1334 607 1392 648 rcr-

331 694 466 764 slonem,
491 697 524 747 nt
541 692 634 764 primo
653 689 716 746 loco
740 688 821 763 disi,
846 687 1065 746 alexandrinam
1086 685 1208 745 Pluscr'to
1231 691 1395 762 interpretu-

330 789 406 845 tioni
424 787 576 861 praetulit,
602 791 632 844 et
655 791 789 842 exactum
811 790 841 842 et
861 783 995 842 omnihus
1018 785 1147 842 nummis
1167 783 1352 858 absolutum,
1370 791 1397 842 et

225 949 228 956 ,
336 883 545 958 apostolicum,
600 884 766 958 ryptiaeum
791 887 904 938 testum
925 883 1123 955 nuncuparit3
1145 880 1249 938 deinde
1270 883 1397 954 seqnitur

334 979 406 1036 ordo
419 979 559 1036 librorum
573 993 735 1053 sacrorum,
750 992 835 1053 quiem
849 979 909 1035 suis
925 979 958 1034 in
970 979 1182 1035 commentariis
1195 977 1399 1036 serravitBar·

336 1075 492 1134 hebraeus:
511 1100 525 1125 α
538 1075 637 1133 Primo
654 1080 864 1133 commentatus
880 1080 924 1132 est
933 1072 1179 1148 Pentateuchnm,
1191 1073 1295 1132 deinde
1312 1073 1400 1131 libros

334 1172 442 1249 lasne,
463 1172 616 1247 indicum,
637 1170 779 1230 Samuelis
792 1174 918 1246 primum
936 1177 966 1229 et
981 1170 1156 1246 secundnm,
1170 1171 1323 1246 Psalmos,
1344 1173 1400 1244 pri·

337 1285 419 1328 mum
430 1275 460 1328 et
475 1269 635 1328 secundnm
651 1269 783 1344 Regum,
802 1268 977 1343 Proverbia,
991 1267 1242 1342 Ecclesiasticum,
1260 1268 1401 1326 Ecclesia·

337 1373 419 1443 sten,
439 1365 610 1442 Canticum,
631 1363 823 1442 Sapientiam,
845 1365 947 1440 Enth,
969 1363 1119 1424 susannae
1134 1363 1306 1440 historiam,
1328 1365 1399 1440 leh,

332 1464 456 1539 lsaiarn,
476 1462 628 1522 duodecim
644 1462 804 1537 Prophetas
822 1463 966 1537 minores,
984 1461 1161 1520 Hieremiam
1178 1477 1245 1520 earm
1264 1461 1399 1537 Threnis,

335 1559 526 1635 Ezechielem,
537 1559 684 1618 Danielem
696 1575 764 1618 cum
774 1559 956 1618 historieBel
966 1559 1150 1618 etdraconis.
1165 1583 1180 1608 a
1193 1558 1256 1616 lloc
1268 1560 1302 1616 in
1314 1575 1401 1618 censa

247 1721 251 1728 ,
334 1671 404 1715 vern
419 1656 620 1716 desiderantur
641 1656 699 1715 duo
722 1656 790 1715 libri
818 1655 1078 1731 Paralipomenon,
1097 1654 1205 1712 Esdras
1221 1661 1250 1712 et
1264 1655 1401 1731 Neernia,

333 1753 457 1829 Esther,
471 1752 595 1829 Tobiae,
611 1751 714 1812 iudith
730 1759 760 1812 et
776 1752 1020 1814 Machuhaeorum
1035 1751 1166 1810 historia.
1188 1751 1343 1810 Praeterea
1356 1752 1402 1810 ed·

330 1850 408 1908 didit
416 1851 588 1925 Assemani,
606 1852 717 1925 ipsum,
731 1851 807 1908 inter
824 1848 978 1908 hellenieos
997 1851 1165 1923 interpretes
1180 1847 1350 1906 divinorum
1370 1849 1401 1906 li·

332 1946 471 2023 brorum,
487 1963 662 2006 memorasse
684 1946 790 2005 diuum
818 1945 959 2005 loannem
989 1945 1139 2004 Maronem
1158 1945 1265 2004 librum
1283 1944 1399 2020 Sapien-

332 2047 390 2102 tiae
409 2061 472 2103 esse
488 2049 723 2102 commentatum.

376 2141 404 2214 S.
425 2140 519 2199 XXX.
540 2139 673 2216 DeLyra
691 2141 827 2200 Nicotaus
854 2144 886 2200 in
907 2149 990 2202 vetus
1007 2147 1036 2202 et
1054 2157 1165 2202 norum
1193 2147 1398 2200 testamentum

331 2239 429 2313 exegit
448 2240 671 2313 commentaria,
691 2239 739 2298 vel
760 2241 856 2314 potins
867 2237 1038 2316 post-illas,
1059 2255 1134 2314 quae
1152 2240 1274 2315 singulis
1293 2239 1398 2296 Biblio-

334 2349 400 2392 rum
419 2334 551 2394 versibus
570 2335 713 2410 adposuit.
734 2337 769 2394 ln
789 2337 844 2395 hoc
861 2353 946 2411 opere
961 2335 1124 2414 Scripturas
1136 2353 1250 2414 qnoque
1263 2337 1400 2396 Dmrtere

338 2429 498 2490 Canonicas
512 2437 556 2490 est
568 2433 780 2507 interpretatus.
801 2430 939 2492 Attamen
955 2432 1105 2492 fatendum
1117 2440 1233 2492 estnon
1250 2449 1346 2508 aequo
1357 2448 1401 2490 er·

213 2579 215 2584 .
335 2529 469 2604 planasse
487 2529 577 2588 rerba
596 2529 657 2587 diri
674 2529 846 2606 Hiemnymi
858 2533 889 2588 in
902 2530 1021 2606 prologo
1033 2531 1174 2590 librorum
1190 2530 1355 2590 Salomonis
1367 2529 1401 2588 de

335 2624 382 2683 his
402 2626 501 2684 libris:
522 2651 535 2676 a
547 2625 594 2685 Sic
610 2633 640 2685 et
658 2626 730 2686 haec
746 2628 914 2703 volumina,
933 2629 1047 2704 inquit,
1067 2629 1145 2704 legat
1160 2628 1290 2686 Ecclesia
1307 2627 1347 2686 ad
1359 2641 1400 2686 ae·

332 2721 526 2782 difieahonem
540 2722 648 2798 plebis,
662 2739 722 2782 non
733 2723 771 2782 ad
784 2727 983 2784 auctoritatem
1006 2726 1263 2784 ecelesiasticorum
1280 2724 1399 2800 dogma-

333 2826 396 2878 tum
415 2821 654 2880 confirmandam.
667 2845 680 2870 r
697 2821 759 2878 Hac
772 2823 804 2880 in
819 2824 962 2882 sententia
978 2823 1139 2880 discernere
1155 2825 1216 2897 ipse
1232 2821 1309 2880 velle
1321 2821 1399 2880 vide-

331 2921 380 2974 tur
401 2917 661 2980 Pmmtenomms
675 2917 837 2992 Seriptmas
855 2935 875 2976 a
891 2919 1199 2994 Dantem-Canonieis,
1218 2923 1357 2993 reputans
1369 2919 1397 2974 in

331 3013 480 3073 Prioribus
499 3014 654 3090 Scripturis
670 3015 744 3076 nihil
761 3018 887 3074 inveniri
902 3015 989 3092 falsi,
1004 3017 1055 3076 sed
1064 3019 1163 3076 omnia
1181 3021 1211 3074 et
1223 3015 1341 3091 singula
1357 3015 1398 3072 di·

331 3112 441 3172 vinitus
461 3127 524 3170 esse
542 3114 697 3187 inspirata,
716 3117 745 3169 et
768 3129 784 3174 e
813 3119 914 3170 contra
937 3113 974 3170 de
994 3112 1125 3172 Deuteris
1147 3112 1248 3171 Btbliis
1268 3111 1325 3170 hoc
1342 3111 1398 3170 dici

331 3223 390 3266 non
410 3223 514 3284 pesse3
532 3225 607 3284 qnae
621 3210 817 3284 interpretatio
836 3211 923 3268 nimis
951 3208 1025 3268 dura
1042 3215 1161 3284 apparet
1177 3215 1207 3268 et
1225 3211 1337 3284 inepta,
1361 3210 1397 3266 si-

328 3304 447 3380 qnidem
466 3321 559 3380 neque
573 3305 783 3381 Hieronymus,
799 3312 833 3365 ut
845 3322 899 3365 sno
910 3306 974 3364 loco
986 3305 1060 3381 dixi,
1069 3306 1146 3364 hane
1162 3304 1395 3380 explanationem

274 3469 277 3480 Ι
331 3404 391 3460 suis
414 3403 472 3462 illis
491 3402 587 3462 verbis
604 3406 724 3478 nexuit,
744 3419 838 3478 neque
867 3402 998 3462 doctores
1018 3403 1203 3462 ecelesiastici
1227 3403 1398 3478 Hieronpmi

330 3499 498 3572 interpretes
515 3506 543 3558 et
558 3505 712 3558 sectatores
731 3499 808 3557 hanc
830 3499 1023 3558 differentiam
1043 3502 1254 3576 excogitarunt.
1278 3498 1399 3556 Minime

330 3612 401 3654 veru
417 3603 462 3656 est
479 3600 509 3656 in
522 3598 639 3674 Lyrano
652 3596 817 3656 mirandum
831 3599 972 3674 quidquid
990 3602 1051 3674 ipse
1071 3599 1107 3657 de
1121 3601 1227 3656 nostris
1242 3597 1398 3672 Scripturis

332 3695 467 3768 scripsit,
488 3693 536 3754 ille
560 3683 654 3770 enim,
680 3701 714 3758 ut
731 3696 852 3772 vulgata
876 3697 973 3770 opinio
995 3703 1054 3770 est,
1072 3698 1183 3772 origine
1199 3695 1345 3770 judaeus,
1365 3709 1398 3750 ae

332 3795 433 3866 postea
461 3789 635 3852 christianus
659 3791 795 3856 Fratrum
815 3791 963 3853 Minornm
984 3795 1149 3852 institutum
1167 3792 1319 3866 amplexus
1336 3796 1397 3865 est,

332 3885 384 3946 nbi
399 3888 432 3947 in
447 3901 562 3948 sacram
578 3887 757 3963 scripturam
774 3889 949 3952 celebratum
969 3905 1044 3965 opus
1065 3889 1195 3964 perfecit.
1214 3887 1258 3946 De
1275 3887 1332 3946 hoe
1356 3889 1397 3945 in·

332 4001 419 4062 super
433 3985 506 4044 mihi
524 3993 624 4045 notare
648 3987 756 4062 placet,
780 3988 859 4063 quod
877 4005 914 4048 ex
931 3989 1104 4050 adversariis
1122 3987 1242 4064 qnidam
1258 3987 1392 4060 scripsit:

337 4083 566 4158 «Inscripturas
583 4084 695 4161 Lyrani
710 4087 871 4144 notationes
888 4101 975 4163 quam
991 4087 1223 4162 accuratissimae
1242 4083 1394 4155 hahentur,

335 4188 365 4240 et
382 4184 443 4257 ipse
455 4183 607 4256 praecipue
621 4183 775 4242 litteralem
788 4198 905 4242 sensum
916 4185 1050 4259 inspicit,
1067 4185 1114 4242 cui
1131 4188 1228 4242 tamen
1241 4179 1394 4255 aliquando

335 4277 500 4343 scholarum
514 4279 702 4344 subtilitatem
713 4281 824 4344 inserit
845 4280 881 4341 In
898 4281 944 4342 sni
958 4281 1073 4344 landem
1085 4295 1199 4356 quoque
1214 4276 1393 4340 animadver-
