2964 5174
787 369 948 419 -90-

329 481 420 555 ipsius
434 479 592 537 sonandas
612 476 746 551 amplecti
762 492 823 536 non
837 476 962 553 pigebit,
977 477 1109 552 quinimo
1121 481 1146 538 si
1160 479 1196 537 de
1208 479 1288 557 hoe,
1302 481 1342 540 ab
1353 488 1411 560 ejus

252 579 255 592 '
329 576 426 652 fama,
445 574 554 635 honore
568 579 598 633 ct
610 575 826 650 aestimatione,
841 590 931 651 quam
945 573 983 633 ab
995 575 1131 634 omnibus
1153 576 1232 636 illius
1254 581 1323 637 aevi
1344 585 1412 641 viris

328 673 451 749 adeptus
467 679 528 747 est,
547 673 700 733 decernere
716 673 857 748 velimus,
878 679 995 732 tantum
1010 672 1089 733 illius
1109 673 1146 733 de
1165 674 1328 751 Scripturis
1344 678 1414 739 Deu-

329 773 560 832 teroCanonicis
582 773 782 831 testimonium
802 777 832 830 et
851 771 924 830 fides
947 771 1123 831 sufficerent.
1144 771 1181 832 Et
1195 780 1230 832 ut
1256 778 1359 834 omnia
1376 778 1415 836 ita

329 888 361 930 se
375 872 480 930 habere
500 871 652 946 dicantur,
673 871 782 946 absque
799 886 884 928 mora
902 870 981 928 illius
1001 872 1109 946 scripta
1129 871 1338 931 devolvamus.

368 968 477 1028 Contra
496 968 611 1027 Celsum
635 967 710 1027 libro
730 985 783 1025 111.
814 983 879 1043 cap.
902 976 951 1027 72.
970 967 1009 1044 (1)
1023 968 1060 1026 de
1084 968 1186 1028 divina
1207 968 1415 1045 Sapientiam

329 1069 420 1142 ipsius
437 1067 511 1124 libro
529 1066 613 1143 legii:
642 1065 788 1137 κΦνίσομεν
805 1068 847 1118 οὖν
870 1066 914 1120 καί
941 1067 1004 1140 πρὸς
1024 1076 1121 1132 τοῦτο,
1144 1065 1183 1123 ὅτι
1200 1067 1277 1138 εἴπερ
1297 1069 1314 1128 ἦ
1338 1070 1414 1142 σοφία

326 1165 461 1236 ε’πνστνίμη
476 1164 549 1219 θείων
565 1166 634 1227 ἐστι,
654 1167 699 1219 καί
719 1165 877 1240 ἀνθρωπίνων
894 1167 1067 1240 πραγμάτων,
1083 1171 1128 1222 καί
1145 1172 1190 1222 τῶν
1210 1168 1309 1223 τοιίταν
1326 1170 1416 1224 αἰτίαν·

328 1253 388 1320 Me
407 1258 419 1310 ο’
438 1255 510 1320 θεῖος
525 1257 606 1328 λόγος
624 1257 745 1332 ὁρίζετι,
773 1257 853 1332 οίτμίς
868 1262 914 1320 τῆς
930 1263 974 1312 τοῦ
991 1263 1058 1313 Θεοῦ
1070 1261 1208 1330 δυνάμεως,
1225 1261 1273 1313 καί
1299 1257 1417 1334 οἱπόρῥοια

328 1354 374 1414 τῆς
390 1355 435 1403 τοῦ
450 1353 656 1424 παντοκράτορος
678 1353 754 1418 δόξης
776 1353 933 1423 εἰλικρινής,
953 1353 999 1406 καί
1017 1353 1184 1425 ἀπαύγασμα
1211 1352 1298 1426 φωτὸς
1327 1352 1416 1416 ἀῖδίοο,

327 1443 373 1497 καί
394 1442 519 1516 ἔσοπτρον
541 1443 697 1504 οίκκλίδωτον
717 1447 763 1506 τῆς
786 1447 832 1498 τοῦ
853 1449 920 1500 Θεοῦ
942 1445 1086 1517 ἐνεργείας,
1111 1447 1156 1499 καί
1179 1446 1254 1500 είκιίν
1288 1445 1337 1506 τῆς
1355 1443 1417 1516 οἷγα·

332 1533 444 1598 θότητος
462 1537 561 1601 αὐτοῦ,
575 1539 596 1596 i.
612 1555 638 1596 e.
655 1537 875 1613 Respondemus
894 1553 964 1614 ergo
980 1545 1009 1597 et
1027 1539 1065 1597 ad
1080 1538 1155 1612 boc,
1173 1539 1321 1613 quoniam
1334 1538 1415 1612 siqui-

331 1633 398 1692 dem
410 1634 561 1710 'Sapicntia
579 1637 707 1712 cognitio
724 1635 893 1694 divbrarum
909 1642 972 1711 est,
993 1642 1022 1694 et
1039 1636 1237 1694 humanarum
1259 1649 1372 1710 rerum,
1392 1641 1417 1694 et

331 1731 438 1792 harum
454 1735 608 1792 camaram
620 1753 628 1810 ς
644 1741 696 1792 aut
707 1734 853 1810 quomodo
867 1750 963 1792 sermo
977 1734 1096 1792 divinus
1111 1733 1228 1792 delinit:
1243 1731 1284 1808 (a)
1297 1763 1310 1776 ·
1325 1733 1415 1807 vapor

332 1831 450 1890 divinae
464 1833 624 1908 potestatis,
635 1838 664 1892 et
674 1831 824 1892 affluentia
838 1831 959 1907 limpida
973 1833 1178 1906 omnipotentis
1192 1831 1320 1906 gloriae,
1331 1830 1416 1905 splen·

333 1929 388 1986 dor
401 1929 474 1987 lucis
484 1934 629 2006 aeternae,
642 1937 670 1990 et
684 1930 833 2006 speculum
848 1933 910 1990 sine
923 1929 1039 1988 macida
1048 1928 1102 1988 Dei
1112 1931 1293 2005 majestatis,
1306 1934 1336 1986 et
1347 1929 1412 1986 ima·

334 2043 373 2103 go
385 2027 523 2086 bonitatis
541 2027 629 2086 illius.
646 2053 658 2078 ν
676 2027 711 2086 lu
725 2027 859 2088 eumdem
875 2026 950 2086 libro
966 2044 996 2086 v.
1018 2043 1083 2102 cap.
1101 2033 1138 2085 29
1159 2026 1197 2102 (3)
1214 2043 1253 2085 ex
1271 2024 1373 2084 codem
1384 2025 1413 2083 li·

333 2123 386 2182 hro
405 2125 508 2183 sumit:
529 2149 541 2176 a
557 2123 666 2188 Ἀσεβές
682 2127 733 2198 γοίρ
748 2126 776 2179 τί
794 2127 920 2188 τοιοῦτον,
932 2123 1095 2199 παραδοσίαν
1109 2124 1230 2197 περιέχον
1247 2125 1296 2177 τῶν
1314 2123 1414 2196 οἰπορρνί
1469 2135 1470 2228 )

333 2225 437 2284 τωντῆς
458 2225 503 2276 τοῦ
517 2226 584 2278 Θεοῦ
602 2224 696 2297 σοφίας
712 2225 814 2297 λογίων·
833 2229 893 2297 περί
910 2221 942 2288 ἧς
957 2228 1040 2286 καλῶς
1051 2224 1209 2297 γέγραπται·
1234 2219 1270 2285 (4)
1294 2221 1332 2283 είς
1348 2221 1416 2274 κακά·
1469 2253 1470 2302 γ

334 2315 528 2388 τεχνονψοχήν
546 2317 590 2369 ου’νν
606 2317 786 2372 εἰσελεύσεται
802 2318 883 2391 σοφία
902 2359 908 2382 ,
925 2301 981 2372 oribe*
996 2317 1145 2376 κατοικήσει
1169 2317 1194 2368 ἐν
1219 2317 1323 2386 σώματι
1345 2313 1415 2366 κατοί-
1469 2315 1470 2352 1

333 2407 550 2480 χρεῳὰμαρτίαι,
566 2411 586 2466 i.
603 2426 629 2468 e.
645 2409 771 2484 Impium
792 2412 871 2468 enim
887 2410 945 2468 tale
959 2416 1003 2468 cst
1015 2408 1137 2484 prodere
1148 2423 1259 2466 arcana
1274 2406 1363 2465 verba
1374 2405 1410 2462 di·

335 2508 423 2565 vinae
441 2507 624 2582 Sapientiae,
647 2507 684 2566 de
701 2523 759 2582 qua
776 2507 896 2582 pulchre
918 2509 1059 2582 scriptum
1077 2512 1138 2566 est:
1155 2537 1167 2552 ·
1182 2507 1219 2565 ln
1242 2504 1410 2564 malevolam

336 2607 464 2662 animam
481 2621 541 2665 uon
558 2604 690 2664 introibit
705 2605 869 2683 Sapientia,
882 2623 935 2665 nec
951 2605 1095 2664 habitabit
1113 2607 1145 2663 in
1163 2620 1287 2679 corpore
1308 2600 1413 2660 subdito

336 2705 500 2776 peccatis.»
520 2703 633 2762 Pariter
656 2705 687 2761 in
701 2704 860 2781 Epistolam
875 2705 913 2763 ad
925 2705 1065 2763 hebraeos
1083 2702 1223 2778 Origenes
1241 2701 1280 2778 (5)
1297 2699 1414 2776 ejusdem

336 2800 502 2876 Scripturae
521 2802 612 2860 verba
629 2804 744 2862 retulit:
765 2829 777 2854 «
791 2803 865 2862 Cum
883 2809 982 2864 autem
1005 2803 1161 2862 discutitur
1186 2801 1263 2876 hoc,
1285 2797 1361 2875 quod
1377 2795 1413 2854 di·

337 2905 417 2958 ctum
433 2906 477 2958 est
494 2901 529 2959 dc
538 2899 613 2961 Filio
627 2901 699 2978 Dei,
718 2902 797 2978 quod
812 2904 851 2960 sit
866 2900 1001 2976 splendor
1020 2901 1146 2977 gloriae,
1162 2899 1328 2958 necessario
1346 2893 1413 2952 vide

336 3003 385 3056 tur
403 2999 491 3056 simul
517 2999 717 3059 disserendum
744 3006 773 3059 et
799 3001 890 3076 illud,
919 2999 998 3076 quod
1026 2999 1222 3074 dictumest,
1246 3011 1307 3054 non
1331 2993 1413 3052 solum

292 3153 296 3166 ,
337 3095 415 3170 quod
433 3096 569 3172 splendor
588 3097 662 3156 lueis
677 3105 811 3157 aeternae
831 3106 893 3173 est,
914 3098 966 3157 sed
985 3104 1014 3156 et
1029 3095 1108 3172 quod
1131 3096 1201 3155 hiric
1219 3094 1315 3154 simile
1330 3094 1359 3148 in
1371 3089 1411 3148 Sa

335 3195 444 3266 pientia
459 3193 622 3253 Salomonis
640 3195 781 3270 refertur,
796 3199 900 3272 inqua
918 3198 1044 3272 seipsam
1061 3194 1210 3269 Sapientia
1226 3189 1363 3251 describit
1373 3186 1410 3244 di·

336 3305 421 3349 cens:
438 3291 563 3367 -vapor
583 3299 626 3351 est
646 3295 763 3352 virtutis
781 3293 834 3352 Dei
853 3299 882 3352 et
901 3293 1063 3369 aporrhoea
1084 3292 1193 3368 gloriae
1218 3284 1411 3364 omnipotentis

337 3389 501 3462 purissima.
517 3414 529 3440 ν
548 3389 585 3448 Et
597 3397 662 3466 post
676 3392 819 3451 nonnulla
833 3393 978 3467 sequitur:
1000 3390 1147 3466 «Oportet
1159 3395 1259 3448 autem
1272 3387 1343 3446 scire
1356 3395 1410 3453 ιον,

336 3486 406 3558 quia
419 3501 470 3560 per
483 3485 646 3546 ineffabilia
667 3489 829 3566 quaedam,
847 3495 876 3547 et
890 3494 1019 3564 secreta,
1039 3504 1074 3547 ac
1089 3486 1251 3562 recondita,
1268 3479 1412 3562 quemdam

337 3582 457 3640 modum
477 3585 533 3643 sibi
550 3585 659 3644 faciens
676 3585 826 3662 Scriptura
839 3593 942 3646 saneta
958 3592 1081 3646 conatur
1095 3583 1266 3646 bominibus
1284 3581 1410 3648 mutuare,

338 3686 367 3738 et
384 3682 563 3741 intellectum
580 3699 734 3760 suggerere
747 3684 894 3767 subtilem.
916 3686 1040 3761 Vaporis
1056 3685 1134 3742 enim
1147 3699 1255 3742 nomen
1265 3679 1410 3746 inducens,

339 3778 395 3836 hoc
412 3777 477 3838 ideo
494 3779 530 3838 de
543 3781 629 3840 rebus
642 3783 842 3858 corporalibus
863 3785 1041 3859 assumpsit,
1055 3789 1090 3843 ut
1106 3781 1154 3840 vel
1172 3798 1209 3840 ex
1229 3775 1410 3856 paricelluli

338 3877 500 3956 intelligere
512 3882 675 3958 possimus,
691 3883 836 3959 quomodo
850 3882 1002 3958 Christus,
1016 3882 1067 3958 qui
1081 3885 1125 3940 est
1138 3878 1303 3956 Sapientia,
1322 3883 1409 3932 secun·

339 3975 410 4036 dum
432 3979 652 4040 similitudinem
672 3985 733 4058 ejus
751 3983 886 4059 vaporis,
908 3980 1010 4058 quide
1032 3979 1195 4040 substantia
1214 3978 1407 4054 aliquarum

367 4223 401 4290 (ι)
411 4227 477 4278 uuit.
489 4229 589 4280 parisus
598 4232 767 4294 napaea-
777 4231 810 4294 (ο)
823 4233 960 4296 sapam.
973 4237 1044 4281 ra-
1054 4228 1088 4294 (a)
1098 4219 1346 4291 rennuere-(3)
1356 4217 1400 4276 ὅτι·

340 4321 362 4356 c.
374 4309 394 4356 Ι.
406 4312 429 4358 4.
441 4335 472 4346 -
481 4308 516 4373 (5)
526 4312 597 4360 Tom.
608 4313 650 4360 IV.
661 4325 686 4373 p.
698 4317 752 4363 697.
765 4315 789 4362 et
801 4315 856 4375 sap.
869 4315 947 4362 avil.
963 4319 1000 4361 25.
