2964 5174
829 411 869 423 —-
892 387 946 440 iti
967 407 1007 422 -

377 497 544 559 inficiantur
557 497 667 576 Judaei.
690 496 738 556 Sic
756 499 835 556 enirn
853 511 1022 572 responsum
1038 494 1150 571 perlicit
1166 495 1202 553 de
1218 494 1263 554 bis
1278 492 1416 572 Scripturis:

381 623 394 647 o
405 598 481 671 ’Υπὲρ
494 595 649 670 αὐταρκείας
664 597 716 667 γάρ
728 595 758 650 αἱ
778 597 904 648 τοσαῦται
920 593 1167 667 προσῖνιστορημέναι
1183 593 1247 646 ar'cr'r
1263 591 1297 656 εἷς
1311 593 1417 664 ἀπόδειξιν

375 697 424 748 τῶν
447 690 620 766 ζητηθέντων,
638 689 708 762 μετὰ
724 692 768 744 tola
788 687 975 762 λεχθήσεσθαι
993 689 1137 762 μελλόντων
1157 689 1212 761 παρ’
1229 689 1287 761 ἡμῖν
1302 707 1422 765 'apoteca-

375 785 528 858 λαγμένων,
548 785 569 840 i.
594 799 620 841 e.
643 781 720 842 Satis
742 783 822 840 euim
847 783 907 840 sint
921 781 957 856 (o
978 781 1116 858 Trypho)
1130 787 1174 840 tot
1194 787 1278 840 antea
1298 790 1424 842 enarratae

376 878 541 955 scripturae
563 882 595 938 in
612 879 886 939 demonstrationem
904 893 1020 954 eorum,
1039 893 1114 954 quae
1137 881 1318 954 requiruntur
1334 886 1426 954 praeter

374 977 457 1054 illas,
478 993 553 1054 quae
565 977 754 1054 proferendae
766 982 863 1036 essent
877 977 956 1052 apud
968 993 1022 1034 nos
1035 981 1176 1035 servatae.
1191 998 1203 1028 ι
1220 977 1425 1050 Quomodoctuu·

376 1091 434 1152 quo
447 1076 567 1135 mutiam
581 1075 691 1134 tustini
704 1077 848 1134 sententia
862 1074 911 1133 bio
924 1075 1103 1150 accipiatur,
1117 1089 1266 1150 nunquam
1283 1073 1427 1150 deneganda

371 1175 428 1232 erit
443 1173 522 1232 illius
543 1175 575 1232 in
593 1173 718 1234 citandis
737 1173 893 1248 scripturis
904 1187 1004 1230 oorarn
1012 1171 1127 1248 judaeis
1145 1187 1236 1247 cura,
1257 1173 1303 1230 vel
1320 1171 1424 1246 pruden-

374 1273 431 1346 tia,
452 1287 527 1347 quae
545 1274 577 1330 in
594 1271 682 1348 hujus
695 1273 871 1348 quaestionis
886 1270 945 1328 flue
964 1273 1092 1328 maxime
1110 1272 1165 1328 erit
1182 1269 1425 1329 animadvertenda.

414 1368 442 1443 s.
465 1369 519 1426 ΙΠ.
542 1369 584 1427 De
601 1369 793 1444 prodionitis,
811 1368 859 1427 vel
881 1368 1055 1426 bermiotitis
1081 1367 1253 1442 baamtiois,
1268 1368 1318 1442 qui
1335 1368 1427 1428 meede

374 1466 540 1541 Apostolico
557 1469 713 1543 vixerunt,
741 1469 783 1526 eit
800 1466 974 1526 Philocte-ius
997 1465 1033 1524 de
1053 1465 1298 1540 haeresibus,eos
1315 1467 1355 1522 uti
1370 1464 1428 1522 libro
1472 1511 1473 1516 ,

376 1563 543 1638 Sapientiae
564 1563 666 1623 sirach
684 1564 778 1639 illius,
802 1567 854 1640 qni
873 1565 989 1638 scripsit
1005 1569 1072 1638 post
1089 1563 1284 1637 Salomonem,
1298 1561 1366 1620 idest
1379 1567 1428 1636 post

374 1661 474 1719 multa
486 1667 637 1737 tempora,
656 1662 765 1721 librum
784 1677 877 1722 uuum
895 1663 1068 1738 Sapientiae.
1472 1671 1473 1674 ’

415 1757 443 1833 S
466 1759 518 1817 IV.
542 1759 629 1818 Hune
642 1759 751 1818 librum
765 1761 874 1836 pariter
890 1759 1088 1835 Hegesippus,
1102 1759 1154 1832 qui
1168 1757 1271 1816 mdem
1285 1755 1429 1814 Justiniae
1472 1795 1473 1810 r

282 1927 285 1932 1
373 1862 436 1914 tate
453 1858 529 1916 vixit
537 1859 676 1934 ,origiue
688 1857 848 1933 hebraeus,
862 1860 918 1916 ut
910 1873 972 1932 rpse
988 1855 1113 1931 latetur,
1128 1862 1158 1914 et
1171 1861 1273 1930 postea
1285 1854 1322 1911 ab
1331 1819 1473 1929 judaeo

372 1969 439 2014 rum
459 1955 598 2030 religione
620 1955 658 2014 ad
674 1955 823 2014 Christum
836 1958 934 2030 venit,
949 1953 1083 2014 laudibus
1096 1955 1281 2028 prosequitur
1294 1955 1374 2027 juxto
1384 1949 1473 2008 Eu

372 2049 503 2126 cebium,
522 2051 560 2126 (i)
583 2059 612 2110 et
631 2052 860 2129 Nyoepborum,
880 2053 980 2128 (alqui
999 2052 1036 2109 de
1056 2051 1135 2109 illius
1152 2050 1288 2108 doctriua
1300 2048 1473 2121 etscriptis
1472 2079 1473 2082 =

379 2151 555 2207 mentionem
574 2149 713 2208 lecerunt.
730 2149 868 2208 Historici
881 2148 968 2208 ambo
980 2154 1093 2223 praetor
1108 2147 1167 2206 alia
1182 2151 1306 2206 narrant
1321 2143 1429 2204 eumin
1472 2213 1473 2232 Χ

374 2245 570 2322 Hegesippum
587 2253 755 2322 ceterosque
773 2247 919 2306 Ecclesiae
938 2246 1071 2304 doctores
1093 2245 1200 2304 librum
1219 2242 1323 2304 sirach
1338 2241 1380 2300 vel
1389 2239 1428 2298 Ee-

371 2344 584 2420 elesiasticum,
599 2345 752 2420 parabolas
769 2345 933 2403 Salomonis
950 2359 1144 2419 nuncupasse.
1159 2343 1299 2402 Attamen
1309 2345 1388 2417 juxta
1397 2339 1428 2395 la·
1472 2329 1473 2377 i

371 2444 466 2500 tinam
489 2445 654 2500 versionem
670 2459 688 2500 a
706 2442 796 2500 Lausi
814 2449 843 2501 et
862 2459 880 2501 a
895 2441 1027 2501 Dadraco
1044 2442 1180 2500 collatam
1200 2457 1217 2498 e
1235 2455 1351 2516 graeco,
1375 2436 1429 2494 oele

373 2537 451 2597 breti
469 2545 601 2598 auctores
619 2555 679 2598 nou
697 2538 833 2598 videntur
848 2541 890 2597 sie
905 2540 1064 2614 scripsisse.
1086 2537 1229 2596 Eusebius
1243 2539 1284 2594 ait
1293 2540 1373 2612 juata
1388 2532 1430 2590 lla·
1472 2559 1473 2604 3

374 2635 511 2694 draeum:
532 2663 544 2687 a
556 2637 594 2695 Et
607 2636 666 2696 alia
683 2643 907 2713 commemorat,
923 2636 997 2696 idest
1009 2636 1204 2714 Hegesippus,
1219 2651 1257 2692 ea
1264 2633 1377 2710 judaieo
1386 2635 1430 2686 tra·

373 2731 484 2792 ditione
500 2751 559 2792 nou
585 2737 691 2810 scripta
703 2754 712 2810 ς
733 2751 793 2793 non
809 2735 904 2794 solum
920 2736 1001 2812 ipse,
1016 2733 1068 2791 sed
1080 2733 1218 2791 irenaeus
1229 2773 1240 2806 ,
1255 2737 1285 2790 et
1298 2729 1384 2788 omnis
1395 2742 1430 2784 ao·

371 2832 520 2906 tiquorum
538 2830 625 2890 turba
645 2831 803 2892 Proverbia
822 2832 985 2892 Salomonis
1003 2831 1111 2890 librum
1137 2847 1201 2889 esse
1221 2828 1368 2904 praeclara
1386 2825 1430 2882 eri·
1472 2843 1473 2910 ἦ

372 2930 489 3004 miaque
506 2931 649 3004 sapientia
666 2931 805 2988 refertum
819 2929 1015 2988 affirmabant.
1030 2954 1043 2978 ν
1065 2927 1248 3004 Nicephorius
1262 2930 1348 3002 juxta
1362 2921 1430 2982 taut
1472 2931 1473 2968 ³

373 3026 462 3084 dicit:
482 3027 583 3085 «Tum
599 3029 670 3086 satis
684 3026 794 3086 indicat
814 3043 832 3086 a
847 3028 963 3104 judaeis
978 3043 1010 3086 se
1027 3027 1065 3084 ad
1084 3026 1335 3084 christianismum
1353 3033 1430 3096 perit

371 3127 469 3200 nisse,
491 3128 673 3184 mentionem
691 3143 805 3201 quoque
824 3126 896 3184 facit
915 3125 1040 3184 diarum
1058 3141 1174 3200 rerum,
1194 3140 1232 3181 ex
1253 3121 1368 3198 judaica
1386 3118 1432 3173 sint

371 3225 479 3297 scripto
492 3223 658 3298 traditione,
669 3230 698 3282 et
712 3227 820 3282 virtute
841 3225 922 3282 omni
937 3222 1072 3281 mutam
1089 3223 1286 3297 sapientiam,
1303 3212 1431 3294 puniam

369 3319 533 3378 Salomonis
551 3328 656 3396 vocat,
672 3338 732 3379 uon
750 3324 812 3397 ipse
824 3339 895 3380 vero
907 3327 1042 3395 tautum,
1061 3319 1113 3378 sed
1130 3325 1160 3378 et
1178 3319 1335 3390 irenaeus,
1349 3319 1374 3371 et
1384 3311 1429 3385 pie

261 3481 265 3492 .
370 3419 454 3493 rique
473 3435 594 3494 omnes,
613 3421 664 3496 qui
680 3426 825 3478 vebistate
846 3426 916 3479 sunt
929 3421 1096 3496 insigues.»
1116 3417 1250 3476 Primum
1269 3431 1356 3488 vero,
1366 3414 1432 3486 juxta
1472 3433 1473 3478 t

371 3513 449 3573 hunc
469 3518 736 3592 interpretationem
750 3519 780 3574 in
799 3516 920 3575 dubium
932 3517 1002 3574 olim
1020 3521 1142 3574 vocatus
1162 3513 1313 3573 videretur
1335 3507 1433 3567 Prover-
1472 3479 1473 3554 Ῐ

371 3610 488 3670 biorum
508 3613 601 3688 liber3
615 3615 685 3673 dum
705 3618 788 3691 ajunt
805 3615 1000 3690 liegesippurn
1010 3616 1177 3689 prioresque
1191 3611 1338 3670 Ecclesiae
1353 3605 1433 3664 Pauo
1472 3635 1473 3640 κ

370 3709 478 3768 librum
499 3709 724 3770 Proverbiorum
748 3712 908 3786 appellasse
942 3713 1086 3787 scriptum
1115 3712 1195 3768 moni
1223 3707 1389 3785 supientia,
1412 3700 1433 3753 ol

370 3809 482 3866 uirtute
501 3804 728 3884 refertquuis
743 3825 872 3884 unquam
885 3809 922 3867 de
939 3809 1072 3867 doctriua
1086 3813 1189 3866 sancta
1206 3811 1236 3864 et
1250 3805 1351 3864 divina
1363 3797 1432 3872 hujus

370 3903 438 3963 libri
455 3905 620 3964 dubitavit?
644 3907 721 3979 Quid
739 3923 812 3982 opus
832 3905 957 3965 Eusebio
977 3913 1007 3964 et
1024 3903 1187 3980 Nicephoro
1206 3909 1271 3962 erat
1290 3899 1431 3964 indicium,
1472 3955 1473 3964 ,

371 4004 450 4064 bunc
475 4004 582 4064 librum
607 4005 718 4063 seilicet
744 4005 889 4064 celebrare
909 4004 1123 4081 Hegesippum,
1144 4003 1216 4061 dum
1234 3998 1391 4068 hebraeus,
1409 4004 1433 4048 tt
1472 3990 1473 4074 J

369 4109 471 4176 postea
484 4102 661 4162 christianus
675 4102 755 4160 fuiti
775 4103 916 4177 Nullum,
931 4109 965 4161 ut
978 4102 1049 4160 mibi
1068 4101 1191 4160 atdetur.
1209 4100 1299 4158 Parvi
1316 4087 1432 4155 momenti

399 4311 433 4372 tl)
445 4311 497 4371 tib.
510 4315 552 4360 it'.
565 4326 587 4360 e.
601 4313 666 4362 XXI.
681 4339 710 4350 —
724 4313 758 4376 (i)
769 4313 822 4363 tib.
836 4316 879 4363 iv.
891 4329 913 4362 t'.
927 4316 982 4363 vti.
