3070 5180
779 407 819 418 ···
839 393 915 435 xxvl
936 406 977 418 ···

343 491 542 598 probatis,
567 490 727 597 linguae
745 489 975 587 hebraicae,
998 506 1036 570 et
1053 516 1214 597 graecae
1233 490 1415 571 studium

343 625 543 732 suscipere
565 625 713 704 statuit.
746 623 803 703 Ita
823 648 997 731 nmnque
1024 651 1065 704 se
1086 624 1236 705 habent
1255 626 1417 734 regulae

343 757 606 866 provinciales
623 757 673 836 N.
694 760 732 855 5,
754 759 793 855 6,
817 785 861 863 7:
883 757 927 835 in
947 757 1074 856 libro,
1089 758 1188 866 qui·
1205 759 1323 838 Ratio
1340 787 1418 857 ,ac

343 892 542 972 institutio
557 890 782 971 studiorum
802 891 845 970 in
862 889 1058 970 Societate
1068 893 1161 971 lesu
1176 938 1194 952 -
1207 921 1418 1000 nuncupa-

342 1041 433 1104 tur:
472 1057 491 1098 «
526 1024 711 1132 Magnam
739 1023 985 1134 diligentiam
1022 1024 1209 1107 adhibeat
1243 1026 1288 1104 in
1317 1053 1417 1134 pro-

343 1156 543 1237 movendo
563 1185 766 1238 sacrarum
780 1158 999 1239 litterarum
1017 1158 1170 1266 stadie,
1195 1159 1308 1267 quod
1326 1187 1417 1269 per·

343 1292 476 1391 ficiet,
498 1293 531 1372 si
550 1294 658 1373 viros
677 1291 728 1372 ad
749 1291 791 1372 id
815 1293 992 1372 muneris
1009 1293 1152 1401 eligat,
1180 1321 1265 1372 non
1283 1293 1416 1374 solum

341 1424 569 1533 linguarum
607 1427 758 1535 peritos
791 1424 870 1532 (id
908 1427 1078 1506 maxime
1113 1427 1412 1530 necessarium)

242 1659 244 1666 Α
343 1558 412 1638 sed
437 1562 556 1640 etiam
577 1561 621 1638 in
644 1561 870 1667 theologia,
898 1560 1121 1668 ceterisque
1148 1561 1347 1659 scientiis,
1369 1561 1414 1638 in

344 1694 533 1791 historia,
553 1695 743 1802 variaque
762 1692 1011 1791 eruditione,
1034 1711 1072 1772 et
1089 1692 1225 1800 quoad
1244 1693 1329 1773 fieri
1345 1723 1417 1801 po-

346 1844 449 1924 test,
480 1828 524 1905 in
546 1828 777 1935 eloquentia
802 1829 904 1908 bene
922 1844 1109 1906 versatos.
1142 1828 1256 1906 Hanc
1278 1843 1416 1907 autem

344 1988 475 2040 sacrae
498 1959 728 2069 Scripturae
744 1961 955 2040 lectionem
974 1988 1047 2068 per
1066 1959 1276 2039 biennium
1298 1962 1415 2039 theo-

344 2093 425 2201 logi
449 2093 614 2174 audiant
639 2094 824 2203 quotidie
848 2122 921 2202 per
943 2096 1094 2172 horam.
1124 2093 1321 2200 Linguam
1346 2094 1414 2172 he

343 2227 521 2327 braeam,
551 2229 584 2307 si
606 2226 814 2308 commode
829 2230 975 2337 possit,
1008 2226 1148 2306 doceat
1170 2255 1300 2306 sacrae
1315 2225 1417 2305 Scri-

343 2381 485 2470 pturae
515 2362 747 2471 professor,
784 2362 845 2442 vel
872 2362 1008 2442 saltem
1040 2360 1214 2468 aliquis,
1254 2361 1326 2468 qui
1362 2361 1416 2439 sit

344 2496 579 2603 theologus;
610 2497 928 2604 optandumque,
950 2515 996 2575 ut
1015 2513 1115 2574 esset
1133 2495 1250 2573 etiam
1264 2494 1416 2602 lingua·

345 2658 435 2707 rum
448 2631 623 2737 peritus,
645 2659 729 2710 non
747 2630 875 2710 solum
897 2657 1060 2739 graecae
1077 2647 1244 2737 propter
1262 2655 1414 2708 novum

342 2781 620 2844 testamentum
638 2782 678 2844 et
699 2765 920 2845 versionem
939 2763 1200 2874 Septuaginta
1218 2764 1415 2869 interpre-

341 2915 450 2996 tum,
480 2897 691 2979 sedetiam
718 2897 969 2995 chaldaicae,
999 2899 1201 3006 syriacae,
1233 2922 1415 2974 necnon

342 3031 543 3130 arabicae,
574 3050 613 3111 et
639 3031 892 3130 indicarum,
923 3048 1124 3139 quatenus
1151 3032 1226 3110 hae
1254 3029 1415 3136 linguae

341 3166 459 3245 utiles
478 3194 560 3246 esse
579 3183 748 3274 possunt
767 3165 818 3246 ad
835 3193 963 3246 sacras
976 3164 1202 3272 Scripturas
1225 3164 1415 3270 interpre-

339 3298 505 3400 tandas,
535 3318 606 3381 aut
632 3328 767 3379 earum
790 3302 1064 3379 auctoritatem
1081 3295 1410 3377 vindicandam.»

394 3435 615 3542 Gregorius
639 3434 822 3544 pontifex
840 3434 957 3513 XIII:
979 3435 1144 3514 ineunte
1177 3430 1334 3512 decimo
1359 3456 1415 3508 se-

342 3584 411 3647 xto
441 3568 623 3668 saeculo,
651 3567 1010 3648 constitutionibus
1030 3567 1150 3645 variis
1169 3569 1319 3644 harum
1336 3563 1414 3641 lin-

341 3729 510 3810 guarum
528 3702 706 3783 studium
725 3698 1041 3798 commendavit,
1068 3717 1106 3778 et
1120 3699 1174 3778 ob
1187 3700 1266 3778 hoc
1289 3698 1332 3776 in
1354 3725 1415 3775 or·

339 3835 390 3913 bc
409 3835 626 3916 christiano
652 3836 795 3943 viginti
821 3835 898 3913 tria
924 3835 1116 3942 collegia,
1144 3831 1206 3911 vel
1240 3830 1410 3911 semina-

340 3969 400 4048 ria
417 3968 600 4050 fundavit
624 3969 791 4050 adhaec
814 3971 920 4048 inter
934 3969 1010 4049 alia
1030 3966 1161 4048 studia
1178 3991 1413 4075 promoven·

340 4101 415 4202 da,
447 4132 468 4184 e
491 4104 642 4212 quibus
665 4105 731 4183 hic
763 4103 856 4184 satis
878 4104 954 4184 crit
973 4126 1282 4183 commemorare
1304 4098 1413 4177 illius

340 4237 490 4317 bullam
519 4237 570 4317 de
606 4265 709 4317 nova
742 4236 979 4318 fundatione
1006 4235 1162 4340 collegii
1193 4231 1409 4341 germanici
