<?xml version="1.0" encoding="UTF-8"?>
<!DOCTYPE html PUBLIC "-//W3C//DTD XHTML 1.0 Transitional//EN"
    "http://www.w3.org/TR/xhtml1/DTD/xhtml1-transitional.dtd">
<html xmlns="http://www.w3.org/1999/xhtml" xml:lang="en" lang="en">
 <head>
  <title>
</title>
<meta http-equiv="Content-Type" content="text/html;charset=utf-8" />
  <meta name='ocr-system' content='tesseract 3.04.00' />
  <meta name='ocr-capabilities' content='ocr_page ocr_carea ocr_par ocr_line ocrx_word'/>
</head>
<body>
  <div class='ocr_page' id='page_1' title='image "./sessioquartacon00vincgoog_0532.png"; bbox 0 0 3094 5176; ppageno 0'>
   <div class='ocr_carea' id='block_1_1' title="bbox 562 417 739 470">
    <p class='ocr_par' dir='ltr' id='par_1_1' title="bbox 562 417 739 470">
     <span class='ocr_line' id='line_1_1' title="bbox 562 417 739 470; baseline 0 0"><span class='ocrx_word' id='word_1_1' title='bbox 562 417 739 470; x_wconf 82' lang='lat' dir='ltr'><strong>-iui—</strong></span> 
     </span>
    </p>
   </div>
   <div class='ocr_carea' id='block_1_2' title="bbox 108 515 1189 1096">
    <p class='ocr_par' dir='ltr' id='par_1_2' title="bbox 108 515 1189 1096">
     <span class='ocr_line' id='line_1_2' title="bbox 112 515 1188 604; baseline 0.012 -21"><span class='ocrx_word' id='word_1_2' title='bbox 112 515 279 604; x_wconf 52' lang='lat' dir='ltr'><strong>mnibus</strong></span> <span class='ocrx_word' id='word_1_3' title='bbox 298 525 438 598; x_wconf 80' lang='lat' dir='ltr'><strong>uescitur.</strong></span> <span class='ocrx_word' id='word_1_4' title='bbox 462 525 512 588; x_wconf 85' lang='lat' dir='ltr'><strong>iiie</strong></span> <span class='ocrx_word' id='word_1_5' title='bbox 531 523 645 590; x_wconf 76' lang='lat' dir='ltr'><strong>Plinius</strong></span> <span class='ocrx_word' id='word_1_6' title='bbox 664 527 740 590; x_wconf 91' lang='lat' dir='ltr'><strong>libro</strong></span> <span class='ocrx_word' id='word_1_7' title='bbox 764 545 830 590; x_wconf 78' lang='lat' dir='ltr'><strong>arv.</strong></span> <span class='ocrx_word' id='word_1_8' title='bbox 850 545 877 591; x_wconf 93' lang='lat' dir='ltr'><strong>c.</strong></span> <span class='ocrx_word' id='word_1_9' title='bbox 902 539 952 590; x_wconf 80' lang='lat'><strong>20.</strong></span> <span class='ocrx_word' id='word_1_10' title='bbox 982 532 1046 594; x_wconf 77' lang='lat' dir='ltr'><strong>«ln</strong></span> <span class='ocrx_word' id='word_1_11' title='bbox 1071 533 1188 596; x_wconf 86' lang='lat' dir='ltr'><strong>Oriente</strong></span> 
     </span>
     <span class='ocr_line' id='line_1_3' title="bbox 111 623 1186 711; baseline 0.01 -29"><span class='ocrx_word' id='word_1_12' title='bbox 111 626 254 702; x_wconf 85' lang='lat' dir='ltr'><strong>optimam</strong></span> <span class='ocrx_word' id='word_1_13' title='bbox 278 623 535 702; x_wconf 88' lang='lat' dir='ltr'><strong>tenuissimamque</strong></span> <span class='ocrx_word' id='word_1_14' title='bbox 563 627 718 688; x_wconf 82' lang='lat' dir='ltr'><strong>terebinthi</strong></span> <span class='ocrx_word' id='word_1_15' title='bbox 747 626 894 706; x_wconf 85' lang='lat' dir='ltr'><strong>fundunt,</strong></span> <span class='ocrx_word' id='word_1_16' title='bbox 916 629 1021 692; x_wconf 59' lang='lat' dir='ltr'><strong>minda</strong></span> <span class='ocrx_word' id='word_1_17' title='bbox 1048 630 1186 711; x_wconf 88' lang='lat' dir='ltr'><strong>lentisci,</strong></span> 
     </span>
     <span class='ocr_line' id='line_1_4' title="bbox 112 721 1188 804; baseline 0.01 -23"><span class='ocrx_word' id='word_1_18' title='bbox 112 735 203 797; x_wconf 85' lang='lat' dir='ltr'><strong>quam</strong></span> <span class='ocrx_word' id='word_1_19' title='bbox 222 725 252 780; x_wconf 89' lang='lat' dir='ltr'><strong>et</strong></span> <span class='ocrx_word' id='word_1_20' title='bbox 264 721 426 782; x_wconf 87' lang='lat' dir='ltr'><strong>mastichen</strong></span> <span class='ocrx_word' id='word_1_21' title='bbox 439 731 547 784; x_wconf 87' lang='lat' dir='ltr'><strong>vocent</strong></span> <span class='ocrx_word' id='word_1_22' title='bbox 566 729 621 784; x_wconf 91' lang='lat' dir='ltr'><strong>etc.</strong></span> <span class='ocrx_word' id='word_1_23' title='bbox 637 751 650 776; x_wconf 70' lang='lat' dir='ltr'><strong>a</strong></span> <span class='ocrx_word' id='word_1_24' title='bbox 676 725 780 785; x_wconf 91' lang='lat' dir='ltr'><strong>Prinos</strong></span> <span class='ocrx_word' id='word_1_25' title='bbox 793 743 883 804; x_wconf 87' lang='lat' dir='ltr'><strong>vere,</strong></span> <span class='ocrx_word' id='word_1_26' title='bbox 899 743 989 804; x_wconf 91' lang='lat' dir='ltr'><strong>quam</strong></span> <span class='ocrx_word' id='word_1_27' title='bbox 1005 727 1102 790; x_wconf 91' lang='lat' dir='ltr'><strong>ilicem</strong></span> <span class='ocrx_word' id='word_1_28' title='bbox 1114 747 1188 792; x_wconf 92' lang='lat' dir='ltr'><strong>nun·</strong></span> 
     </span>
     <span class='ocr_line' id='line_1_5' title="bbox 110 819 1189 903; baseline 0.008 -25"><span class='ocrx_word' id='word_1_29' title='bbox 110 823 257 894; x_wconf 85' lang='lat' dir='ltr'><strong>cuperent</strong></span> <span class='ocrx_word' id='word_1_30' title='bbox 284 819 392 897; x_wconf 89' lang='lat' dir='ltr'><strong>lutlni,</strong></span> <span class='ocrx_word' id='word_1_31' title='bbox 425 820 511 881; x_wconf 85' lang='lat' dir='ltr'><strong>orbor</strong></span> <span class='ocrx_word' id='word_1_32' title='bbox 531 826 576 884; x_wconf 88' lang='lat' dir='ltr'><strong>est</strong></span> <span class='ocrx_word' id='word_1_33' title='bbox 594 837 714 882; x_wconf 86' lang='lat' dir='ltr'><strong>coccum</strong></span> <span class='ocrx_word' id='word_1_34' title='bbox 734 823 903 901; x_wconf 76' lang='lat' dir='ltr'><strong>proferens,</strong></span> <span class='ocrx_word' id='word_1_35' title='bbox 933 830 1016 903; x_wconf 76' lang='lat' dir='ltr'><strong>cique</strong></span> <span class='ocrx_word' id='word_1_36' title='bbox 1037 827 1108 888; x_wconf 86' lang='lat' dir='ltr'><strong>ioiia</strong></span> <span class='ocrx_word' id='word_1_37' title='bbox 1127 844 1189 888; x_wconf 90' lang='lat' dir='ltr'><strong>non</strong></span> 
     </span>
     <span class='ocr_line' id='line_1_6' title="bbox 109 913 1186 1000; baseline 0.011 -26"><span class='ocrx_word' id='word_1_38' title='bbox 109 913 270 993; x_wconf 88' lang='lat' dir='ltr'><strong>decidunt,</strong></span> <span class='ocrx_word' id='word_1_39' title='bbox 291 923 322 977; x_wconf 93' lang='lat' dir='ltr'><strong>et</strong></span> <span class='ocrx_word' id='word_1_40' title='bbox 340 919 373 976; x_wconf 94' lang='lat' dir='ltr'><strong>in</strong></span> <span class='ocrx_word' id='word_1_41' title='bbox 392 917 531 996; x_wconf 83' lang='lat' dir='ltr'><strong>Europa,</strong></span> <span class='ocrx_word' id='word_1_42' title='bbox 553 918 655 980; x_wconf 77' lang='lat' dir='ltr'><strong>hiulca</strong></span> <span class='ocrx_word' id='word_1_43' title='bbox 667 927 697 980; x_wconf 90' lang='lat' dir='ltr'><strong>et</strong></span> <span class='ocrx_word' id='word_1_44' title='bbox 716 921 787 984; x_wconf 77' lang='lat' dir='ltr'><strong>Asia</strong></span> <span class='ocrx_word' id='word_1_45' title='bbox 800 924 950 1000; x_wconf 82' lang='lat' dir='ltr'><strong>naseitnr3</strong></span> <span class='ocrx_word' id='word_1_46' title='bbox 972 929 1095 988; x_wconf 75' lang='lat' dir='ltr'><strong>testatum</strong></span> <span class='ocrx_word' id='word_1_47' title='bbox 1108 925 1186 986; x_wconf 88' lang='lat' dir='ltr'><strong>idern</strong></span> 
     </span>
     <span class='ocr_line' id='line_1_7' title="bbox 108 1012 1185 1096; baseline 0.012 -24"><span class='ocrx_word' id='word_1_48' title='bbox 108 1012 185 1072; x_wconf 92' lang='lat' dir='ltr'><strong>libro</strong></span> <span class='ocrx_word' id='word_1_49' title='bbox 204 1031 293 1074; x_wconf 84' lang='lat' dir='ltr'><strong>xxrv.</strong></span> <span class='ocrx_word' id='word_1_50' title='bbox 315 1031 342 1078; x_wconf 89' lang='lat' dir='ltr'><strong>c.</strong></span> <span class='ocrx_word' id='word_1_51' title='bbox 366 1023 396 1076; x_wconf 80' lang='lat' dir='ltr'><strong>d.</strong></span> <span class='ocrx_word' id='word_1_52' title='bbox 415 1017 460 1076; x_wconf 80' lang='lat' dir='ltr'><strong>Ex</strong></span> <span class='ocrx_word' id='word_1_53' title='bbox 479 1015 559 1094; x_wconf 92' lang='lat' dir='ltr'><strong>hoc,</strong></span> <span class='ocrx_word' id='word_1_54' title='bbox 581 1033 647 1078; x_wconf 89' lang='lat' dir='ltr'><strong>cum</strong></span> <span class='ocrx_word' id='word_1_55' title='bbox 665 1021 733 1094; x_wconf 81' lang='lat' dir='ltr'><strong>jure</strong></span> <span class='ocrx_word' id='word_1_56' title='bbox 752 1019 880 1096; x_wconf 86' lang='lat' dir='ltr'><strong>quedam</strong></span> <span class='ocrx_word' id='word_1_57' title='bbox 900 1024 1036 1082; x_wconf 77' lang='lat' dir='ltr'><strong>assentiri</strong></span> <span class='ocrx_word' id='word_1_58' title='bbox 1061 1020 1185 1085; x_wconf 85' lang='lat' dir='ltr'><strong>velimus</strong></span> 
     </span>
    </p>
   </div>
   <div class='ocr_carea' id='block_1_3' title="bbox 1 1114 1184 1194">
    <p class='ocr_par' dir='ltr' id='par_1_3' title="bbox 1 1114 1184 1194">
     <span class='ocr_line' id='line_1_8' title="bbox 1 1114 1184 1194; baseline 0.011 -23"><span class='ocrx_word' id='word_1_59' title='bbox 1 1123 3 1148; x_wconf 64' lang='lat' dir='ltr'><strong>i</strong></span> <span class='ocrx_word' id='word_1_60' title='bbox 107 1114 238 1189; x_wconf 92' lang='lat' dir='ltr'><strong>opinioni</strong></span> <span class='ocrx_word' id='word_1_61' title='bbox 256 1117 427 1193; x_wconf 90' lang='lat' dir='ltr'><strong>communi,</strong></span> <span class='ocrx_word' id='word_1_62' title='bbox 458 1114 572 1193; x_wconf 88' lang='lat' dir='ltr'><strong>linguas</strong></span> <span class='ocrx_word' id='word_1_63' title='bbox 592 1132 696 1194; x_wconf 91' lang='lat' dir='ltr'><strong>nempe</strong></span> <span class='ocrx_word' id='word_1_64' title='bbox 726 1119 868 1194; x_wconf 80' lang='lat' dir='ltr'><strong>originem</strong></span> <span class='ocrx_word' id='word_1_65' title='bbox 893 1137 980 1186; x_wconf 87' lang='lat' dir='ltr'><strong>suam</strong></span> <span class='ocrx_word' id='word_1_66' title='bbox 993 1123 1124 1188; x_wconf 21' lang='lat' dir='ltr'><strong>,emese</strong></span> <span class='ocrx_word' id='word_1_67' title='bbox 1144 1119 1184 1184; x_wconf 89' lang='lat' dir='ltr'><strong>ab</strong></span> 
     </span>
    </p>
   </div>
   <div class='ocr_carea' id='block_1_4' title="bbox 105 1208 1184 2082">
    <p class='ocr_par' dir='ltr' id='par_1_4' title="bbox 105 1208 1184 2082">
     <span class='ocr_line' id='line_1_9' title="bbox 109 1208 1184 1300; baseline 0.01 -31"><span class='ocrx_word' id='word_1_68' title='bbox 109 1208 249 1287; x_wconf 78' lang='lat' dir='ltr'><strong>Oriente,</strong></span> <span class='ocrx_word' id='word_1_69' title='bbox 270 1214 356 1274; x_wconf 89' lang='lat' dir='ltr'><strong>sicuti</strong></span> <span class='ocrx_word' id='word_1_70' title='bbox 375 1213 526 1290; x_wconf 90' lang='lat' dir='ltr'><strong>homines,</strong></span> <span class='ocrx_word' id='word_1_71' title='bbox 547 1229 583 1274; x_wconf 93' lang='lat' dir='ltr'><strong>ac</strong></span> <span class='ocrx_word' id='word_1_72' title='bbox 601 1214 671 1274; x_wconf 91' lang='lat' dir='ltr'><strong>inde</strong></span> <span class='ocrx_word' id='word_1_73' title='bbox 682 1218 714 1276; x_wconf 91' lang='lat' dir='ltr'><strong>in</strong></span> <span class='ocrx_word' id='word_1_74' title='bbox 730 1217 856 1294; x_wconf 87' lang='lat' dir='ltr'><strong>reliquus</strong></span> <span class='ocrx_word' id='word_1_75' title='bbox 873 1218 975 1282; x_wconf 88' lang='lat' dir='ltr'><strong>mundi</strong></span> <span class='ocrx_word' id='word_1_76' title='bbox 995 1219 1098 1298; x_wconf 82' lang='lat' dir='ltr'><strong>pinges</strong></span> <span class='ocrx_word' id='word_1_77' title='bbox 1117 1237 1184 1300; x_wconf 82' lang='lat' dir='ltr'><strong>per-</strong></span> 
     </span>
     <span class='ocr_line' id='line_1_10' title="bbox 107 1312 1182 1398; baseline 0.009 -28"><span class='ocrx_word' id='word_1_78' title='bbox 107 1312 241 1388; x_wconf 81' lang='lat' dir='ltr'><strong>venisse,</strong></span> <span class='ocrx_word' id='word_1_79' title='bbox 263 1313 450 1374; x_wconf 89' lang='lat' dir='ltr'><strong>asserendum</strong></span> <span class='ocrx_word' id='word_1_80' title='bbox 462 1312 537 1374; x_wconf 87' lang='lat' dir='ltr'><strong>ieret</strong></span> <span class='ocrx_word' id='word_1_81' title='bbox 549 1316 698 1391; x_wconf 88' lang='lat' dir='ltr'><strong>preprium</strong></span> <span class='ocrx_word' id='word_1_82' title='bbox 711 1315 817 1380; x_wconf 88' lang='lat' dir='ltr'><strong>harum</strong></span> <span class='ocrx_word' id='word_1_83' title='bbox 837 1317 1004 1393; x_wconf 86' lang='lat' dir='ltr'><strong>pianternm</strong></span> <span class='ocrx_word' id='word_1_84' title='bbox 1023 1333 1131 1380; x_wconf 82' lang='lat' dir='ltr'><strong>nomen</strong></span> <span class='ocrx_word' id='word_1_85' title='bbox 1144 1331 1182 1398; x_wconf 68' lang='lat' dir='ltr'><strong>eiu</strong></span> 
     </span>
     <span class='ocr_line' id='line_1_11' title="bbox 106 1409 1184 1491; baseline 0.011 -23"><span class='ocrx_word' id='word_1_86' title='bbox 106 1409 298 1470; x_wconf 77' lang='lat' dir='ltr'><strong>orientalibus</strong></span> <span class='ocrx_word' id='word_1_87' title='bbox 317 1411 425 1488; x_wconf 82' lang='lat' dir='ltr'><strong>linguis</strong></span> <span class='ocrx_word' id='word_1_88' title='bbox 445 1414 595 1472; x_wconf 86' lang='lat' dir='ltr'><strong>transiisse</strong></span> <span class='ocrx_word' id='word_1_89' title='bbox 618 1415 649 1472; x_wconf 92' lang='lat' dir='ltr'><strong>iu</strong></span> <span class='ocrx_word' id='word_1_90' title='bbox 664 1429 800 1491; x_wconf 87' lang='lat' dir='ltr'><strong>graecum</strong></span> <span class='ocrx_word' id='word_1_91' title='bbox 814 1432 977 1478; x_wconf 87' lang='lat' dir='ltr'><strong>sermonem</strong></span> <span class='ocrx_word' id='word_1_92' title='bbox 994 1417 1096 1478; x_wconf 90' lang='lat' dir='ltr'><strong>eodem</strong></span> <span class='ocrx_word' id='word_1_93' title='bbox 1109 1433 1184 1480; x_wconf 89' lang='lat' dir='ltr'><strong>sonu</strong></span> 
     </span>
     <span class='ocr_line' id='line_1_12' title="bbox 107 1509 1183 1591; baseline 0.007 -23"><span class='ocrx_word' id='word_1_94' title='bbox 107 1515 138 1568; x_wconf 89' lang='lat' dir='ltr'><strong>et</strong></span> <span class='ocrx_word' id='word_1_95' title='bbox 156 1509 388 1586; x_wconf 85' lang='lat' dir='ltr'><strong>signiiicatione,</strong></span> <span class='ocrx_word' id='word_1_96' title='bbox 410 1509 524 1570; x_wconf 89' lang='lat' dir='ltr'><strong>seclusa</strong></span> <span class='ocrx_word' id='word_1_97' title='bbox 536 1518 636 1572; x_wconf 90' lang='lat' dir='ltr'><strong>tamen</strong></span> <span class='ocrx_word' id='word_1_98' title='bbox 648 1528 683 1572; x_wconf 91' lang='lat' dir='ltr'><strong>ea</strong></span> <span class='ocrx_word' id='word_1_99' title='bbox 697 1515 780 1574; x_wconf 80' lang='lat' dir='ltr'><strong>uaria</strong></span> <span class='ocrx_word' id='word_1_100' title='bbox 792 1511 949 1574; x_wconf 84' lang='lat' dir='ltr'><strong>verborum</strong></span> <span class='ocrx_word' id='word_1_101' title='bbox 962 1514 1137 1591; x_wconf 85' lang='lat' dir='ltr'><strong>desinentia,</strong></span> <span class='ocrx_word' id='word_1_102' title='bbox 1151 1517 1183 1576; x_wconf 90' lang='lat' dir='ltr'><strong>in</strong></span> 
     </span>
     <span class='ocr_line' id='line_1_13' title="bbox 106 1607 1181 1692; baseline 0.005 -26"><span class='ocrx_word' id='word_1_103' title='bbox 106 1607 242 1668; x_wconf 92' lang='lat' dir='ltr'><strong>omnibus</strong></span> <span class='ocrx_word' id='word_1_104' title='bbox 264 1613 472 1686; x_wconf 85' lang='lat' dir='ltr'><strong>cujuscumque</strong></span> <span class='ocrx_word' id='word_1_105' title='bbox 486 1611 580 1685; x_wconf 86' lang='lat' dir='ltr'><strong>gentis</strong></span> <span class='ocrx_word' id='word_1_106' title='bbox 600 1611 708 1688; x_wconf 87' lang='lat' dir='ltr'><strong>linguis</strong></span> <span class='ocrx_word' id='word_1_107' title='bbox 730 1611 860 1688; x_wconf 83' lang='lat' dir='ltr'><strong>uulgata.</strong></span> <span class='ocrx_word' id='word_1_108' title='bbox 882 1612 965 1672; x_wconf 83' lang='lat' dir='ltr'><strong>Pinio</strong></span> <span class='ocrx_word' id='word_1_109' title='bbox 986 1615 1018 1674; x_wconf 93' lang='lat' dir='ltr'><strong>in</strong></span> <span class='ocrx_word' id='word_1_110' title='bbox 1042 1611 1181 1692; x_wconf 84' lang='lat' dir='ltr'><strong>Gretylo:</strong></span> 
     </span>
     <span class='ocr_line' id='line_1_14' title="bbox 110 1703 1179 1788; baseline 0.007 -24"><span class='ocrx_word' id='word_1_111' title='bbox 110 1730 124 1756; x_wconf 71' lang='grc' dir='ltr'><strong>οι</strong></span> <span class='ocrx_word' id='word_1_112' title='bbox 137 1703 214 1766; x_wconf 87' lang='lat' dir='ltr'><strong>lieor</strong></span> <span class='ocrx_word' id='word_1_113' title='bbox 224 1706 367 1782; x_wconf 85' lang='lat' dir='ltr'><strong>equidem,</strong></span> <span class='ocrx_word' id='word_1_114' title='bbox 383 1707 435 1783; x_wconf 88' lang='lat' dir='ltr'><strong>eit,</strong></span> <span class='ocrx_word' id='word_1_115' title='bbox 445 1705 667 1770; x_wconf 89' lang='lat' dir='ltr'><strong>mulienemina</strong></span> <span class='ocrx_word' id='word_1_116' title='bbox 675 1725 793 1786; x_wconf 87' lang='lat' dir='ltr'><strong>graecos</strong></span> <span class='ocrx_word' id='word_1_117' title='bbox 803 1725 820 1770; x_wconf 87' lang='lat' dir='ltr'><strong>a</strong></span> <span class='ocrx_word' id='word_1_118' title='bbox 831 1709 975 1788; x_wconf 80' lang='lat' dir='ltr'><strong>herberie,</strong></span> <span class='ocrx_word' id='word_1_119' title='bbox 988 1725 1037 1772; x_wconf 89' lang='lat' dir='ltr'><strong>eos</strong></span> <span class='ocrx_word' id='word_1_120' title='bbox 1050 1727 1179 1788; x_wconf 89' lang='lat' dir='ltr'><strong>praeser-</strong></span> 
     </span>
     <span class='ocr_line' id='line_1_15' title="bbox 106 1803 1182 1888; baseline 0.006 -24"><span class='ocrx_word' id='word_1_121' title='bbox 106 1805 161 1864; x_wconf 85' lang='lat' dir='ltr'><strong>tim</strong></span> <span class='ocrx_word' id='word_1_122' title='bbox 170 1807 222 1880; x_wconf 93' lang='lat' dir='ltr'><strong>qui</strong></span> <span class='ocrx_word' id='word_1_123' title='bbox 235 1803 291 1866; x_wconf 91' lang='lat' dir='ltr'><strong>sub</strong></span> <span class='ocrx_word' id='word_1_124' title='bbox 305 1804 439 1866; x_wconf 78' lang='lat' dir='ltr'><strong>barbaris</strong></span> <span class='ocrx_word' id='word_1_125' title='bbox 453 1812 522 1866; x_wconf 90' lang='lat' dir='ltr'><strong>sunt</strong></span> <span class='ocrx_word' id='word_1_126' title='bbox 534 1849 543 1881; x_wconf 96' lang='lat'><strong>,</strong></span> <span class='ocrx_word' id='word_1_127' title='bbox 557 1805 703 1866; x_wconf 86' lang='lat' dir='ltr'><strong>babuisse.</strong></span> <span class='ocrx_word' id='word_1_128' title='bbox 718 1831 731 1857; x_wconf 73' lang='grc' dir='ltr'><strong>υ</strong></span> <span class='ocrx_word' id='word_1_129' title='bbox 755 1807 793 1867; x_wconf 84' lang='lat' dir='ltr'><strong>iit</strong></span> <span class='ocrx_word' id='word_1_130' title='bbox 811 1807 841 1866; x_wconf 92' lang='lat' dir='ltr'><strong>id</strong></span> <span class='ocrx_word' id='word_1_131' title='bbox 858 1849 867 1885; x_wconf 96' lang='lat'><strong>,</strong></span> <span class='ocrx_word' id='word_1_132' title='bbox 889 1824 923 1870; x_wconf 91' lang='lat' dir='ltr'><strong>eo</strong></span> <span class='ocrx_word' id='word_1_133' title='bbox 936 1811 1030 1886; x_wconf 88' lang='lat' dir='ltr'><strong>magis</strong></span> <span class='ocrx_word' id='word_1_134' title='bbox 1039 1811 1182 1888; x_wconf 74' lang='lat' dir='ltr'><strong>conjicere</strong></span> 
     </span>
     <span class='ocr_line' id='line_1_16' title="bbox 107 1901 1184 1984; baseline 0.006 -23"><span class='ocrx_word' id='word_1_135' title='bbox 107 1901 276 1980; x_wconf 80' lang='lat' dir='ltr'><strong>iicet„quo</strong></span> <span class='ocrx_word' id='word_1_136' title='bbox 296 1905 442 1978; x_wconf 69' lang='lat' dir='ltr'><strong>mundus</strong></span> <span class='ocrx_word' id='word_1_137' title='bbox 457 1903 564 1966; x_wconf 78' lang='lat' dir='ltr'><strong>scimea</strong></span> <span class='ocrx_word' id='word_1_138' title='bbox 578 1909 708 1968; x_wconf 85' lang='lat' dir='ltr'><strong>vetustos</strong></span> <span class='ocrx_word' id='word_1_139' title='bbox 728 1907 758 1962; x_wconf 92' lang='lat' dir='ltr'><strong>in</strong></span> <span class='ocrx_word' id='word_1_140' title='bbox 772 1905 895 1967; x_wconf 83' lang='lat' dir='ltr'><strong>Graecia</strong></span> <span class='ocrx_word' id='word_1_141' title='bbox 908 1906 1010 1968; x_wconf 86' lang='lat' dir='ltr'><strong>asiana</strong></span> <span class='ocrx_word' id='word_1_142' title='bbox 1030 1908 1184 1984; x_wconf 88' lang='lat' dir='ltr'><strong>scriptores</strong></span> 
     </span>
     <span class='ocr_line' id='line_1_17' title="bbox 105 2001 1184 2082; baseline 0.006 -22"><span class='ocrx_word' id='word_1_143' title='bbox 105 2015 142 2060; x_wconf 89' lang='lat' dir='ltr'><strong>nc</strong></span> <span class='ocrx_word' id='word_1_144' title='bbox 161 2003 250 2062; x_wconf 88' lang='lat' dir='ltr'><strong>ctiam</strong></span> <span class='ocrx_word' id='word_1_145' title='bbox 269 2003 304 2060; x_wconf 87' lang='lat' dir='ltr'><strong>in</strong></span> <span class='ocrx_word' id='word_1_146' title='bbox 320 2001 455 2078; x_wconf 87' lang='lat' dir='ltr'><strong>Europe,</strong></span> <span class='ocrx_word' id='word_1_147' title='bbox 475 2001 561 2078; x_wconf 90' lang='lat' dir='ltr'><strong>plura</strong></span> <span class='ocrx_word' id='word_1_148' title='bbox 579 2001 687 2063; x_wconf 89' lang='lat' dir='ltr'><strong>hebere</strong></span> <span class='ocrx_word' id='word_1_149' title='bbox 712 2003 874 2082; x_wconf 82' lang='lat' dir='ltr'><strong>vocabule,</strong></span> <span class='ocrx_word' id='word_1_150' title='bbox 901 2019 976 2080; x_wconf 86' lang='lat' dir='ltr'><strong>qnae</strong></span> <span class='ocrx_word' id='word_1_151' title='bbox 994 2004 1184 2066; x_wconf 81' lang='lat' dir='ltr'><strong>orientalibus</strong></span> 
     </span>
    </p>
   </div>
   <div class='ocr_carea' id='block_1_5' title="bbox 4 2099 1182 2179">
    <p class='ocr_par' dir='ltr' id='par_1_5' title="bbox 4 2099 1182 2179">
     <span class='ocr_line' id='line_1_18' title="bbox 4 2099 1182 2179; baseline 0 -17"><span class='ocrx_word' id='word_1_152' title='bbox 4 2120 7 2152; x_wconf 86' lang='lat'><em>=</em></span> <span class='ocrx_word' id='word_1_153' title='bbox 105 2102 274 2162; x_wconf 87' lang='lat' dir='ltr'><strong>eommunia</strong></span> <span class='ocrx_word' id='word_1_154' title='bbox 292 2099 388 2175; x_wconf 85' lang='lat' dir='ltr'><strong>liunt,</strong></span> <span class='ocrx_word' id='word_1_155' title='bbox 411 2099 547 2176; x_wconf 85' lang='lat' dir='ltr'><strong>idemque</strong></span> <span class='ocrx_word' id='word_1_156' title='bbox 575 2100 762 2178; x_wconf 75' lang='lat' dir='ltr'><strong>significant,</strong></span> <span class='ocrx_word' id='word_1_157' title='bbox 795 2117 831 2162; x_wconf 90' lang='lat' dir='ltr'><strong>ee</strong></span> <span class='ocrx_word' id='word_1_158' title='bbox 861 2103 990 2164; x_wconf 74' lang='lat' dir='ltr'><strong>maxime</strong></span> <span class='ocrx_word' id='word_1_159' title='bbox 1017 2100 1182 2179; x_wconf 81' lang='lat' dir='ltr'><strong>dictiones,</strong></span> 
     </span>
    </p>
   </div>
   <div class='ocr_carea' id='block_1_6' title="bbox 101 2197 1185 3162">
    <p class='ocr_par' dir='ltr' id='par_1_6' title="bbox 103 2197 1185 2677">
     <span class='ocr_line' id='line_1_19' title="bbox 104 2197 1185 2278; baseline -0.001 -20"><span class='ocrx_word' id='word_1_160' title='bbox 104 2214 182 2276; x_wconf 91' lang='lat' dir='ltr'><strong>quae</strong></span> <span class='ocrx_word' id='word_1_161' title='bbox 211 2203 306 2260; x_wconf 88' lang='lat' dir='ltr'><strong>terrae</strong></span> <span class='ocrx_word' id='word_1_162' title='bbox 334 2197 447 2258; x_wconf 82' lang='lat' dir='ltr'><strong>fruetus</strong></span> <span class='ocrx_word' id='word_1_163' title='bbox 467 2199 636 2275; x_wconf 85' lang='lat' dir='ltr'><strong>exprimunt</strong></span> <span class='ocrx_word' id='word_1_164' title='bbox 655 2199 807 2276; x_wconf 89' lang='lat' dir='ltr'><strong>utriusque</strong></span> <span class='ocrx_word' id='word_1_165' title='bbox 836 2201 931 2276; x_wconf 89' lang='lat' dir='ltr'><strong>gentis</strong></span> <span class='ocrx_word' id='word_1_166' title='bbox 951 2198 1129 2278; x_wconf 87' lang='lat' dir='ltr'><strong>indigenos,</strong></span> <span class='ocrx_word' id='word_1_167' title='bbox 1155 2205 1185 2258; x_wconf 92' lang='lat' dir='ltr'><strong>et</strong></span> 
     </span>
     <span class='ocr_line' id='line_1_20' title="bbox 103 2296 1182 2374; baseline 0.002 -18"><span class='ocrx_word' id='word_1_168' title='bbox 103 2311 231 2372; x_wconf 91' lang='lat' dir='ltr'><strong>quorum</strong></span> <span class='ocrx_word' id='word_1_169' title='bbox 245 2301 365 2373; x_wconf 87' lang='lat' dir='ltr'><strong>etymon</strong></span> <span class='ocrx_word' id='word_1_170' title='bbox 375 2297 551 2372; x_wconf 86' lang='lat' dir='ltr'><strong>percipimus</strong></span> <span class='ocrx_word' id='word_1_171' title='bbox 560 2296 654 2372; x_wconf 90' lang='lat' dir='ltr'><strong>magis</strong></span> <span class='ocrx_word' id='word_1_172' title='bbox 664 2298 792 2356; x_wconf 90' lang='lat' dir='ltr'><strong>sermoni</strong></span> <span class='ocrx_word' id='word_1_173' title='bbox 805 2296 960 2374; x_wconf 80' lang='lat' dir='ltr'><strong>orientali,</strong></span> <span class='ocrx_word' id='word_1_174' title='bbox 974 2313 1063 2374; x_wconf 86' lang='lat' dir='ltr'><strong>quam</strong></span> <span class='ocrx_word' id='word_1_175' title='bbox 1078 2311 1182 2374; x_wconf 86' lang='lat' dir='ltr'><strong>graneo</strong></span> 
     </span>
     <span class='ocr_line' id='line_1_21' title="bbox 107 2393 1183 2472; baseline 0.002 -18"><span class='ocrx_word' id='word_1_176' title='bbox 107 2401 138 2454; x_wconf 86' lang='lat' dir='ltr'><strong>et</strong></span> <span class='ocrx_word' id='word_1_177' title='bbox 158 2394 249 2455; x_wconf 78' lang='lat' dir='ltr'><strong>leuno</strong></span> <span class='ocrx_word' id='word_1_178' title='bbox 269 2394 493 2454; x_wconf 86' lang='lat' dir='ltr'><strong>accommodari.</strong></span> <span class='ocrx_word' id='word_1_179' title='bbox 510 2394 576 2456; x_wconf 86' lang='lat' dir='ltr'><strong>Non</strong></span> <span class='ocrx_word' id='word_1_180' title='bbox 590 2410 660 2472; x_wconf 86' lang='lat' dir='ltr'><strong>ergo</strong></span> <span class='ocrx_word' id='word_1_181' title='bbox 674 2393 789 2472; x_wconf 74' lang='lat' dir='ltr'><strong>obsim,</strong></span> <span class='ocrx_word' id='word_1_182' title='bbox 812 2409 931 2472; x_wconf 88' lang='lat' dir='ltr'><strong>graecos</strong></span> <span class='ocrx_word' id='word_1_183' title='bbox 949 2394 1086 2454; x_wconf 89' lang='lat' dir='ltr'><strong>habuisse</strong></span> <span class='ocrx_word' id='word_1_184' title='bbox 1100 2394 1183 2456; x_wconf 86' lang='lat' dir='ltr'><strong>erbo·</strong></span> 
     </span>
     <span class='ocr_line' id='line_1_22' title="bbox 105 2491 1183 2574; baseline 0.004 -22"><span class='ocrx_word' id='word_1_185' title='bbox 105 2507 155 2552; x_wconf 89' lang='lat' dir='ltr'><strong>res</strong></span> <span class='ocrx_word' id='word_1_186' title='bbox 174 2491 275 2554; x_wconf 89' lang='lat' dir='ltr'><strong>eodem</strong></span> <span class='ocrx_word' id='word_1_187' title='bbox 300 2495 419 2554; x_wconf 91' lang='lat' dir='ltr'><strong>nomine</strong></span> <span class='ocrx_word' id='word_1_188' title='bbox 438 2500 467 2553; x_wconf 89' lang='lat' dir='ltr'><strong>et</strong></span> <span class='ocrx_word' id='word_1_189' title='bbox 487 2492 675 2570; x_wconf 89' lang='lat' dir='ltr'><strong>signiiioetu,</strong></span> <span class='ocrx_word' id='word_1_190' title='bbox 697 2509 732 2554; x_wconf 92' lang='lat' dir='ltr'><strong>ec</strong></span> <span class='ocrx_word' id='word_1_191' title='bbox 752 2491 900 2571; x_wconf 83' lang='lat' dir='ltr'><strong>hebebant</strong></span> <span class='ocrx_word' id='word_1_192' title='bbox 920 2495 1048 2574; x_wconf 82' lang='lat' dir='ltr'><strong>assyrii,</strong></span> <span class='ocrx_word' id='word_1_193' title='bbox 1072 2495 1117 2556; x_wconf 89' lang='lat' dir='ltr'><strong>uti</strong></span> <span class='ocrx_word' id='word_1_194' title='bbox 1141 2496 1183 2556; x_wconf 84' lang='lat' dir='ltr'><strong>vi·</strong></span> 
     </span>
     <span class='ocr_line' id='line_1_23' title="bbox 104 2590 906 2677; baseline 0.005 -27"><span class='ocrx_word' id='word_1_195' title='bbox 104 2590 191 2654; x_wconf 87' lang='lat' dir='ltr'><strong>detur</strong></span> <span class='ocrx_word' id='word_1_196' title='bbox 211 2593 342 2654; x_wconf 85' lang='lat' dir='ltr'><strong>innuisse</strong></span> <span class='ocrx_word' id='word_1_197' title='bbox 363 2591 478 2652; x_wconf 88' lang='lat' dir='ltr'><strong>Daniel.</strong></span> <span class='ocrx_word' id='word_1_198' title='bbox 852 2640 857 2651; x_wconf 82' lang='grc'>.</span> <span class='ocrx_word' id='word_1_199' title='bbox 882 2643 906 2677; x_wconf 50' lang='grc'><strong>,.</strong></span> 
     </span>
    </p>

    <p class='ocr_par' dir='ltr' id='par_1_7' title="bbox 101 2689 1181 3162">
     <span class='ocr_line' id='line_1_24' title="bbox 145 2689 1179 2770; baseline 0.001 -19"><span class='ocrx_word' id='word_1_200' title='bbox 145 2689 173 2764; x_wconf 77' lang='lat' dir='ltr'><strong>S.</strong></span> <span class='ocrx_word' id='word_1_201' title='bbox 196 2689 248 2751; x_wconf 87' lang='lat' dir='ltr'><strong>v1.</strong></span> <span class='ocrx_word' id='word_1_202' title='bbox 271 2689 425 2750; x_wconf 88' lang='lat' dir='ltr'><strong>Praeterea</strong></span> <span class='ocrx_word' id='word_1_203' title='bbox 453 2690 619 2768; x_wconf 84' lang='lat' dir='ltr'><strong>(quatenus</strong></span> <span class='ocrx_word' id='word_1_204' title='bbox 645 2707 704 2751; x_wconf 92' lang='lat' dir='ltr'><strong>non</strong></span> <span class='ocrx_word' id='word_1_205' title='bbox 733 2697 897 2768; x_wconf 80' lang='lat' dir='ltr'><strong>acceptetur</strong></span> <span class='ocrx_word' id='word_1_206' title='bbox 924 2707 1016 2768; x_wconf 90' lang='lat' dir='ltr'><strong>nuper</strong></span> <span class='ocrx_word' id='word_1_207' title='bbox 1046 2693 1179 2770; x_wconf 83' lang='lat' dir='ltr'><strong>exposite</strong></span> 
     </span>
     <span class='ocr_line' id='line_1_25' title="bbox 102 2787 1181 2871; baseline 0.002 -25"><span class='ocrx_word' id='word_1_208' title='bbox 102 2789 321 2866; x_wconf 77' lang='lat' dir='ltr'><strong>interpretatio)</strong></span> <span class='ocrx_word' id='word_1_209' title='bbox 344 2788 380 2850; x_wconf 88' lang='lat' dir='ltr'><strong>de</strong></span> <span class='ocrx_word' id='word_1_210' title='bbox 400 2789 459 2852; x_wconf 90' lang='lat' dir='ltr'><strong>illis</strong></span> <span class='ocrx_word' id='word_1_211' title='bbox 479 2789 629 2850; x_wconf 86' lang='lat' dir='ltr'><strong>vocabulis</strong></span> <span class='ocrx_word' id='word_1_212' title='bbox 653 2791 758 2868; x_wconf 80' lang='lat' dir='ltr'><strong>priuos</strong></span> <span class='ocrx_word' id='word_1_213' title='bbox 778 2797 808 2850; x_wconf 91' lang='lat' dir='ltr'><strong>et</strong></span> <span class='ocrx_word' id='word_1_214' title='bbox 826 2787 964 2871; x_wconf 75' lang='lat' dir='ltr'><strong>echinos,</strong></span> <span class='ocrx_word' id='word_1_215' title='bbox 987 2796 1016 2850; x_wconf 92' lang='lat' dir='ltr'><strong>et</strong></span> <span class='ocrx_word' id='word_1_216' title='bbox 1035 2788 1181 2868; x_wconf 86' lang='lat' dir='ltr'><strong>quomodo</strong></span> 
     </span>
     <span class='ocr_line' id='line_1_26' title="bbox 102 2885 1181 2968; baseline 0.002 -23"><span class='ocrx_word' id='word_1_217' title='bbox 102 2888 161 2946; x_wconf 88' lang='lat' dir='ltr'><strong>ista</strong></span> <span class='ocrx_word' id='word_1_218' title='bbox 182 2901 199 2944; x_wconf 94' lang='lat' dir='ltr'><strong>e</strong></span> <span class='ocrx_word' id='word_1_219' title='bbox 219 2893 302 2948; x_wconf 87' lang='lat' dir='ltr'><strong>textu</strong></span> <span class='ocrx_word' id='word_1_220' title='bbox 323 2887 447 2948; x_wconf 87' lang='lat' dir='ltr'><strong>hebraeo</strong></span> <span class='ocrx_word' id='word_1_221' title='bbox 463 2889 526 2948; x_wconf 86' lang='lat' dir='ltr'><strong>sive</strong></span> <span class='ocrx_word' id='word_1_222' title='bbox 554 2887 694 2950; x_wconf 88' lang='lat' dir='ltr'><strong>chaldaeo</strong></span> <span class='ocrx_word' id='word_1_223' title='bbox 721 2891 753 2948; x_wconf 90' lang='lat' dir='ltr'><strong>in</strong></span> <span class='ocrx_word' id='word_1_224' title='bbox 773 2905 909 2968; x_wconf 86' lang='lat' dir='ltr'><strong>graecam</strong></span> <span class='ocrx_word' id='word_1_225' title='bbox 932 2888 1065 2966; x_wconf 88' lang='lat' dir='ltr'><strong>linguam</strong></span> <span class='ocrx_word' id='word_1_226' title='bbox 1095 2885 1181 2948; x_wconf 90' lang='lat' dir='ltr'><strong>aSe·</strong></span> 
     </span>
     <span class='ocr_line' id='line_1_27' title="bbox 101 2985 1180 3065; baseline 0 -19"><span class='ocrx_word' id='word_1_227' title='bbox 101 2987 258 3062; x_wconf 87' lang='lat' dir='ltr'><strong>ptueginte</strong></span> <span class='ocrx_word' id='word_1_228' title='bbox 276 2985 420 3046; x_wconf 84' lang='lat' dir='ltr'><strong>translate</strong></span> <span class='ocrx_word' id='word_1_229' title='bbox 438 2989 516 3061; x_wconf 92' lang='lat' dir='ltr'><strong>sini,</strong></span> <span class='ocrx_word' id='word_1_230' title='bbox 544 2987 659 3048; x_wconf 88' lang='lat' dir='ltr'><strong>indiciis</strong></span> <span class='ocrx_word' id='word_1_231' title='bbox 676 2993 796 3064; x_wconf 72' lang='lat' dir='ltr'><strong>nomia,</strong></span> <span class='ocrx_word' id='word_1_232' title='bbox 817 2990 902 3064; x_wconf 91' lang='lat' dir='ltr'><strong>quasi</strong></span> <span class='ocrx_word' id='word_1_233' title='bbox 925 3003 944 3046; x_wconf 91' lang='lat' dir='ltr'><strong>a</strong></span> <span class='ocrx_word' id='word_1_234' title='bbox 961 2987 1070 3065; x_wconf 88' lang='lat' dir='ltr'><strong>linguis</strong></span> <span class='ocrx_word' id='word_1_235' title='bbox 1093 2987 1180 3046; x_wconf 90' lang='lat' dir='ltr'><strong>semi·</strong></span> 
     </span>
     <span class='ocr_line' id='line_1_28' title="bbox 102 3081 1181 3162; baseline 0.002 -20"><span class='ocrx_word' id='word_1_236' title='bbox 102 3084 170 3142; x_wconf 89' lang='lat' dir='ltr'><strong>ticis</strong></span> <span class='ocrx_word' id='word_1_237' title='bbox 189 3081 309 3158; x_wconf 89' lang='lat' dir='ltr'><strong>aliena,</strong></span> <span class='ocrx_word' id='word_1_238' title='bbox 329 3083 425 3159; x_wconf 88' lang='lat' dir='ltr'><strong>piacet</strong></span> <span class='ocrx_word' id='word_1_239' title='bbox 445 3083 695 3162; x_wconf 87' lang='lat' dir='ltr'><strong>animadvertere,</strong></span> <span class='ocrx_word' id='word_1_240' title='bbox 709 3100 784 3162; x_wconf 90' lang='lat' dir='ltr'><strong>qnae</strong></span> <span class='ocrx_word' id='word_1_241' title='bbox 798 3092 827 3144; x_wconf 91' lang='lat' dir='ltr'><strong>et</strong></span> <span class='ocrx_word' id='word_1_242' title='bbox 845 3088 906 3162; x_wconf 90' lang='lat' dir='ltr'><strong>ipse</strong></span> <span class='ocrx_word' id='word_1_243' title='bbox 919 3083 1057 3144; x_wconf 84' lang='lat' dir='ltr'><strong>Claudius</strong></span> <span class='ocrx_word' id='word_1_244' title='bbox 1070 3083 1181 3144; x_wconf 88' lang='lat' dir='ltr'><strong>Selme-</strong></span> 
     </span>
    </p>
   </div>
   <div class='ocr_carea' id='block_1_7' title="bbox 2 3175 1180 3454">
    <p class='ocr_par' dir='ltr' id='par_1_8' title="bbox 2 3175 1180 3454">
     <span class='ocr_line' id='line_1_29' title="bbox 4 3175 1180 3258; baseline 0 -18"><span class='ocrx_word' id='word_1_245' title='bbox 4 3195 5 3200; x_wconf 72' lang='grc'>’</span> <span class='ocrx_word' id='word_1_246' title='bbox 100 3182 165 3240; x_wconf 86' lang='lat' dir='ltr'><strong>sius</strong></span> <span class='ocrx_word' id='word_1_247' title='bbox 186 3179 223 3240; x_wconf 85' lang='lat' dir='ltr'><strong>de</strong></span> <span class='ocrx_word' id='word_1_248' title='bbox 243 3175 387 3257; x_wconf 75' lang='lat' dir='ltr'><strong>aegyptiis</strong></span> <span class='ocrx_word' id='word_1_249' title='bbox 409 3179 615 3256; x_wconf 87' lang='lat' dir='ltr'><strong>interpretibus</strong></span> <span class='ocrx_word' id='word_1_250' title='bbox 637 3180 776 3242; x_wconf 86' lang='lat' dir='ltr'><strong>disseruit</strong></span> <span class='ocrx_word' id='word_1_251' title='bbox 795 3184 827 3241; x_wconf 93' lang='lat' dir='ltr'><strong>in</strong></span> <span class='ocrx_word' id='word_1_252' title='bbox 847 3198 901 3240; x_wconf 92' lang='lat' dir='ltr'><strong>suo</strong></span> <span class='ocrx_word' id='word_1_253' title='bbox 923 3180 1065 3258; x_wconf 89' lang='lat' dir='ltr'><strong>opere-De</strong></span> <span class='ocrx_word' id='word_1_254' title='bbox 1083 3179 1180 3240; x_wconf 85' lang='lat' dir='ltr'><strong>Helle·</strong></span> 
     </span>
     <span class='ocr_line' id='line_1_30' title="bbox 2 3277 1175 3356; baseline -0.003 -16"><span class='ocrx_word' id='word_1_255' title='bbox 2 3307 5 3323; x_wconf 90' lang='lat'><strong>·</strong></span> <span class='ocrx_word' id='word_1_256' title='bbox 99 3279 208 3340; x_wconf 80' lang='lat' dir='ltr'><strong>rustica</strong></span> <span class='ocrx_word' id='word_1_257' title='bbox 224 3295 254 3356; x_wconf 93' lang='lat' dir='ltr'><strong>p.</strong></span> <span class='ocrx_word' id='word_1_258' title='bbox 277 3285 344 3338; x_wconf 86' lang='lat' dir='ltr'><strong>iii.</strong></span> <span class='ocrx_word' id='word_1_259' title='bbox 371 3284 401 3338; x_wconf 92' lang='lat' dir='ltr'><strong>et</strong></span> <span class='ocrx_word' id='word_1_260' title='bbox 418 3293 453 3338; x_wconf 91' lang='lat' dir='ltr'><strong>ea</strong></span> <span class='ocrx_word' id='word_1_261' title='bbox 476 3277 601 3338; x_wconf 81' lang='lat' dir='ltr'><strong>fortasse</strong></span> <span class='ocrx_word' id='word_1_262' title='bbox 622 3278 692 3338; x_wconf 91' lang='lat' dir='ltr'><strong>huic</strong></span> <span class='ocrx_word' id='word_1_263' title='bbox 710 3281 874 3356; x_wconf 90' lang='lat' dir='ltr'><strong>quaestioni</strong></span> <span class='ocrx_word' id='word_1_264' title='bbox 894 3279 994 3339; x_wconf 86' lang='lat' dir='ltr'><strong>iumen</strong></span> <span class='ocrx_word' id='word_1_265' title='bbox 1015 3277 1175 3340; x_wconf 77' lang='lat' dir='ltr'><strong>mutarent.</strong></span> 
     </span>
     <span class='ocr_line' id='line_1_31' title="bbox 3 3375 1180 3454; baseline 0 -16"><span class='ocrx_word' id='word_1_266' title='bbox 3 3413 4 3422; x_wconf 27' lang='grc' dir='ltr'><strong>κ</strong></span> <span class='ocrx_word' id='word_1_267' title='bbox 100 3375 152 3438; x_wconf 87' lang='lat' dir='ltr'><strong>Sic</strong></span> <span class='ocrx_word' id='word_1_268' title='bbox 169 3394 296 3454; x_wconf 87' lang='lat' dir='ltr'><strong>numque</strong></span> <span class='ocrx_word' id='word_1_269' title='bbox 315 3375 439 3438; x_wconf 89' lang='lat' dir='ltr'><strong>scribit:</strong></span> <span class='ocrx_word' id='word_1_270' title='bbox 465 3375 667 3454; x_wconf 78' lang='lat' dir='ltr'><strong>«Plerumque</strong></span> <span class='ocrx_word' id='word_1_271' title='bbox 689 3394 749 3437; x_wconf 90' lang='lat' dir='ltr'><strong>non</strong></span> <span class='ocrx_word' id='word_1_272' title='bbox 769 3382 887 3454; x_wconf 86' lang='lat' dir='ltr'><strong>prepter</strong></span> <span class='ocrx_word' id='word_1_273' title='bbox 907 3379 1106 3454; x_wconf 86' lang='lat' dir='ltr'><strong>lmperiiiem,</strong></span> <span class='ocrx_word' id='word_1_274' title='bbox 1128 3376 1180 3438; x_wconf 90' lang='lat' dir='ltr'><strong>sed</strong></span> 
     </span>
    </p>
   </div>
   <div class='ocr_carea' id='block_1_8' title="bbox 98 3473 1256 3952">
    <p class='ocr_par' dir='ltr' id='par_1_9' title="bbox 98 3473 1256 3952">
     <span class='ocr_line' id='line_1_32' title="bbox 99 3473 1179 3554; baseline -0.001 -20"><span class='ocrx_word' id='word_1_275' title='bbox 99 3475 141 3536; x_wconf 87' lang='lat' dir='ltr'><strong>eb</strong></span> <span class='ocrx_word' id='word_1_276' title='bbox 160 3477 281 3536; x_wconf 71' lang='lat' dir='ltr'><strong>ulmum</strong></span> <span class='ocrx_word' id='word_1_277' title='bbox 301 3475 472 3553; x_wconf 77' lang='lat' dir='ltr'><strong>religionem</strong></span> <span class='ocrx_word' id='word_1_278' title='bbox 495 3491 530 3536; x_wconf 90' lang='lat' dir='ltr'><strong>eo</strong></span> <span class='ocrx_word' id='word_1_279' title='bbox 549 3474 636 3554; x_wconf 84' lang='lat' dir='ltr'><strong>modo</strong></span> <span class='ocrx_word' id='word_1_280' title='bbox 656 3481 826 3552; x_wconf 86' lang='lat' dir='ltr'><strong>peccatura</strong></span> <span class='ocrx_word' id='word_1_281' title='bbox 843 3473 1179 3553; x_wconf 86' lang='lat' dir='ltr'><strong>translatoribus,dum</strong></span> 
     </span>
     <span class='ocr_line' id='line_1_33' title="bbox 99 3573 1179 3650; baseline 0 -16"><span class='ocrx_word' id='word_1_282' title='bbox 99 3575 191 3634; x_wconf 78' lang='lat' dir='ltr'><strong>auxie</strong></span> <span class='ocrx_word' id='word_1_283' title='bbox 211 3575 300 3634; x_wconf 87' lang='lat' dir='ltr'><strong>nimis</strong></span> <span class='ocrx_word' id='word_1_284' title='bbox 317 3574 475 3634; x_wconf 86' lang='lat' dir='ltr'><strong>adhaerere</strong></span> <span class='ocrx_word' id='word_1_285' title='bbox 493 3573 597 3634; x_wconf 87' lang='lat' dir='ltr'><strong>volunt</strong></span> <span class='ocrx_word' id='word_1_286' title='bbox 623 3579 652 3648; x_wconf 85' lang='lat' dir='ltr'><strong>et</strong></span> <span class='ocrx_word' id='word_1_287' title='bbox 672 3575 770 3634; x_wconf 90' lang='lat' dir='ltr'><strong>verbis</strong></span> <span class='ocrx_word' id='word_1_288' title='bbox 793 3575 941 3649; x_wconf 89' lang='lat' dir='ltr'><strong>auctoris,</strong></span> <span class='ocrx_word' id='word_1_289' title='bbox 972 3589 1059 3650; x_wconf 88' lang='lat' dir='ltr'><strong>quem</strong></span> <span class='ocrx_word' id='word_1_290' title='bbox 1084 3580 1179 3634; x_wconf 78' lang='lat' dir='ltr'><strong>bens-</strong></span> 
     </span>
     <span class='ocr_line' id='line_1_34' title="bbox 99 3670 1180 3752; baseline 0.003 -22"><span class='ocrx_word' id='word_1_291' title='bbox 99 3670 255 3732; x_wconf 83' lang='lat' dir='ltr'><strong>ierendrnn</strong></span> <span class='ocrx_word' id='word_1_292' title='bbox 276 3678 475 3750; x_wconf 87' lang='lat' dir='ltr'><strong>susceperunt.</strong></span> <span class='ocrx_word' id='word_1_293' title='bbox 498 3671 562 3732; x_wconf 84' lang='lat' dir='ltr'><strong>iloe</strong></span> <span class='ocrx_word' id='word_1_294' title='bbox 581 3671 726 3734; x_wconf 88' lang='lat' dir='ltr'><strong>iamiiiere</strong></span> <span class='ocrx_word' id='word_1_295' title='bbox 738 3673 796 3734; x_wconf 88' lang='lat' dir='ltr'><strong>iuit</strong></span> <span class='ocrx_word' id='word_1_296' title='bbox 812 3671 975 3733; x_wconf 90' lang='lat' dir='ltr'><strong>Bibiiorum</strong></span> <span class='ocrx_word' id='word_1_297' title='bbox 988 3670 1180 3752; x_wconf 85' lang='lat' dir='ltr'><strong>Septuaginta</strong></span> 
     </span>
     <span class='ocr_line' id='line_1_35' title="bbox 99 3769 1179 3850; baseline 0.002 -22"><span class='ocrx_word' id='word_1_298' title='bbox 99 3769 327 3848; x_wconf 88' lang='lat' dir='ltr'><strong>interpretibus,</strong></span> <span class='ocrx_word' id='word_1_299' title='bbox 351 3777 381 3832; x_wconf 89' lang='lat' dir='ltr'><strong>et</strong></span> <span class='ocrx_word' id='word_1_300' title='bbox 403 3771 489 3850; x_wconf 86' lang='lat' dir='ltr'><strong>aliis,</strong></span> <span class='ocrx_word' id='word_1_301' title='bbox 521 3772 573 3848; x_wconf 90' lang='lat' dir='ltr'><strong>qui</strong></span> <span class='ocrx_word' id='word_1_302' title='bbox 594 3773 626 3830; x_wconf 92' lang='lat' dir='ltr'><strong>in</strong></span> <span class='ocrx_word' id='word_1_303' title='bbox 646 3771 746 3832; x_wconf 89' lang='lat' dir='ltr'><strong>eodem</strong></span> <span class='ocrx_word' id='word_1_304' title='bbox 765 3771 867 3832; x_wconf 88' lang='lat' dir='ltr'><strong>labore</strong></span> <span class='ocrx_word' id='word_1_305' title='bbox 889 3769 1080 3831; x_wconf 86' lang='lat' dir='ltr'><strong>desudarunt.</strong></span> <span class='ocrx_word' id='word_1_306' title='bbox 1103 3770 1179 3832; x_wconf 89' lang='lat' dir='ltr'><strong>iiiuc</strong></span> 
     </span>
     <span class='ocr_line' id='line_1_36' title="bbox 98 3865 1256 3952; baseline 0.002 -24"><span class='ocrx_word' id='word_1_307' title='bbox 98 3865 204 3928; x_wconf 87' lang='lat' dir='ltr'><strong>scribit</strong></span> <span class='ocrx_word' id='word_1_308' title='bbox 223 3866 324 3945; x_wconf 89' lang='lat' dir='ltr'><strong>Philo,</strong></span> <span class='ocrx_word' id='word_1_309' title='bbox 355 3867 545 3948; x_wconf 82' lang='lat' dir='ltr'><strong>Septuaginta</strong></span> <span class='ocrx_word' id='word_1_310' title='bbox 563 3871 691 3930; x_wconf 87' lang='lat' dir='ltr'><strong>seniores</strong></span> <span class='ocrx_word' id='word_1_311' title='bbox 711 3869 898 3936; x_wconf 81' lang='lat' dir='ltr'><strong>invertenda</strong></span> <span class='ocrx_word' id='word_1_312' title='bbox 918 3868 1008 3932; x_wconf 91' lang='lat' dir='ltr'><strong>Sacra</strong></span> <span class='ocrx_word' id='word_1_313' title='bbox 1030 3867 1188 3952; x_wconf 86' lang='lat' dir='ltr'><strong>Scriptura¹</strong></span> <span class='ocrx_word' id='word_1_314' title='bbox 1252 3903 1256 3912; x_wconf 74' lang='lat'>=</span> 
     </span>
    </p>
   </div>
   <div class='ocr_carea' id='block_1_9' title="bbox 98 3963 1292 4047">
    <p class='ocr_par' dir='ltr' id='par_1_10' title="bbox 98 3963 1292 4047">
     <span class='ocr_line' id='line_1_37' title="bbox 98 3963 1292 4047; baseline 0 -21"><span class='ocrx_word' id='word_1_315' title='bbox 98 3963 192 4027; x_wconf 81' lang='lat' dir='ltr'><strong>uerba</strong></span> <span class='ocrx_word' id='word_1_316' title='bbox 210 3969 391 4044; x_wconf 82' lang='lat' dir='ltr'><strong>excogitasse</strong></span> <span class='ocrx_word' id='word_1_317' title='bbox 406 3967 581 4044; x_wconf 88' lang='lat' dir='ltr'><strong>commoda,</strong></span> <span class='ocrx_word' id='word_1_318' title='bbox 595 3967 702 4047; x_wconf 88' lang='lat' dir='ltr'><strong>quibus</strong></span> <span class='ocrx_word' id='word_1_319' title='bbox 720 3969 866 4044; x_wconf 68' lang='grc' dir='ltr'><strong><em>ἐμφατιιύς</em></strong></span> <span class='ocrx_word' id='word_1_320' title='bbox 882 3966 1062 4046; x_wconf 79' lang='lat' dir='ltr'><strong>amplectione</strong></span> <span class='ocrx_word' id='word_1_321' title='bbox 1081 3967 1177 4044; x_wconf 81' lang='lat' dir='ltr'><strong>expri-</strong></span> <span class='ocrx_word' id='word_1_322' title='bbox 1288 3997 1292 4007; x_wconf 91' lang='lat'><em>·</em></span> 
     </span>
    </p>
   </div>
   <div class='ocr_carea' id='block_1_10' title="bbox 96 4064 1180 4440">
    <p class='ocr_par' dir='ltr' id='par_1_11' title="bbox 96 4064 1180 4440">
     <span class='ocr_line' id='line_1_38' title="bbox 98 4064 1179 4148; baseline 0 -26"><span class='ocrx_word' id='word_1_323' title='bbox 98 4069 215 4124; x_wconf 90' lang='lat' dir='ltr'><strong>merent</strong></span> <span class='ocrx_word' id='word_1_324' title='bbox 233 4067 295 4126; x_wconf 83' lang='lat' dir='ltr'><strong>vim</strong></span> <span class='ocrx_word' id='word_1_325' title='bbox 317 4064 521 4128; x_wconf 88' lang='lat' dir='ltr'><strong>hebraicarum</strong></span> <span class='ocrx_word' id='word_1_326' title='bbox 536 4081 659 4148; x_wconf 85' lang='lat' dir='ltr'><strong>uocum,</strong></span> <span class='ocrx_word' id='word_1_327' title='bbox 674 4065 857 4144; x_wconf 82' lang='lat' dir='ltr'><strong>formamque</strong></span> <span class='ocrx_word' id='word_1_328' title='bbox 874 4066 946 4128; x_wconf 90' lang='lat' dir='ltr'><strong>adeo</strong></span> <span class='ocrx_word' id='word_1_329' title='bbox 962 4069 1093 4142; x_wconf 87' lang='lat' dir='ltr'><strong>ipsarum</strong></span> <span class='ocrx_word' id='word_1_330' title='bbox 1105 4079 1179 4142; x_wconf 92' lang='lat' dir='ltr'><strong>pene</strong></span> 
     </span>
     <span class='ocr_line' id='line_1_39' title="bbox 97 4161 1180 4242; baseline 0 -20"><span class='ocrx_word' id='word_1_331' title='bbox 97 4161 263 4224; x_wconf 88' lang='lat' dir='ltr'><strong>redderent.</strong></span> <span class='ocrx_word' id='word_1_332' title='bbox 289 4164 335 4224; x_wconf 83' lang='lat' dir='ltr'><strong>itu</strong></span> <span class='ocrx_word' id='word_1_333' title='bbox 361 4167 439 4237; x_wconf 86' lang='lat' dir='ltr'><strong>enim</strong></span> <span class='ocrx_word' id='word_1_334' title='bbox 460 4164 532 4226; x_wconf 87' lang='lat' dir='ltr'><strong>dicii</strong></span> <span class='ocrx_word' id='word_1_335' title='bbox 555 4164 674 4226; x_wconf 90' lang='lat' dir='ltr'><strong>libror.</strong></span> <span class='ocrx_word' id='word_1_336' title='bbox 698 4163 736 4224; x_wconf 91' lang='lat' dir='ltr'><strong>de</strong></span> <span class='ocrx_word' id='word_1_337' title='bbox 758 4164 828 4226; x_wconf 87' lang='lat' dir='ltr'><strong>Vita</strong></span> <span class='ocrx_word' id='word_1_338' title='bbox 851 4163 980 4242; x_wconf 78' lang='lat' dir='ltr'><strong>Moysis:</strong></span> <span class='ocrx_word' id='word_1_339' title='bbox 996 4162 1052 4223; x_wconf 88' lang='lat' dir='ltr'><strong>-id</strong></span> <span class='ocrx_word' id='word_1_340' title='bbox 1070 4167 1180 4238; x_wconf 76' lang='lat' dir='ltr'><strong>negent</strong></span> 
     </span>
     <span class='ocr_line' id='line_1_40' title="bbox 96 4245 1178 4346; baseline 0 -26"><span class='ocrx_word' id='word_1_341' title='bbox 96 4262 272 4322; x_wconf 85' lang='lat' dir='ltr'><strong>usuveniese</strong></span> <span class='ocrx_word' id='word_1_342' title='bbox 294 4265 326 4322; x_wconf 95' lang='lat' dir='ltr'><strong>in</strong></span> <span class='ocrx_word' id='word_1_343' title='bbox 345 4263 492 4324; x_wconf 86' lang='lat' dir='ltr'><strong>vertendis</strong></span> <span class='ocrx_word' id='word_1_344' title='bbox 512 4262 558 4322; x_wconf 92' lang='lat' dir='ltr'><strong>his</strong></span> <span class='ocrx_word' id='word_1_345' title='bbox 583 4261 717 4340; x_wconf 86' lang='lat' dir='ltr'><strong>legibus,</strong></span> <span class='ocrx_word' id='word_1_346' title='bbox 741 4261 842 4322; x_wconf 87' lang='lat' dir='ltr'><strong>sedin</strong></span> <span class='ocrx_word' id='word_1_347' title='bbox 865 4277 958 4346; x_wconf 89' lang='lat' dir='ltr'><strong>unum</strong></span> <span class='ocrx_word' id='word_1_348' title='bbox 976 4263 1061 4338; x_wconf 84' lang='lat' dir='ltr'><strong>qussi</strong></span> <span class='ocrx_word' id='word_1_349' title='bbox 1074 4245 1178 4320; x_wconf 78' lang='lat' dir='ltr'><strong>conve·</strong></span> 
     </span>
     <span class='ocr_line' id='line_1_41' title="bbox 97 4358 1178 4440; baseline 0.002 -22"><span class='ocrx_word' id='word_1_350' title='bbox 97 4359 178 4418; x_wconf 85' lang='lat' dir='ltr'><strong>uisse</strong></span> <span class='ocrx_word' id='word_1_351' title='bbox 195 4363 313 4437; x_wconf 89' lang='lat' dir='ltr'><strong>propria</strong></span> <span class='ocrx_word' id='word_1_352' title='bbox 325 4363 446 4424; x_wconf 88' lang='lat' dir='ltr'><strong>nomina</strong></span> <span class='ocrx_word' id='word_1_353' title='bbox 459 4363 585 4440; x_wconf 88' lang='lat' dir='ltr'><strong>propriis</strong></span> <span class='ocrx_word' id='word_1_354' title='bbox 600 4361 729 4438; x_wconf 85' lang='lat' dir='ltr'><strong>reddite,</strong></span> <span class='ocrx_word' id='word_1_355' title='bbox 744 4375 849 4438; x_wconf 82' lang='lat' dir='ltr'><strong>graeca</strong></span> <span class='ocrx_word' id='word_1_356' title='bbox 869 4375 937 4421; x_wconf 92' lang='lat' dir='ltr'><strong>cnm</strong></span> <span class='ocrx_word' id='word_1_357' title='bbox 950 4358 1097 4420; x_wconf 85' lang='lat' dir='ltr'><strong>chaldaeis</strong></span> <span class='ocrx_word' id='word_1_358' title='bbox 1111 4371 1178 4420; x_wconf 80' lang='lat' dir='ltr'><strong>exe·</strong></span> 
     </span>
    </p>
   </div>
   <div class='ocr_carea' id='block_1_11' title="bbox 0 0 1552 5176">
    <p class='ocr_par' dir='ltr' id='par_1_12' title="bbox 0 0 1552 5176">
     <span class='ocr_line' id='line_1_42' title="bbox 0 0 1552 5176; baseline 0 5"><span class='ocrx_word' id='word_1_359' title='bbox 0 0 1552 5176; x_wconf 95' lang='lat' dir='ltr'><strong> </strong></span> 
     </span>
    </p>
   </div>
  </div>
 </body>
</html>
