3022 5178
830 403 1010 454 *228-

379 516 544 578 ctoritatem
556 521 657 576 nostro
671 517 843 590 argumento
855 512 1003 587 conferet,
1018 510 1057 570 ad
1068 511 1253 571 traditionem
1264 513 1297 572 de
1309 515 1423 577 librorum

378 614 546 674 divinorum
565 613 682 672 Canone
692 609 950 686 comprobandam:
970 635 982 659 a
997 610 1102 685 Incipit
1114 613 1255 669 sententia
1269 611 1322 686 (sic
1336 616 1424 690 uideri

378 728 471 789 pupae
490 713 596 771 leonis
610 711 648 769 de
664 710 821 784 scripturis
840 709 1026 785 apocryphis.
1048 707 1217 768 Curandum
1235 717 1294 786 est,
1313 717 1339 770 et
1353 729 1427 772 sacer·

379 809 471 868 dotali
485 809 637 886 diligentia
652 810 780 866 maxime
797 806 1027 884 providendum,
1042 813 1076 864 ut
1090 806 1157 865 falsi
1177 807 1302 882 codices,
1317 817 1344 868 et
1356 827 1371 868 a
1382 813 1428 869 sin·

379 923 448 966 cera
465 909 589 965 ueritate
605 906 763 982 discordes,
779 908 811 962 in
826 904 908 963 nulio
924 921 980 963 usu
998 904 1129 962 lectionis
1140 903 1308 964 habeantur.
1323 905 1429 984 Apocry-

378 1005 455 1081 phac
468 1005 645 1080 Scripturae,
660 1021 736 1079 quac
753 1003 808 1062 sub
829 1002 997 1061 nominibus
1010 1001 1217 1077 Apostolorum
1234 1004 1377 1062 minarum
1388 1005 1429 1063 hu·

377 1105 449 1164 bent
469 1106 581 1163 semina
596 1103 770 1176 falsitatum,
788 1117 849 1158 non
867 1101 963 1158 solum
981 1099 1197 1160 interdicendae
1215 1106 1292 1176 sunt,
1304 1103 1351 1160 sed
1361 1105 1430 1160 edam

378 1205 493 1278 penitus
512 1199 704 1274 auferendae,
720 1204 807 1274 atque
818 1197 935 1274 ignibus
952 1197 1193 1256 concremandae.
1214 1199 1347 1270 Quamuis
1363 1215 1431 1274 quae

378 1299 447 1358 dam
467 1301 527 1357 sint
548 1302 580 1356 in
599 1297 676 1372 illis,
698 1312 773 1372 quae
791 1295 946 1354 videantur
963 1297 1089 1370 speciem
1105 1295 1213 1353 hahere
1233 1298 1356 1370 pietatis,
1373 1312 1430 1354 nun·

378 1414 469 1473 quam
485 1403 584 1456 tamen
599 1411 710 1454 vacuae
727 1400 796 1453 sunt
809 1397 940 1469 venenis,
955 1400 985 1453 et
996 1409 1048 1470 per
1061 1393 1227 1452 fabularum
1243 1394 1380 1452 illecebras
1391 1397 1432 1454 hoe
1492 1415 1493 1468 ξ

380 1498 503 1554 latentes
519 1500 693 1570 operantur,
711 1499 745 1552 ut
765 1492 893 1550 mirabili
906 1495 1073 1552 narratione
1086 1493 1221 1551 seductos
1234 1493 1340 1567 laqueis
1356 1498 1431 1568 urjm·
1492 1509 1493 1572 ξ

379 1609 505 1668 eumque
516 1593 623 1651 erroris
636 1591 799 1649 involvant.
813 1589 898 1648 Unde
909 1592 934 1648 si
945 1592 1011 1665 quis
1022 1593 1221 1666 episcoporum
1232 1590 1279 1648 vel
1292 1591 1433 1666 apocrypha
1492 1601 1493 1656 ξ

379 1690 489 1750 habere
506 1705 567 1746 non
585 1687 784 1764 prohibuerit,
805 1687 853 1746 vel
874 1687 929 1746 sub
947 1687 1160 1746 Canonicorum
1177 1691 1294 1746 nomine
1312 1688 1434 1746 eoslihros

378 1791 411 1846 in
431 1788 553 1847 ecclesia
571 1788 735 1863 permiserit
751 1786 829 1861 legi,
844 1787 896 1861 qui
908 1786 1079 1861 priscilliani
1100 1792 1169 1845 sunt
1184 1786 1344 1845 adulterina
1358 1805 1433 1846 emen·
1492 1791 1493 1856 i

379 1884 498 1944 datione
514 1887 629 1960 vitiati,
652 1884 830 1942 haereticum
850 1899 882 1942 se
899 1885 1014 1942 noverit
1026 1884 1234 1960 judicandum,
1259 1877 1435 1960 quoniamqui
1492 1867 1493 1888 ἶ

380 1984 454 2042 alios
475 1983 513 2042 ab
530 1999 628 2042 errore
646 1999 706 2040 non
727 1988 864 2056 revocat,
884 1998 915 2040 se
936 1983 1034 2057 ipsum
1053 1999 1150 2040 errare
1165 1983 1351 2050 demonstrat.
1371 1983 1435 2058 Legi·
1492 1995 1493 2018 ¹

379 2089 429 2142 tur
453 2089 551 2142 autern
571 2084 667 2140 omnis
691 2081 842 2157 Scriptura
857 2081 959 2140 divina
977 2081 1210 2140 sanetiCunonis
1228 2082 1267 2140 ab
1282 2084 1360 2142 initio
1374 2084 1435 2157 anni,

380 2196 474 2257 usque
487 2179 526 2238 ad
537 2179 627 2237 iinem
642 2181 672 2238 in
685 2180 807 2238 ecclesia
820 2182 914 2238 sancti
922 2179 1000 2238 Petri
1017 2179 1074 2237 hoc
1089 2179 1201 2238 ordine.
1219 2180 1357 2254 Tempore
1367 2183 1434 2254 veris,

383 2279 441 2338 hoc
455 2270 503 2337 'est
514 2285 622 2354 septem
637 2277 740 2336 diebus
758 2283 826 2337 ante
839 2280 955 2336 initium
969 2279 1214 2354 Quadragesimae
1226 2295 1319 2354 usqua
1336 2279 1370 2337 ad
1380 2284 1437 2336 octa·

384 2393 455 2436 vam
469 2367 548 2436 diem
565 2382 633 2434 ante
653 2374 784 2450 Pascha,
803 2377 939 2451 leguntur
951 2377 1079 2452 quinque
1097 2377 1163 2434 libri
1180 2375 1299 2453 Moysi,
1315 2392 1375 2434 cum
1386 2375 1437 2432 Jeu

385 2473 469 2534 Naue
483 2480 513 2533 et
529 2474 687 2549 iudicum,
706 2480 735 2532 et
753 2479 863 2547 septem
881 2473 942 2532 dies
958 2479 1025 2531 ante
1044 2473 1158 2532 Pascha
1176 2473 1250 2532 liher
1264 2471 1438 2548 Isaiae3unde
1492 2519 1493 2542 ,

380 2571 418 2630 ad
433 2571 601 2630 Passionem
622 2571 741 2646 Christi,
760 2587 828 2629 cum
846 2573 939 2646 venit,
960 2572 1180 2630 lamentationes
1201 2573 1370 2630 Hieremiae.
1387 2570 1435 2627 Die-

384 2669 440 2728 bus
456 2674 553 2728 antem
571 2669 719 2745 Paschae,
736 2665 873 2744 epistolae
889 2669 1112 2745 Apostolorum,
1131 2676 1161 2728 et
1178 2675 1262 2728 aetus
1282 2667 1435 2740 eorumdem,

383 2771 471 2842 atque
487 2766 681 2843 Apocalypsis
695 2783 788 2842 usque
800 2766 1009 2825 Pentecostem.
1027 2768 1063 2826 In
1077 2774 1205 2843 tempore
1219 2775 1320 2827 autem
1333 2768 1436 2836 nands,
1492 2751 1493 2830 l

384 2863 517 2940 Regum,
532 2865 775 2941 Paralipomenon
792 2864 860 2923 libri
879 2880 971 2940 usque
984 2865 1023 2924 ad
1039 2867 1168 2924 medium
1181 2865 1337 2940 Autumni,
1350 2865 1398 2924 hoc
1408 2867 1439 2921 est
1492 2831 1493 2882 ¹

380 2975 432 3018 xv.
458 2962 599 3022 kalendas
626 2963 811 3021 Novembris.
842 2961 953 3021 Deinde
976 2963 1044 3022 libri
1064 2963 1227 3023 Salomonis
1244 2971 1276 3023 et
1290 2964 1436 3034 Mulierum,
1492 2943 1493 2976 r

381 3065 469 3135 atque
482 3059 747 3136 Machahaeorum,
762 3066 792 3119 ct
805 3059 878 3118 liher
891 3061 965 3119 Tohi
978 3063 1119 3138 usquead
1131 3063 1276 3121 kalendas
1286 3060 1438 3120 Decembris.

381 3155 458 3216 Ante
479 3164 577 3217 autam
592 3158 727 3218 Natalem
743 3159 861 3216 Domini
884 3159 984 3218 Nostri
1003 3159 1073 3217 lesu
1092 3160 1217 3236 Christi,
1236 3161 1345 3234 Isaiae,
1364 3160 1440 3216 Hiere

379 3257 456 3314 miae
476 3263 505 3316 et
523 3255 627 3315 Daniel
646 3273 739 3332 usque
757 3257 795 3316 ad
810 3257 1015 3332 Epiphaniam.
1034 3258 1138 3317 Postea
1150 3259 1270 3334 quidem
1283 3257 1404 3317 Ezechiel
1420 3260 1440 3312 et

379 3350 542 3429 Prophetae
554 3356 693 3431 minores,
709 3361 796 3430 atque
808 3355 866 3414 Job
881 3371 973 3431 usque
986 3355 1052 3414 idus
1074 3355 1246 3414 februarias.
1261 3357 1367 3415 Psalmi
1379 3353 1440 3411 omni

380 3457 530 3527 tempore3
552 3453 745 3528 Evangelium
763 3460 793 3512 et
805 3452 936 3529 Apostoli
952 3454 1094 3512 similiter.
1111 3454 1265 3514 Tractatus
1283 3471 1353 3513 vero
1367 3451 1440 3512 sancti

379 3547 567 3626 Hieronymi,
589 3548 757 3626 Ambrosii,
779 3552 1092 3628 ceterorum'patrum,
1106 3558 1193 3627 prout
1209 3553 1283 3611 ordo
1300 3553 1400 3627 posuit,
1411 3549 1439 3605 le
1492 3575 1493 3620 ἦ

383 3647 688 3723 guumnxpuut..
1492 3623 1493 3644 ¹

417 3742 445 3816 S.
461 3743 514 3802 IV.
529 3743 691 3804 Concilium
706 3749 932 3823 aquisgranense
947 3748 1056 3807 saeculi
1069 3752 1140 3806 noni
1155 3751 1238 3808 initio
1255 3748 1384 3806 habitum
1396 3760 1440 3802 sae

380 3855 416 3914 pe
430 3843 490 3898 suis
505 3841 627 3901 decretis
644 3844 772 3904 adnectit
787 3842 951 3920 Scripturas
967 3845 1280 3923 Dentato-Canonicas,
1299 3845 1442 3922 praemissis

382 3936 516 3998 formulis
524 3941 621 4016 jurato
640 3941 728 4016 ettad,
742 3944 789 4002 vel
807 3948 843 4002 ut
854 3947 998 4021 sciptum
1011 3949 1071 4018 est5
1087 3961 1122 4002 ac
1136 3946 1208 4003 alias
1225 3945 1262 4002 de
1278 3945 1439 4003 institutione
1492 4019 1493 4026 ἵ

380 4038 650 4097 sanctimonialium
669 4056 733 4115 cap.
759 4057 787 4097 v.
810 4043 868 4100 ait:
888 4067 900 4092 «
912 4042 1079 4103 Nescientes
1098 4044 1171 4102 illud
1193 4037 1398 4119 propheticum:
1413 4036 1440 4111 (i)

377 4165 391 4178 ·
400 4135 458 4194 Fili
471 4137 610 4196 uoeedens
625 4138 663 4198 ad
677 4140 925 4219 servitutemDei,
941 4149 987 4202 ste
999 4145 1031 4202 in
1041 4146 1157 4220 justitia
1169 4150 1198 4203 et
1209 4145 1326 4220 timore,
1340 4148 1367 4202 ct
1378 4153 1440 4215 prae
1492 4139 1493 4188 i

409 4326 445 4392 (1)
459 4330 524 4380 Ecel.
534 4343 557 4379 c.
570 4332 601 4380 il.
617 4337 637 4381 i.
