2964 5174
798 405 838 413 ...
859 381 897 430 36
917 403 958 415 ..-

338 491 452 548 Ἰυοίννου
480 493 528 554 ss',
549 489 595 543 xci
616 486 720 544 Παύλου
736 523 745 554 ,
767 492 813 543 τῶν
832 489 911 562 alpius
929 489 1111 555 Ἀποστόλυν,
1138 493 1201 554 παῖς
1224 495 1302 565 παρά
1328 497 1426 565 πατρὸς

340 583 519 657 ἐκδεχόμενοι·
538 579 623 652 ὀλίγοι
640 582 667 634 δι’
680 581 707 635 οι’
721 581 836 654 πατράσι
853 580 946 653 ὅμοιοι·
959 579 1019 642 ἦνον
1033 585 1083 652 δή,
1097 585 1144 638 συν
1160 586 1228 654 Θεῷ,
1242 585 1288 640 καὶ
1305 583 1345 647 εἷς
1359 586 1430 654 η’μὰς

335 678 369 730 τοὶ
385 673 523 748 recessurae:
540 668 644 738 ἐκείνοι,
659 672 704 728 καὶ
721 672 885 728 ἀποστολικοὶ
900 672 1112 748 καταθησόμενοι
1129 675 1268 748 σπέρματα
1282 694 1291 750 3
1307 680 1330 736 i.
1343 696 1370 738 e.
1386 679 1430 738 Si-

339 775 407 834 cula
416 791 487 834 vcro
498 776 561 851 apis
577 773 628 850 (sic
644 779 731 834 vocat
744 773 935 850 Pantaenum)
949 774 1111 851 prophetici
1125 781 1154 834 et
1181 777 1335 852 apostolici
1353 779 1432 852 prati

338 873 425 932 tiores
454 874 630 950 decerpens,
648 875 792 933 sinceram
809 872 989 950 quamdam,
1008 878 1038 932 et
1062 875 1261 950 incorruptam
1286 877 1432 952 cognitio

338 986 406 1030 nem
426 972 609 1046 ingeneravit
632 987 751 1047 eorum,
773 973 826 1047 qui
843 971 1000 1038 audiebant
1020 972 1136 1030 animis.
1158 970 1216 1030 Sed
1230 972 1263 1030 bi
1279 972 1433 1046 (attendas

338 1068 460 1144 quaeso)
476 1085 579 1128 veram
601 1068 720 1144 quidem
745 1069 847 1128 beatae
868 1068 1018 1128 doetrinae
1040 1069 1198 1128 servabunt
1217 1069 1432 1145 traditionem,

338 1169 438 1226 statim
457 1182 476 1226 a
493 1166 590 1244 Petro,
608 1173 637 1226 et
650 1167 772 1242 Iacobo,
788 1173 817 1226 et
831 1166 957 1243 Ioanne,
975 1172 1005 1226 et
1021 1166 1114 1226 Paulo
1136 1169 1246 1228 sancho
1263 1167 1432 1243 Apostolis,

337 1270 480 1340 tanquam
498 1263 577 1323 filius
593 1280 612 1322 a
628 1271 710 1340 patre
724 1266 889 1340 excipiens,
903 1267 991 1340 pauci
1010 1267 1089 1325 enim
1101 1265 1232 1341 patribus
1244 1266 1379 1341 similes,
1395 1265 1433 1323 ad

338 1377 394 1420 nos
413 1378 547 1438 quoque,
569 1362 686 1422 volente
714 1361 794 1438 Deo,
814 1368 1010 1438 pervenerunt
1025 1363 1077 1422 illa
1096 1378 1115 1421 a
1132 1362 1292 1438 majoribus
1312 1363 1387 1422 data
1405 1369 1433 1420 et

340 1460 500 1536 apostolica
515 1458 675 1534 deposituri
692 1462 843 1520 semina.»
867 1459 1083 1520 commentaria
1100 1463 1218 1536 insuper
1233 1460 1383 1520 Pantaeni
1403 1461 1434 1518 in

339 1573 438 1616 sacrm
449 1556 614 1633 Scripturas
626 1573 696 1632 prae
706 1557 842 1616 manibus
853 1557 958 1616 habuit
969 1556 1113 1634 Clemens,
1123 1563 1158 1616 ut
1168 1559 1210 1617 ait
1220 1558 1365 1618 Eusebius
1375 1558 1430 1633 (ll.

379 1654 434 1714 llis
451 1655 548 1714 verbis
566 1654 687 1714 abactis
708 1654 841 1714 lubenter
860 1655 990 1729 ejusdem
1005 1657 1114 1729 scripta
1130 1671 1287 1730 percurro,
1304 1661 1335 1716 et
1352 1657 1387 1714 in
1402 1671 1434 1713 re

341 1757 443 1810 nosue
456 1751 536 1810 illius
553 1755 756 1811 auctoritatem
772 1768 872 1826 sumo,
891 1751 963 1810 dum
981 1750 1145 1827 Scripturas
1162 1751 1434 1812 Deutero-Canoni-

339 1865 390 1908 cas
408 1855 509 1924 utpote
526 1850 644 1909 divinas
658 1851 729 1926 legit
745 1849 896 1926 Clemens,
915 1851 990 1908 inter
1007 1855 1117 1917 ceteras
1131 1848 1247 1908 Priores
1262 1847 1433 1926 Scripturas

340 1947 504 2008 conterens.
524 1949 559 2006 In
570 1948 647 2006 libro
659 1951 754 2024 enim,
767 1965 855 2024 quem
870 1964 960 2024 supra
978 1948 1151 2022 retrrlirnus,
1167 1947 1204 2006 de
1221 1948 1335 2025 Moysis
1353 1951 1432 2024 vita,

341 2053 371 2105 et
393 2049 481 2122 gostis
498 2046 625 2122 locutus,
644 2047 775 2122 procedit
790 2048 847 2104 sic:
868 2044 1145 2121 «operaepretium
1162 2051 1343 2122 astantem,
1362 2063 1432 2105 cum

341 2147 373 2202 in
387 2145 467 2204 hunc
478 2143 574 2204 locum
589 2144 804 2219 devenerimus,
817 2144 943 2204 aliorum
956 2160 1072 2220 quoque
1083 2143 1307 2220 Prophetarum,
1324 2143 1364 2220 (2)
1381 2146 1432 2220 qui

339 2223 406 2319 post
422 2244 547 2321 Moysen
560 2243 680 2302 fumum
698 2243 777 2318 apud
793 2242 946 2318 hebraeos,
959 2249 1090 2318 tempora
1109 2245 1298 2318 exquirere.»
1316 2242 1356 2300 Et
1368 2243 1433 2316 plu·

340 2344 424 2401 rimis
436 2359 474 2400 ex
488 2342 536 2400 his
549 2345 638 2418 juxta
650 2340 830 2416 Scriptruam
848 2343 965 2400 censitis
985 2341 1024 2398 ad
1041 2341 1242 2417 captivitatem
1251 2339 1373 2399 devenit
1385 2343 1431 2398 in-

340 2443 461 2516 quiens:
481 2465 494 2490 «
509 2440 543 2498 In
556 2438 613 2498 hae
629 2441 798 2514 captivitate
812 2438 869 2497 init
886 2438 990 2498 Esther
1007 2445 1037 2497 et
1049 2438 1262 2497 Mardochaeus
1276 2443 1363 2516 cujus
1377 2439 1431 2498 ba·

340 2537 426 2596 betur
440 2537 531 2612 liber,
549 2538 625 2596 deut
641 2539 731 2596 etiam
747 2536 1015 2596 Machabaeorum.
1030 2580 1038 2594 .
1052 2580 1060 2594 .
1076 2581 1084 2594 .
1099 2536 1183 2594 Tunc
1202 2552 1254 2611 per
1270 2536 1431 2595 draconem

341 2635 445 2694 Daniel
462 2639 570 2711 ejectus
589 2642 634 2695 est
647 2635 790 2694 inlocum
803 2637 939 2710 leonum,
955 2635 993 2693 ab
1010 2634 1130 2693 Abacuc
1146 2635 1249 2692 divim
1266 2633 1431 2693 Providen-

341 2735 384 2791 tia
402 2735 547 2809 nutritur,
570 2735 693 2808 septimo
710 2733 757 2791 die
781 2739 925 2791 servatur.
950 2733 1006 2790 llic
1025 2735 1114 2790 etiam
1133 2732 1230 2790 factus
1248 2737 1293 2790 est
1310 2734 1431 2808 signum

342 2831 359 2888 J
361 2846 446 2905 onae,
467 2838 496 2890 et
516 2830 623 2890 Tobios
640 2847 691 2906 per
709 2831 888 2906 Raphaelcm
898 2829 1045 2906 Angelum
1056 2830 1174 2888 &mam
1185 2829 1266 2888 ducit
1282 2847 1410 2888 uxorem
1421 2873 1429 2906 ,

341 2945 410 2986 curn
425 2929 549 2987 daemon
567 2937 678 3005 septem
694 2932 805 3004 primos
824 2933 887 3004 ejus
906 2945 1009 3004 procos
1033 2929 1214 3004 annuisset,
1235 2934 1265 2986 et
1287 2933 1357 3004 post
1374 2945 1429 2986 nu·

339 3030 417 3102 ptias
429 3026 556 3104 Tobiae,
567 3034 651 3104 pater
661 3032 724 3104 ejus
740 3028 833 3086 Tobet
846 3030 944 3086 visum
957 3030 1095 3102 recipit.»
1111 3027 1201 3086 Libro
1217 3026 1347 3086 secundo
1359 3027 1431 3086 Pae·

340 3123 448 3202 dagogi
464 3141 529 3201 cap.
541 3143 572 3183 v.
594 3124 631 3184 de
648 3125 734 3202 llisu,
751 3127 857 3202 inquit:
877 3150 891 3174 «
901 3126 954 3185 Fst
971 3133 1069 3184 autem
1082 3129 1158 3184 risus
1172 3124 1300 3184 insolens
1316 3131 1348 3184 et
1362 3141 1429 3200 pro·

338 3229 440 3282 teerlS
460 3238 495 3281 ac
516 3205 613 3298 plodis
637 3227 829 3282 conveniens:
852 3221 891 3299 (3)
915 3224 1006 3296 Μυρος
1026 3223 1051 3276 δὲ
1076 3223 1102 3275 ἔν
1122 3224 1216 3294 *sedaret
1233 3221 1430 3296 α’νυψοῖφυνήν

335 3321 429 3386 αὐτοῦ,
448 3323 556 3395 φήσινῆ
572 3327 673 3396 γραφή,
691 3324 755 3392 ἀνήρ
770 3327 796 3377 δὲ
811 3329 968 3396 πανοῦργος,
987 3323 1065 3396 μόγις
1087 3324 1181 3395 ἡσυχῇ
1193 3321 1338 3398 productust,
1360 3324 1382 3380 i.
1400 3339 1425 3381 e.

339 3419 451 3480 Stultus
471 3428 569 3480 autem
592 3424 626 3480 in
642 3425 704 3481 risu
723 3424 837 3482 extollit
861 3440 965 3482 vocem
982 3439 1084 3498 suam,
1103 3423 1176 3480 dicit
1190 3420 1359 3497 Scriptura,
1379 3423 1427 3478 vir

339 3524 438 3576 autem
452 3525 584 3595 astutus,
600 3521 648 3579 vel
662 3521 791 3596 prudens
807 3523 860 3580 uix
880 3524 989 3580 sensim
1004 3519 1176 3580 subridebit.
1192 3545 1205 3570 ν
1222 3520 1267 3578 Ex
1287 3521 1353 3595 ipso
1377 3519 1429 3577 Ec

340 3614 494 3676 clesiastlci
513 3618 589 3677 libro
605 3619 678 3678 haec
694 3621 819 3695 profert:
839 3619 877 3696 (4)
897 3645 909 3670 c
923 3618 962 3675 Ου’
979 3621 1032 3694 γᾶς
1046 3620 1177 3692 γινώσκει,
1192 3619 1268 3692 piore
1289 3618 1308 3672 ν’
1325 3621 1426 3691 γραφή,

339 3713 378 3765 ὄτι
400 3713 537 3785 ὀφθαλμοὶ
556 3716 649 3787 Κυρίου
670 3717 785 3784 ὑψίστου
803 3717 997 3792 μυριοπλοιοίυς
1019 3718 1094 3777 ἠλιόυ
1115 3718 1290 3790 observataque
1306 3715 1388 3770 εἰσὶν·
1405 3716 1428 3770 οἶ

336 3801 510 3868 ἐπιβλέπουοι
527 3810 616 3870 sicar
633 3806 707 3872 ἆδούς
724 3807 878 3880 ἀνθρώπων,
900 3812 943 3862 καὶ
959 3809 1129 3863 νιοιτοινόουοιν
1145 3809 1183 3872 εἷς
1197 3808 1339 3880 ἅποόιρυφοι
1353 3809 1429 3878 μέρη,

339 3897 361 3952 i.
380 3911 407 3953 e.
430 3896 497 3954 Non
516 3901 595 3956 enim
616 3903 785 3976 cognoscit,
806 3903 850 3960 ait
866 3901 1033 3978 Scriptura,
1054 3903 1195 3977 quomam
1213 3899 1291 3960 oculi
1308 3899 1426 3958 Domini

363 4223 398 4284 (ι)
415 4223 554 4276 aarum.
566 4226 663 4276 uam
675 4231 732 4278 cn.
743 4202 882 4290 -erlraa
896 4237 949 4279 aa.
962 4229 1109 4292 -arsea
1122 4231 1211 4280 exn.
1223 4225 1347 4291 m-(r)
1358 4226 1420 4276 ner.

342 4310 379 4352 15.
393 4311 432 4354 ⁸20.
