3086 5182
811 308 991 360 -los—

357 421 618 496 membranaceus,
639 420 710 480 lolio
724 420 829 496 majori
849 424 1008 496 exaratus,
1030 416 1249 479 lit.B.num.l.
1273 427 1302 478 e.
1324 420 1432 496 profert

357 519 465 580 librum
487 517 602 578 Baruch
622 523 688 594 post
707 533 774 594 cap.
797 534 855 578 nn.
878 505 1050 578 Hieremiae.
1078 515 1233 578 Desinente
1260 519 1377 579 saeculo
1401 521 1454 580 xj

357 617 484 678 creditur
508 617 679 693 descriptus.
703 617 807 693 Liquet
822 634 891 676 vero
905 633 982 676 saec.
999 632 1060 675 xrr.
1079 633 1157 676 xrrr.
1175 623 1204 677 et
1220 617 1311 692 ulna,
1327 620 1433 694 omnia,

360 731 435 792 quae
457 721 579 791 extant,
600 716 798 791 manuscripta
820 715 992 792 Hieronymi
1014 716 1180 790 versionis,
1205 715 1386 790 praeseferre
1404 715 1435 774 li·

358 813 445 873 brum
468 813 585 874 Baruch
611 819 676 889 post
699 813 933 872 Lamentationes
961 812 1123 872 Hieremiae
1146 815 1260 890 situm,
1286 812 1340 873 ubi
1360 829 1435 872 nuno

359 913 497 987 temporis
527 912 643 988 legitur.
673 910 798 971 Notatur
817 911 884 970 dein
911 909 1039 970 codicem
1060 903 1255 987 amiatinum,
1276 910 1437 970 toletanum
1526 897 1527 900 ¹

359 1011 568 1070 memmianum
589 1015 619 1070 et
637 1016 857 1070 emanatensem
879 1025 972 1085 nuper
991 1014 1148 1084 notatum,
1174 1009 1308 1069 Psalmos
1329 1025 1439 1085 praese·
1526 1001 1527 1062 ἶ

360 1107 437 1168 ferre
451 1112 540 1186 juxta
560 1107 732 1186 Hieronymi
753 1124 791 1166 ex
813 1106 937 1166 hebraeo
961 1095 1142 1184 versionem,
1169 1105 1242 1168 alios
1265 1111 1368 1166 autem
1388 1105 1439 1167 sub

360 1206 456 1268 Caroli
469 1207 572 1284 Magni
586 1207 722 1282 auspiciis
736 1207 938 1281 transcriptos,
951 1219 1076 1280 quorum
1087 1207 1195 1280 primos
1207 1204 1438 1282 vallicellanum,
1526 1283 1527 1296 χ

361 1305 523 1366 carolinum
539 1310 569 1364 ct
586 1303 855 1380 vindobonensem,
875 1309 905 1364 et
921 1303 994 1364 alios
1014 1303 1075 1364 iere
1091 1319 1191 1364 omnes
1208 1306 1261 1381 qui
1276 1305 1441 1364 successive
1526 1327 1527 1336 ¹

361 1403 460 1464 collati
482 1408 579 1479 sunt,
605 1405 714 1480 quique
736 1401 911 1462 Psalterlum
936 1405 1086 1462 continent
1112 1401 1121 1478 (
1143 1418 1210 1462 cum
1234 1405 1267 1461 ln
1289 1401 1441 1464 nonnullis

362 1501 452 1578 desit)
473 1517 575 1577 capere
597 1501 729 1560 Psalmos
745 1517 762 1560 e
776 1516 880 1578 graeca
901 1499 1089 1578 Septuaginta
1105 1501 1298 1562 translatione
1311 1505 1442 1575 sumptos

362 1615 398 1659 ac
422 1599 461 1658 ab
483 1598 584 1658 eodem
605 1599 785 1678 Hieronymo
807 1599 985 1664 emendatos,
1011 1598 1047 1658 llt
1072 1598 1128 1657 hoc
1141 1599 1306 1674 vprudenter
1331 1597 1441 1658 iactum

362 1701 427 1773 ost,
446 1711 484 1754 ne
503 1712 541 1755 ex
561 1695 834 1756 novaPsalmorum
853 1698 885 1755 in
902 1695 1037 1756 ecelesias
1055 1698 1161 1756 collata
1178 1698 1326 1773 versione,
1343 1695 1442 1756 fideles
1526 1685 1527 1746 ἶ

361 1794 461 1870 pusilli
480 1793 717 1870 offenderentur,
738 1809 806 1854 cum
824 1811 925 1855 omnes
944 1795 1069 1856 Psalmis
1086 1797 1193 1855 assueti
1210 1801 1308 1856 essent
1326 1796 1393 1871 ita,
1412 1801 1442 1854 nt

362 1894 529 1952 memoriter
550 1909 666 1970 quoque
685 1896 862 1970 recitarent3
890 1894 969 1972 quod
992 1899 1022 1954 et
1042 1897 1121 1954 cavit
1143 1893 1220 1954 idem
1242 1894 1442 1972 Hieronymus
1526 1871 1527 1898 ¹

364 1989 402 2049 ad
421 1986 617 2065 Sophronium
638 1990 787 2068 scribens,
809 1993 857 2050 oni
873 1993 1005 2068 inoripsit
1024 1991 1208 2052 Psalmorum
1226 1993 1396 2052 versionem
1409 2007 1442 2052 ax
1526 2047 1527 2052 ,

362 2085 505 2147 hebraeo:
532 2088 617 2149 «Neo
637 2088 694 2149 hoc
714 2089 795 2166 dico,
814 2091 871 2166 ait,
892 2107 951 2168 quo
965 2105 1162 2167 praecessores
1179 2106 1260 2150 meos
1277 2089 1439 2166 mordeam,

364 2191 415 2246 ant
436 2185 597 2263 quidquam
618 2186 654 2247 de
676 2188 722 2248 his
742 2187 898 2266 (Psalmis)
921 2188 1044 2250 arbitrer
1065 2189 1296 2265 detrahendum,
1317 2205 1440 2266 quorum

365 2286 586 2346 translationem
606 2285 827 2364 diligentissime
845 2288 1046 2365 emendatam,
1067 2287 1136 2348 olim
1156 2303 1238 2346 meae
1257 2287 1379 2364 Hagnae
1395 2286 1441 2346 ho

362 2383 491 2442 minibus
507 2382 659 2461 dederim,
680 2384 733 2444 sed
754 2385 834 2463 quod
852 2386 933 2446 uliud
948 2389 986 2446 sit
1003 2388 1034 2444 in
1052 2387 1178 2446 ecclesiis
1189 2383 1305 2445 Christo
1323 2383 1439 2444 ereden-

362 2482 437 2540 tium
454 2480 587 2542 Psalmos
602 2481 716 2561 legere,
734 2482 816 2543 aliud
825 2483 940 2560 judaeis
957 2482 1074 2561 singula
1089 2483 1179 2544 verba
1193 2481 1440 2544 calumniantibus

364 2579 537 2654 respondere
556 2586 612 2640 eto.
627 2605 640 2632 u
666 2580 730 2640 Hoc
752 2587 781 2640 et
801 2581 838 2640 de
860 2581 934 2642 libro
958 2581 1073 2642 Baruch
1095 2581 1152 2640 alla
1176 2579 1232 2641 snb
1256 2582 1371 2641 ratione
1398 2578 1440 2640 al·

366 2675 506 2736 firmavit.
515 2676 561 2737 lix
575 2693 647 2738 aevo
660 2694 729 2756 ergo
739 2677 869 2756 Alcuini,
879 2679 1002 2740 obeunte
1013 2679 1127 2740 saeculo
1136 2695 1255 2740 v111.ex
1264 2693 1324 2756 quo
1335 2679 1443 2736 inserta
1526 2727 1527 2730 ,

363 2773 420 2834 init
438 2788 532 2836 novae
551 2775 722 2854 Hieronymi
752 2777 936 2842 tramlattoni
966 2780 1063 2838 versio
1088 2779 1209 2854 antiqua
1234 2774 1441 2850 Psalmorurn,

364 2872 477 2932 institui
502 2878 597 2950 potest
621 2876 654 2933 in
678 2873 806 2936 ecclesiis
831 2891 901 2935 usus
926 2877 1089 2935 communis
1113 2875 1217 2951 illius,
1243 2889 1323 2934 nunc
1346 2872 1443 2932 dictae

369 2969 520 3048 Vulgata,
542 2971 712 3051 versionis,
733 2989 809 3051 quae
828 2972 933 3034 deinde
952 2975 985 3033 in
1004 2973 1125 3034 ecclesia
1147 2973 1241 3032 latim
1261 2969 1333 3032 adeo
1360 2971 1443 3030 inva-

363 3070 438 3147 luit,
460 3076 494 3132 11
512 3069 562 3146 (in
581 3087 617 3132 ea
630 3071 787 3148 descriptis
807 3074 925 3134 mixtim
952 3088 1012 3132 una
1038 3087 1106 3132 cum
1126 3067 1444 3147 Bauch,1scripturis
1526 3113 1527 3140 ,

363 3167 495 3230 Denteris
514 3172 621 3230 veteris
642 3170 821 3230 Testamenti
837 3172 869 3230 in
886 3186 1008 3231 numero
1019 3179 1069 3231 14.
1090 3169 1242 3246 librorum,
1263 3168 1349 3228 sicuti
1366 3169 1443 3226 and·

363 3268 463 3343 quitus
482 3267 691 3345 censebantur)
713 3269 869 3329 concilium
887 3268 1077 3328 tridentinum
1094 3283 1164 3344 prae
1176 3267 1243 3326 aliis
1256 3266 1357 3326 latinis
1378 3280 1444 3326 ver·

361 3364 494 3425 sionibus
514 3364 711 3426 authenticam
732 3366 934 3428 declaraverit.

304 3533 305 3540 ἵ
401 3461 480 3522 Sileo
498 3463 535 3522 de
555 3463 682 3542 quodam
695 3463 927 3525 Sacramentario
942 3463 1086 3543 gallicano
1097 3467 1186 3540 juxta
1201 3462 1358 3540 llodyunr,
1378 3465 1448 3520 ante

364 3574 458 3622 annos
477 3560 558 3623 mille
577 3567 718 3640 ennato,
739 3563 807 3624 ubi:
834 3587 847 3614 a
865 3562 932 3623 libri
950 3562 1118 3624 canonizati
1142 3564 1247 3622 veteris
1265 3559 1448 3620 Testamenti

363 3665 517 3718 censentur
536 3669 575 3720 44
586 3680 622 3737 »ς
642 3661 680 3721 de
699 3661 848 3720 Breviario
862 3661 1091 3722 Hazorahioomo
1107 3659 1184 3720 dicto
1201 3676 1252 3736 per
1270 3657 1449 3746 slsidorunr

363 3755 535 3832 ernendato,
557 3773 594 3816 ex
614 3774 672 3834 quo
691 3775 798 3820 nomen
819 3761 951 3836 accepit3
973 3760 1014 3820 Dc
1034 3758 1246 3835 Antiphonario
1265 3773 1291 3816 s.
1309 3755 1448 3832 Gregorii

363 3873 456 3934 papae
475 3852 513 3912 ab
532 3851 657 3918 Alcuino
683 3861 813 3934 consito,
834 3859 871 3916 de
890 3858 965 3917 libro
992 3858 1112 3918 Gemma
1136 3857 1252 3915 animoa
1276 3859 1450 3928 nuncupato

363 3955 402 4015 ab
419 3956 550 4017 Honorio
565 3958 733 4035 presbytero
749 3957 997 4034 augustodunensi
1018 3956 1113 4031 edito,
1136 3956 1187 4032 qui
1206 3955 1268 4032 agit
1286 3952 1324 4010 de
1336 3951 1449 4011 divinis

362 4053 488 4132 officiis,
509 4062 538 4114 et
558 4058 677 4132 antiquo
698 4058 756 4116 ritu
771 4055 947 4131 Missarum;
965 4054 1001 4113 de
1018 4054 1166 4113 Breviario
1181 4051 1320 4110 ffloeoasis
1335 4051 1449 4108 curien

361 4155 403 4212 sis
419 4169 475 4229 per
494 4152 610 4214 Gotlieb
629 4157 796 4230 episcopam
823 4152 991 4228 elaborato3
1018 4152 1054 4213 da
1079 4152 1169 4211 altero
1194 4149 1332 4209 ecelesiae
1356 4148 1447 4221 traje

362 4255 480 4329 densis,
502 4269 577 4330 quae
598 4255 697 4312 omnia
717 4259 784 4312 ante
804 4252 925 4312 Lutheri
945 4266 1049 4312 aevum
1070 4249 1157 4328 edita,
1168 4253 1301 4308 statuunt
1313 4251 1444 4306 veterem
