3094 5176
809 405 989 458 -loo-

363 523 440 584 visit
457 519 542 579 initio
554 515 663 578 saeculi
679 531 738 591 rv.,
752 515 809 574 boe
822 517 904 591 pium
915 529 989 590 opus
999 513 1185 574 commendat
1197 513 1341 576 iratribus
1354 519 1432 591 juxta

363 626 492 682 ueterem
503 613 743 676 consuetudinem
755 616 787 672 in
797 614 945 689 Ecclesia,
958 611 996 672 rie
1007 611 1067 672 fine
1079 615 1158 672 ntae
1169 629 1241 672 suae
1253 612 1373 674 locutus
1385 612 1430 686 iil:

366 743 380 772 a
391 716 529 778 Acoedite
547 714 675 790 babes,
697 715 793 789 inqiut
814 711 861 788 (et
879 715 922 772 ita
935 717 1132 772 sonuttextns
1145 713 1253 790 syme)
1269 711 1430 786 extendite,

363 819 427 877 siva
446 815 611 891 componite
629 829 696 888 me,
717 813 857 888 qnoniam
884 815 1028 870 statutum
1047 816 1111 886 est,
1137 817 1167 870 ct
1184 827 1245 870 non
1265 825 1432 886 permanens

362 929 438 992 ugo,
459 919 490 972 et
508 913 649 970 viadcum
669 909 852 986 suppeditato
870 907 944 968 mibi
963 909 996 967 in
1015 907 1215 984 orationibus,
1236 911 1267 966 in
1288 907 1431 983 Psalmis,

362 1017 393 1072 et
410 1009 618 1070 oblationibus.
633 1008 671 1068 Et
690 1023 759 1066 cum
778 1006 914 1082 completi
933 1006 1043 1066 iruerint
1056 1005 1128 1064 mibi
1140 1007 1263 1083 triginta
1278 1004 1379 1082 (dias)
1397 1005 1432 1064 ia

359 1113 418 1172 cite
446 1109 552 1169 batres
571 1108 630 1166 mci
649 1107 841 1180 memoriam,
870 1105 1010 1181 quoniam
1031 1103 1229 1182 adjuvantur,
1258 1103 1313 1179 qui
1332 1106 1432 1161 mortni

359 1213 457 1284 sunt,
476 1179 510 1267 in
529 1204 749 1280 oblationibus,
770 1219 844 1280 quas
864 1203 997 1262 mucules
1016 1207 1180 1279 peragunt.
1193 1244 1201 1259 .
1215 1244 1223 1259 .
1235 1200 1324 1274 Quod
1341 1202 1368 1260 si
1383 1203 1432 1260 riri

362 1305 546 1366 Matbntbiue
558 1305 610 1381 qui
623 1307 656 1362 in
668 1303 810 1380 mysterio
822 1299 962 1360 tenebant
973 1299 1171 1360 ordinationes
1184 1343 1193 1376 ,
1213 1300 1292 1360 siem
1306 1298 1431 1376 legistis,

359 1405 470 1464 delicta
481 1419 584 1464 eorum
592 1404 785 1479 expiaverunt
793 1402 826 1459 in
835 1399 1047 1474 oblationibus,
1061 1400 1113 1475 qui
1124 1397 1289 1458 ceciderant
1298 1400 1334 1458 in
1345 1397 1430 1474 bello,
1535 1427 1536 1494 ,

361 1509 391 1563 et
409 1504 554 1580 inquinati
573 1501 691 1562 fuerant
710 1502 741 1559 in
761 1497 897 1576 operibus
917 1499 999 1575 suis,
1020 1503 1131 1574 quanto
1150 1499 1243 1575 magis
1273 1496 1431 1556 sacerdotes

361 1599 416 1660 tilii
438 1600 528 1678 (Dei)
550 1600 670 1675 expiant
682 1603 802 1674 peccata
814 1602 996 1656 mortuorunn
1009 1596 1041 1654 in
1052 1595 1246 1656 oblationibus
1257 1577 1361 1654 eornm
1371 1612 1432 1654 san-

356 1701 436 1775 ctis,
456 1700 574 1774 orisque
593 1699 640 1758 sui
659 1694 877 1756 orationibus.»

367 1819 370 1824 ·
400 1795 545 1856 Eusebius
558 1799 590 1854 in
603 1793 785 1870 Palaestina,
798 1791 974 1852 Caesareano
987 1793 1159 1868 episcopus,
1181 1794 1232 1868 qui
1244 1793 1347 1850 omnia
1359 1791 1432 1850 crol-

360 1901 446 1954 verat
463 1896 630 1971 primaevae
655 1893 801 1952 Eoeleeiue
826 1897 1033 1967 monumenta,
1062 1893 1124 1952 suis
1150 1893 1266 1968 scriptis
1295 1897 1434 1949 memorat

360 1992 582 2054 nmcvivomm
594 1993 732 2068 miano
744 2005 815 2068 erga
827 1991 997 2066 defunctos,
1011 1990 1104 2050 vduti
1117 1992 1150 2048 in
1161 1990 1292 2049 ewlesiis
1304 1987 1434 2066 frequen

358 2096 463 2152 mium.
485 2089 546 2151 Sub
565 2089 719 2150 dimidium
732 2089 840 2150 meruli
855 2105 900 2149 ru.
917 2087 955 2166 (u)
970 2087 1007 2147 dc
1017 2094 1111 2148 morte
1127 2087 1312 2148 Comtantini
1326 2087 1431 2146 uadit:

364 2187 447 2248 «Sed
464 2203 533 2250 eum
552 2190 578 2246 is
601 2187 808 2263 (Constantius
825 2187 924 2262 iiius)
942 2189 1092 2264 jamnum
1106 2187 1226 2262 reliquiis
1244 2185 1375 2244 militum
1393 2200 1435 2242 co
1460 2181 1466 2198 ‘
1535 2257 1536 2262 ἵ

358 2285 493 2346 hortibus
512 2288 700 2362 semema,
731 2286 853 2346 aderant
870 2286 925 2346 Dei
946 2285 1111 2345 sacerdotes
1135 2283 1308 2345 circumfusi
1326 2282 1433 2358 turba,

359 2401 397 2444 ac
414 2386 552 2444 uniuerso
564 2385 680 2460 pietutb
692 2384 825 2444 studioso
836 2383 961 2460 populo,
984 2400 1002 2442 a
1017 2383 1124 2460 qnibus
1137 2383 1258 2443 divinus
1270 2397 1325 2458 per
1338 2398 1434 2458 procus

358 2482 456 2544 cultus
476 2481 625 2542 adbibitus
638 2488 693 2541 est.
718 2482 782 2542 lloc
801 2483 892 2559 lglmr
905 2481 992 2558 loco,
1013 2481 1129 2542 arcebo
1148 2482 1222 2541 solio
1237 2485 1345 2556 jacens
1370 2480 1434 2540 beu·

357 2587 406 2640 tau
424 2582 559 2657 princeps
579 2580 703 2658 gloriose
722 2579 954 2657 praedicabatur.
976 2579 1045 2640 lam
1064 2579 1190 2656 populus
1216 2579 1358 2656 frequens
1378 2593 1436 2637 una

358 2694 429 2738 cum
448 2679 672 2755 sacerdotibus,
692 2694 752 2738 non
771 2681 835 2738 sine
854 2679 1016 2756 lucrymis,
1035 2683 1065 2738 et
1084 2693 1277 2754 sanemagno
1297 2693 1369 2736 cum
1389 2692 1435 2753 gc·

357 2777 454 2851 mlta,
474 2789 573 2850 preces
592 2793 646 2852 pro
666 2779 766 2836 anima
794 2778 978 2853 imperatoris
997 2777 1059 2836 Deo
1082 2775 1243 2852 fundebat3
1274 2777 1310 2834 in
1329 2791 1391 2851 qno
1409 2779 1436 2834 el

357 2872 400 2931 illi
422 2879 539 2949 gratnm
552 2880 640 2950 utque
653 2881 785 2950 optutum
798 2877 848 2952 pio
860 2878 984 2952 principi
997 2873 1129 2934 officium
1146 2873 1338 2951 praestabant
1350 2879 1407 2932 cic.
1420 2899 1431 2926 ι

357 2969 532 3046 Huiusmodi
551 2969 804 3048 Constantinopoli
823 2972 1050 3032 christianorum
1065 2975 1236 3032 'conventus
1256 2974 1289 3031 in
1310 2973 1434 3048 imperu-

285 3141 287 3144 ,
357 3069 429 3126 toris
440 3067 539 3144 obitu,
554 3084 711 3144 precesque
720 3072 873 3129 unanimes
886 3087 939 3146 pro
952 3074 1015 3146 ejus
1032 3073 1131 3130 anima
1143 3069 1317 3130 corurnDeo
1328 3071 1435 3130 fflnsac

356 3172 403 3226 sat
415 3166 503 3242 hujus
516 3168 581 3241 piac
594 3172 624 3226 ct
641 3171 776 3228 vetustae
791 3167 1010 3228 consuetudinis
1021 3174 1092 3228 sunt
1102 3173 1332 3245 argumentum,
1347 3185 1434 3246 mam

356 3263 484 3340 cyrillus
502 3263 774 3342 Hierosolymorum
793 3268 945 3341 episeopus
963 3265 1064 3326 firmat
1075 3265 1240 3326 cathechesi
1254 3283 1288 3325 v.
1304 3265 1359 3326 nbi
1371 3281 1434 3342 pre·

262 3351 263 3356 ’
354 3377 404 3420 ces
423 3363 554 3439 assignat
573 3379 627 3438 pro
643 3361 789 3424 defunctu
809 3367 918 3424 sanctis
931 3364 1084 3441 patribus,
1104 3371 1133 3424 et
1152 3367 1317 3442 episcopis,
1338 3371 1369 3424 et
1383 3363 1432 3423 arl-

355 3457 415 3518 dit:
442 3456 597 3536 uDenique
618 3477 672 3536 pro
692 3461 828 3520 omnibns
848 3476 986 3540 oramus,
1012 3464 1063 3540 qni
1083 3465 1159 3522 inter
1178 3479 1233 3522 nos
1253 3465 1321 3522 viia
1339 3462 1433 3522 functi

355 3562 439 3631 sunt,
460 3559 623 3616 maximum
643 3573 707 3618 esse
720 3558 870 3618 credentes
884 3562 1050 3620 animarum
1065 3564 1218 3638 juumnen.
1233 3585 1247 3612 »

394 3651 575 3728 Epiphanius
595 3655 685 3732 Cypri
705 3656 782 3716 hauc
794 3659 873 3732 piam
887 3659 1098 3720 institutionem
1113 3657 1197 3718 docet
1217 3664 1246 3718 et
1264 3663 1372 3718 contm
1385 3655 1436 3716 ad·

355 3751 500 3810 romanos
521 3752 661 3814 vindieat.
684 3755 775 3816 Notat
793 3757 871 3816 enim
891 3755 1011 3816 Haeresi
1026 3763 1075 3816 75.
1091 3755 1172 3816 Aerii
1184 3755 1276 3816 verba
1289 3755 1435 3816 dicentis:

355 3873 371 3900 a
385 3845 458 3908 Orat
468 3851 660 3928 enimvivus,
675 3858 727 3912 aut
735 3852 983 3929 dispensationem
991 3853 1080 3931 iacit,
1094 3854 1165 3931 quid
1173 3853 1288 3930 profuit
1294 3851 1436 3913 mortuui

353 3946 399 4006 Ex
419 3945 465 4006 bis
479 3945 576 4006 verbis
595 3950 727 4010 innuitur
740 3967 777 4011 ex
790 3953 875 4013 initio
887 3967 966 4014 saec.
982 3968 1025 4010 rv.
1044 3953 1204 4012 invaluisse
1217 3953 1249 4012 in
1263 3949 1437 4029 regionibns

352 4042 461 4121 Ponti,
489 4045 541 4106 ubi
559 4045 666 4108 Aurius
686 4048 830 4126 degebat,
859 4049 967 4126 dogma
985 4049 1022 4108 dc
1042 4048 1175 4126 precibus
1195 4065 1251 4126 pro
1271 4049 1434 4108 defunctis.

396 4273 431 4336 (1)
448 4275 517 4325 Tum.
536 4278 567 4324 ll.
586 4291 611 4340 p.
630 4282 685 4329 401.
698 4280 761 4329 inter
777 4280 868 4346 scripta
883 4280 936 4343 eius
949 4291 1042 4344 pauca.
1062 4303 1092 4318 -—
1108 4279 1143 4342 (a)
1154 4278 1243 4330 Ensob.
1257 4279 1289 4330 dc
1305 4279 1359 4329 vita
1366 4279 1431 4328 Gon·
1535 4347 1536 4350 Ἴ

353 4353 427 4404 stant.
445 4353 488 4404 lib.
506 4358 548 4406 lV.
565 4371 588 4406 c.
606 4361 645 4408 lt.
