3022 5178
580 353 764 404 -241-

131 459 302 537 matheum,
324 461 362 519 ad
381 461 499 537 Titum,
516 461 553 520 ad
573 461 790 537 Philemonem,
807 461 844 520 ad
859 459 1008 521 hebraeos.
1032 459 1110 519 Petri
1129 460 1206 536 Apo·

130 557 199 616 stoli
219 557 310 634 duae,
329 558 451 617 loannis
469 558 600 634 Apostoli
616 566 691 636 tres,
706 559 798 619 Judae
814 558 946 634 Apostoli
961 574 1037 634 una,
1055 563 1085 616 et
1099 556 1210 634 Apoca-

129 654 224 732 lypsis
241 654 364 714 loannis
381 655 524 732 Apostoli.
550 657 580 716 Si
590 659 662 734 -quis
683 663 780 716 autem
797 657 887 715 libros
907 658 985 730 ipsos
997 657 1125 732 integras
1141 671 1209 714 cum

128 754 266 813 omnibus
288 757 349 813 suis
371 756 518 832 partibus,
537 762 624 831 prout
643 759 674 814 in
690 756 819 815 Ecclesia
845 754 993 814 catholica
1009 754 1068 830 legi
1086 769 1206 812 consue-

128 857 257 927 verunt,
276 855 351 911 etin
371 857 460 912 veteri
476 854 603 930 Vulgata
620 853 712 913 latina
730 853 855 912 editione
868 851 1033 927 habentur,
1050 867 1104 928 pro
1117 853 1207 910 sacris

125 953 156 1008 et
168 949 322 1009 Canonicis
333 967 392 1009 non
398 953 574 1038 susceperit,
589 957 618 1010 et
630 951 800 1011 traditiones
815 949 976 1026 praedictas
989 951 1083 1008 sciens
1097 954 1126 1007 ct
1137 963 1206 1023 pru·

126 1045 200 1104 dens
215 1052 434 1125 contempserit,
453 1050 610 1108 anathema
625 1051 674 1108 sit.
689 1074 701 1099 »
721 1047 758 1124 (l)

166 1143 195 1217 S.
218 1143 270 1204 IV.
292 1144 335 1202 De
347 1146 403 1204 hoc
419 1147 534 1205 concilii
549 1147 683 1223 decreto,
701 1145 869 1222 quidnobis
885 1147 940 1205 erit
957 1141 1206 1218 respondendum?

126 1240 251 1300 fortasse
267 1243 349 1302 aliter
363 1245 493 1321 synodus
506 1245 664 1303 tridentina
674 1243 827 1303 decernere
839 1242 981 1302 debebat?
992 1241 1077 1300 Dicat
1087 1241 1204 1315 aliquis,

126 1340 200 1415 quid
218 1343 288 1398 novi
310 1342 439 1402 Ecclesia
465 1343 588 1401 contulit
607 1342 663 1401 bac
680 1341 869 1400 delinitione?
884 1339 1007 1400 Videtur
1028 1355 1066 1398 ne
1084 1341 1149 1414 ipsa
1168 1337 1206 1395 ab

126 1440 285 1514 apostoliea
304 1447 333 1500 et
356 1443 476 1517 antiqua
493 1440 625 1500 doctrina
642 1440 818 1499 decessisse?
835 1439 905 1498 Jure
925 1455 962 1496 ne
982 1438 1038 1496 hoc
1058 1437 1206 1495 decretum

124 1538 268 1613 protulit?
282 1537 377 1598 Antea
390 1541 460 1599 satis
474 1546 571 1615 aperte
586 1545 614 1599 et
628 1539 799 1616 singillatim
814 1539 948 1596 omnium
959 1543 1076 1612 patrum
1091 1541 1213 1594 senten·¹

125 1637 184 1694 tias
201 1636 332 1696 audistis.
352 1637 457 1696 Estne
473 1640 591 1713 insuper
609 1637 707 1713 aliqua
724 1635 874 1714 synodus,
895 1636 941 1693 vel
956 1634 1140 1693 oecumenica
1153 1647 1205 1690 seu

122 1736 312 1809 provincialis
323 1751 397 1812 quae
408 1735 513 1794 harum
526 1735 741 1810 Scripturarum
750 1733 897 1793 divinitati
905 1733 1027 1791 mentita
1040 1731 1099 1789 sit?
1116 1729 1204 1788 Adest

123 1837 333 1911 nequisquam
355 1851 486 1894 summus
507 1835 656 1910 pontifex,
674 1835 724 1910 qui
743 1835 853 1892 insuia
876 1833 959 1890 vario
981 1847 1085 1906 genere
1100 1831 1205 1904 episto-

123 1931 161 1991 lis
176 1933 331 2010 encyclicis
344 1931 475 1991 divinam
489 1933 592 1991 harum
606 1935 826 2007 inspirationem
841 1930 1006 2006 negaverit,
1024 1927 1071 1986 vel
1084 1927 1202 1986 illarum

123 2032 326 2091 auctoritatem
347 2031 525 2108 neglexerit,
543 2032 591 2090 vel
607 2032 728 2088 minoris
742 2045 831 2104 quam
848 2025 1112 2085 Proto-Canonicas
1128 2024 1202 2082 fece·

123 2133 163 2190 rit
174 2131 187 2188 l
200 2128 305 2189 Coram
322 2131 457 2190 omnibus
472 2133 515 2188 rei
534 2133 642 2190 veritas
658 2129 764 2188 adstat.
782 2127 934 2200 Quaenam
947 2129 990 2182 est
1005 2139 1075 2214 ergo
1085 2124 1202 2181 novitas

122 2231 192 2306 illa,
214 2229 250 2288 de
270 2247 328 2306 qua
345 2231 475 2308 synodus
491 2230 661 2289 incusatur?
682 2227 783 2286 Patres
799 2228 831 2284 in
849 2225 905 2284 hac
923 2226 1057 2312 sessione¹
1069 2221 1202 2280 traditio·

121 2345 191 2387 nem
204 2331 312 2403 secuti,
328 2335 357 2388 et
369 2329 441 2387 alias
456 2327 585 2405 synodos
602 2333 630 2386 et
642 2325 813 2402 pontificum
826 2322 941 2382 decreta
953 2322 1140 2395 excipientes,
1155 2334 1202 2376 ea·

123 2429 192 2488 dem
206 2435 308 2488 corma
321 2429 454 2488 haereses
469 2428 633 2487 firmarunt.
651 2428 742 2487 Recta
754 2427 832 2484 enim
849 2425 965 2499 scripsit
974 2421 1100 2482 Bossuet
1113 2433 1202 2494 agens

121 2525 157 2586 de
177 2528 376 2586 Eucharistiae
397 2527 598 2586 Sacramenta:
612 2525 650 2602 (2)
664 2525 764 2598 «Quid
784 2523 909 2598 amplius
928 2522 999 2578 novi
1019 2516 1132 2576 addidit
1149 2518 1202 2574 tri·

7 2668 11 2687 .
119 2624 242 2684 denuna
258 2625 388 2702 synodus
412 2631 577 2684 nostrorum
599 2629 716 2699 patrum
736 2623 877 2696 decretis,
898 2621 955 2677 nisi
980 2613 1123 2692 quidquid
1152 2629 1202 2671 ne·

120 2738 202 2782 cesse
220 2730 282 2782 erat
300 2729 334 2782 ut
354 2726 466 2801 magis,
486 2725 538 2782 vel·
549 2725 647 2782 'satius
674 2726 866 2797 exponeretur
878 2717 925 2793 id,
946 2713 1025 2792 quod
1043 2713 1203 2771 adversarii

119 2819 279 2879 obscurare
292 2821 489 2900 conabantur,
509 2823 595 2881 sicuti
610 2821 713 2880 leviter
731 2821 874 2892 sentient,
889 2817 940 2892 qui
952 2817 1120 2871 nostrarum
1134 2825 1202 2868 eon-

146 2994 183 3058 (1)
203 2995 265 3045 ltieis
281 3009 354 3059 porro
373 2996 603 3061 disquisitionibus,
624 2997 708 3062 (quod
723 2997 809 3046 notatu
826 2993 898 3043 valde
915 2992 1016 3053 dignum
1036 2984 1087 3048 est)
1104 2985 1130 3033 in
1149 2983 1202 3046 qui·
1247 3026 1251 3036 .

119 3075 169 3124 bus
188 3075 315 3138 hucusque
340 3077 449 3126 laboravi
468 3091 513 3140 pro
531 3077 658 3127 divinitate
686 3077 805 3127 librorum
829 3076 992 3125 Deuterorurn
1022 3065 1111 3116 veteris
1131 3064 1203 3112 testa·

1 3161 3 3168 ·
119 3155 198 3204 menti
216 3155 392 3218 expendenda,
413 3157 513 3207 minime
533 3157 598 3207 circa
622 3157 681 3207 novi
698 3157 802 3207 foederis
822 3156 959 3218 scripturas
982 3141 1202 3200 Deuterodanoni·

1 3243 9 3304 ¹s
118 3247 163 3284 aas
176 3248 231 3284 sum
251 3238 369 3286 versatus.
389 3236 438 3286 sed
456 3237 529 3300 hujus
547 3239 666 3288 tractatus
692 3238 792 3288 omissio
811 3249 860 3285 non
879 3235 922 3283 abs
940 3231 1047 3281 retacta
1066 3228 1119 3288 est,
1142 3223 1202 3272 dum

117 3315 219 3364 nostrae
237 3315 323 3364 aetatis
341 3315 474 3366 adversarii
491 3316 609 3366 indicium
635 3317 694 3366 sads
720 3319 831 3380 apertum
845 3315 990 3374 conterunt,
1013 3324 1039 3360 se
1058 3307 1121 3356 velle
1140 3305 1202 3355 seili-

118 3395 159 3442 cet
177 3393 202 3442 in
224 3394 263 3443 bis
281 3395 392 3446 incedere
408 3395 480 3457 juxta
498 3397 656 3460 catholicae,
675 3399 700 3448 et
718 3401 841 3448 Romanae
855 3395 976 3446 Ecclesiae
994 3395 1155 3455 Doctrinarn,
1177 3387 1205 3440 il-

118 3472 144 3522 la
162 3475 336 3536 Apostolorum
352 3476 460 3539 scripta,
478 3477 517 3526 vel
526 3477 689 3541 stragmenta,
710 3479 737 3528 ut
747 3477 831 3527 divina
844 3477 988 3526 auctoritate
1001 3475 1128 3540 praedita,
1146 3486 1202 3522 con-

117 3552 233 3617 litcntes,
253 3555 354 3604 omuino
374 3556 405 3606 ab
426 3555 464 3606 bis
483 3557 578 3607 secluso
597 3557 717 3608 vocabulo
731 3557 897 3622 apocrypha,
919 3571 969 3620 quo
985 3570 1001 3605 a
1016 3559 1113 3606 canone
1132 3567 1202 3604 sacro

119 3635 192 3684 antea
212 3633 244 3684 ab
260 3635 299 3686 bis
319 3636 502 3699 respuebantur.
522 3640 575 3688 Hac
594 3639 688 3688 ratione
709 3639 772 3700 huic,
785 3637 864 3688 labori
879 3638 983 3701 peperci.
1004 3635 1077 3695 Quod
1096 3634 1118 3684 si
1136 3634 1202 3698 quis-

117 3727 195 3776 marn
217 3715 305 3764 borum
331 3716 466 3766 Bibliorum
494 3717 603 3768 divinam
624 3719 792 3769 auctoritatem
821 3718 919 3781 probari
939 3717 1078 3780 cupiverit,
1102 3729 1152 3780 qua
1171 3714 1202 3764 ab

119 3793 230 3844 Ecclesia
258 3796 359 3858 antiqua
379 3796 470 3846 donata
490 3797 578 3861 luere,
598 3797 659 3848 mibi
687 3798 869 3862 quodammodo
888 3797 1048 3860 iudicauerit3
1073 3798 1098 3846 et
1118 3796 1203 3859 egoei

118 3875 252 3926 obsecutus
272 3878 408 3940 promitto,
426 3878 470 3928 irbi
488 3879 621 3941 praesentis
639 3879 713 3929 studii
732 3881 782 3930 tres
801 3881 881 3943 partas
901 3877 1018 3940 edidero,
1041 3891 1082 3928 me
1101 3877 1148 3926 boc
1164 3889 1199 3926 se·

118 3955 230 4004 eundum
248 3970 310 4020 opus
330 3957 441 4007 lubenter
461 3949 608 4008 subiturum.
1038 3942 1042 3962 Ι

145 4036 218 4098 Item,
234 4035 320 4098 siquis
339 4037 387 4086 boc
406 4051 547 4100 percurrens
565 4038 700 4102 scriptum,
720 4037 814 4101 aliquid
830 4039 948 4088 invenerit
965 4038 1113 4099 obscurum,
1132 4034 1201 4098 quod

118 4113 232 4164 nonnihil
250 4114 401 4166 dificultatis
417 4117 514 4180 pariat,
535 4120 560 4168 et
579 4117 626 4167 sibi
645 4130 695 4166 non
714 4117 875 4180 satisfecerit,
895 4117 957 4167 illud
975 4118 1069 4167 auctori
1088 4115 1201 4180 dignetur

118 4196 246 4258 revelare,
262 4208 319 4245 cum
335 4196 361 4245 in
379 4197 455 4246 altera
470 4199 538 4261 parte
556 4198 624 4247 loeus
642 4197 740 4260 patefiet
759 4197 889 4248 decadem
908 4211 935 4248 re
952 4195 1094 4247 disserendi.

121 4301 152 4312 -
161 4274 198 4339 (2)
216 4277 288 4326 Tom.
298 4278 342 4327 lll.
355 4277 442 4328 histor·
456 4277 542 4328 vadat.
555 4277 598 4327 lib.
612 4280 664 4328 xv.
