3022 5178
795 403 977 454 -iiu-

343 517 474 586 οἱσιίστφ,
490 517 534 568 xci
548 513 641 588 ε’ῥρύγη
666 513 748 586 πέτρα
760 517 793 584 τῇ
805 513 887 569 αύτού
902 512 1007 586 δυνάμει
1027 511 1168 580 βιβηιιύιοὶν
1188 537 1216 567 τε
1236 519 1280 570 καὶ
1297 516 1418 592 ε’ῥριζαμέ·

342 630 387 666 νην
398 605 609 680 οἷποφῃναμύνου·
625 605 689 676 ύπὲρ
707 603 792 659 πάντα
804 605 899 676 λόγον,
914 606 944 659 ro*
964 607 1009 667 τιίς
1025 605 1187 679 προρρνίσιιος
1205 605 1375 682 ἀποτέλεσμα
1387 612 1418 664 αι’-

343 702 422 762 ιιύτιιι
439 701 488 754 πᾶν
507 695 603 769 ἔθορον
618 695 764 769 ἀποφράξαι
781 693 812 749 οἶν
828 697 918 768 στόμα
932 698 978 750 τῶν
993 696 1174 769 ἀναισχυντῶν
1185 735 1194 763 ,
1205 697 1314 762 deantur
1332 721 1419 772 naper-

342 791 503 864 ιιιοασμέιαν
517 826 525 852 ,
541 828 548 840 .
566 827 572 840 .
591 786 657 847 ,ὅτι
675 788 804 859 ὀνομαστὶ
824 785 1057 859 προθεσπισθεῖσα
1078 789 1208 848 ἕναλιισία
1231 789 1312 846 αὑτοῦ
1332 789 1421 851 ἔστηκε

343 885 412 938 ιιατοὶ
435 880 534 947 βάθους
553 878 727 955 ι’ῥριζιιμένο,
747 881 792 933 κατ’
807 880 901 954 μέχρις
921 879 1027 951 odgario
1043 880 1142 950 ἀψίδων
1158 882 1251 955 εὐχαῖς
1267 883 1364 946 ο’σιἰον,
1382 885 1420 938 καὶ

343 973 468 1048 θεοφιλῶν
487 971 579 1044 ἀνδροῖν
598 967 814 1044 μιτιωριζομένη,
833 971 995 1044 δοξασομὲννι
1015 994 1043 1025 τι
1062 973 1211 1047 ὁσημέραι,
1226 975 1273 1029 κατ’
1295 974 1334 1038 εἷς
1349 973 1423 1030 ἅπαν·

343 1087 390 1128 τας
410 1065 440 1119 τύ
463 1065 547 1136 νοερύν
567 1063 612 1117 νιοιιι
627 1059 714 1116 ἔνθεον
734 1063 784 1134 φῶς
804 1064 849 1126 τῆς
870 1061 912 1118 ύπ’
936 1063 1020 1117 αὑτοῦ
1035 1062 1266 1136 ιιαταγγιλθείσης
1294 1064 1423 1130 εύσαβειάς

341 1155 589 1230 ἀπαστράπτουσα,
614 1153 731 1226 ου’δαμύς
757 1175 784 1206 τε
813 1155 868 1215 τοῖς
899 1151 1008 1227 ἐχθροῖς
1032 1154 1187 1227 ἡττωμένη,
1215 1157 1260 1209 zai
1290 1155 1422 1210 ύποείαοο-

343 1269 399 1313 σα,
416 1245 474 1302 ἀλλ’
500 1247 557 1301 οὐδὲ
584 1246 645 1308 ταῖς
672 1247 719 1298 τοῦ
740 1242 856 1300 θανάτου
876 1244 973 1308 πύλαις
1002 1245 1184 1320 ύποχινροῡσα·
1205 1250 1247 1301 δια
1268 1247 1332 1319 μίαν
1362 1245 1424 1302 ἕποι’-

344 1361 389 1399 νην
407 1379 415 1406 ,
433 1335 463 1399 ἦν
487 1337 568 1401 αύτύς
591 1335 741 1412 α’πιφῇνατο
766 1335 877 1408 λέγειν,
899 1336 983 1391 ιῖπύν·
1007 1334 1051 1391 ἕπτ’
1080 1338 1126 1396 τήν
1158 1337 1253 1410 πέτραν
1282 1339 1421 1411 οἰκοδομή-

344 1451 380 1485 σιι
392 1452 444 1500 μου
467 1431 512 1490 τύν
527 1428 690 1492 ἐκκλησίαν,
710 1429 755 1482 καὶ
774 1428 855 1484 πύλαι
873 1426 936 1498 ᾆδον
963 1427 994 1483 σύ
1012 1429 1225 1502 κατισχύσουσιν
1250 1430 1355 1492 αύτνῖςι
1375 1432 1420 1489 Le.

344 1533 422 1586 stare
440 1532 537 1585 autem
551 1531 580 1584 et
593 1540 711 1584 manere
724 1527 930 1583 inconcussum
944 1524 1023 1584 iliius
1036 1526 1126 1585 robur
1138 1529 1368 1605 praenuntiavit,
1382 1535 1423 1588 ut·

344 1630 411 1701 pote
428 1641 503 1700 qtlue
520 1623 599 1682 iliius
616 1625 648 1681 vi
667 1628 697 1682 et
718 1625 874 1699 potestati,
891 1625 934 1681 sic
952 1629 1094 1699 tunquam
1117 1625 1258 1701 inmoto,
1277 1641 1314 1684 ec
1339 1627 1422 1686 nuliis

347 1723 467 1781 omnino
484 1719 627 1780 machinis
645 1720 858 1796 perrumpendo
872 1721 1009 1797 scopulo,
1026 1721 1093 1780 ultis
1108 1720 1205 1780 defixa
1221 1721 1370 1782 radicibus
1382 1726 1422 1782 ni·

343 1824 463 1877 teretur.
484 1819 578 1895 Hujus
593 1834 664 1877 sone
681 1817 886 1892 praedictionis
898 1819 1007 1876 veritus
1025 1819 1107 1877 exitu
1122 1819 1328 1896 comprobate,
1343 1821 1422 1880 hinn-

344 1922 404 1975 tem
425 1932 460 1975 ec
479 1932 631 1991 procacem
646 1914 798 1974 hominum
815 1917 939 1975 istorum
955 1914 1079 1974 buccam
1095 1919 1176 1974 omni
1194 1919 1307 1976 ratione
1318 1921 1422 1995 justins

344 2013 540 2090 obstruxerit,
561 2016 612 2090 qui
633 2013 723 2090 vulgo
751 2013 825 2071 nihii
854 2029 914 2072 nou
934 2016 1177 2089 intemperanter,
1198 2020 1228 2072 et
1241 2017 1422 2090 impudenter

344 2110 498 2171 effutiunt.
511 2154 519 2168 .
532 2154 557 2169 ..
577 2110 742 2186 Praeterea,
756 2126 845 2186 quem
856 2112 1030 2169 nominatim
1048 2113 1109 2186 ipse
1122 2110 1263 2170 divinitus
1280 2129 1422 2188 praenun-

343 2211 449 2285 ciavit,
470 2209 598 2267 Ecclesia
611 2213 675 2285 jam
688 2207 841 2285 profundis
858 2211 929 2268 nixa
946 2208 1111 2285 radicibus,
1132 2209 1343 2288 hominumque
1360 2229 1421 2272 san·

343 2313 457 2366 ciorum
468 2323 503 2366 ec
512 2307 574 2366 Deo
584 2307 756 2366 dilectorum
767 2305 914 2383 precibus,
929 2309 1064 2383 votisque
1076 2306 1191 2366 sublata
1205 2308 1243 2366 ad
1258 2310 1421 2370 coelestium

343 2421 436 2482 nsque
453 2406 567 2465 orbium
583 2406 725 2464 fornicem
738 2411 829 2480 ceput
844 2404 970 2482 attollit,
989 2421 1024 2464 oc
1043 2408 1129 2465 novis
1153 2407 1282 2483 quotidie
1302 2409 1422 2485 dignito

343 2505 382 2562 tis
400 2505 585 2562 incrementis
604 2509 710 2580 auctu,
729 2502 852 2578 spiritaii
872 2519 907 2562 ne
924 2503 1025 2562 divino
1042 2503 1225 2580 praedicatae
1247 2505 1285 2564 ub
1302 2506 1354 2564 ilio
1367 2509 1421 2582 pie

343 2604 412 2662 tntis
435 2601 548 2678 fulgore
577 2605 687 2679 possim
703 2603 745 2660 ito
764 2608 929 2677 corruscat,
943 2607 978 2660 ut
995 2618 1056 2660 non
1070 2604 1131 2662 suis
1149 2609 1265 2662 tantum
1278 2605 1420 2680 hostibus,

342 2699 394 2757 sed
409 2716 447 2757 ne
463 2702 534 2775 ipsis
553 2700 670 2776 quidem
689 2703 792 2758 mortis
805 2700 928 2776 foribus,
951 2701 999 2760 vei
1019 2700 1168 2760 tantillum
1187 2701 1339 2761 debilitata
1356 2719 1421 2761 eon·

342 2796 442 2873 cedet,
457 2814 532 2873 quoe
544 2797 661 2873 quidem
675 2801 774 2857 omnia
786 2815 837 2874 per
852 2815 942 2858 unam
955 2799 1038 2858 illem
1051 2815 1153 2858 vocem
1167 2799 1205 2858 ab
1219 2816 1253 2858 eo
1265 2800 1419 2876 prolatum,

343 2893 414 2953 dnm
426 2893 515 2954 dixit:
532 2927 545 2938 ·
559 2894 650 2971 Super
662 2901 774 2972 petrem
790 2895 948 2954 aedificabo
963 2895 1124 2956 Ecclesiam
1146 2913 1241 2957 meam
1266 2903 1297 2957 et
1322 2903 1419 2973 portae

342 2990 428 3050 inferi
447 3009 507 3052 non
521 2994 732 3070 praevalebunt
747 2995 886 3054 adversus
905 3010 980 3054 eom.
993 3019 1006 3045 n

687 3657 834 3700 EXPLICIT
855 3657 931 3700 Pius
953 3659 1064 3700 PRIMA.
