3094 5176
820 327 1002 380 —iii—

370 447 518 508 sumente
540 439 735 514 memoratis,
755 435 864 498 indicia
882 437 1075 514 percipimus,
1096 435 1236 506 hebraeos
1257 435 1446 498 antechristi

372 541 533 604 adventurn
552 538 709 600 credidisse
730 538 828 600 iocum
851 551 915 596 esse
940 538 972 598 iu
994 537 1056 596 vita
1073 535 1200 612 artum,
1221 534 1273 598 ubi
1298 538 1447 611 expiantur

371 642 488 702 animae
497 637 718 712 defunctorum,
737 637 979 701 acunetenuisse
988 633 1107 699 endem
1119 635 1320 711 orationibus,
1336 636 1446 711 elinque

372 740 510 798 rivorum
529 739 586 814 piis
607 734 744 812 operibus
763 751 849 812 posse
868 733 970 794 levari.

410 835 439 910 S.
454 833 509 896 lii.
524 833 710 894 Consuetudo
722 832 915 894 hebraeorum
928 834 1001 894 satis
1014 833 1136 920 antiqua
1152 832 1265 894 luctum
1283 831 1447 892 conficiendi

370 936 403 996 in
422 935 525 996 funere
545 933 678 997 cilinium
694 948 833 1009 suorum,
853 931 1009 1008 vatesque
1021 931 1175 993 mordendi
1190 933 1285 1009 riam,
1305 930 1448 1007 quidpiam

370 1035 500 1097 mutinet
522 1033 709 1110 argumenti,
736 1046 786 1090 eos
805 1029 960 1106 perfecisse
984 1027 1154 1105 hujusmodi
1172 1036 1280 1105 aetus,
1307 1025 1449 1088 medente
1536 1063 1537 1074 ι

370 1149 405 1194 se
421 1131 557 1192 levamen
578 1128 711 1193 conicere
727 1129 846 1188 animae
863 1127 966 1203 iilius,
987 1129 1039 1204 qni
1056 1126 1198 1188 obiverat.
1220 1125 1337 1188 Luctus
1358 1129 1448 1201 emm,

370 1231 421 1308 qni
435 1229 474 1292 ad
486 1229 585 1306 plnres
597 1226 660 1290 dies
673 1225 871 1304 perdurabat,
893 1231 927 1290 et,
936 1225 995 1286 alie
1010 1225 1185 1301 expiationis
1198 1239 1309 1300 genera
1323 1223 1450 1282 instituta

372 1332 405 1392 in
421 1330 499 1408 Lege
510 1329 623 1408 Moysis
644 1331 723 1390 circa
743 1327 925 1404 numanam
940 1331 1134 1401 mortuormn,
1152 1341 1213 1384 non
1231 1322 1363 1401 simplex
1376 1323 1451 1384 bene

371 1427 516 1490 volentiae
526 1426 667 1488 indicium
679 1423 919 1503 praesignabant,
933 1440 1037 1486 ererum
1054 1425 1142 1488 etiem
1157 1423 1261 1500 iidem,
1277 1423 1368 1483 ilium
1379 1437 1450 1482 nene

371 1544 428 1605 pe,
449 1528 502 1604 qni
525 1531 658 1588 mortuus
679 1531 765 1601 erat,
790 1523 935 1601 snllragia
956 1525 1095 1600 consequi
1114 1539 1151 1582 ex
1170 1522 1230 1582 iilis
1247 1521 1379 1582 actibus.
1401 1520 1452 1582 Pa·

370 1624 536 1701 triarchae,
555 1623 674 1702 Moyses
694 1622 791 1698 idern,
802 1628 843 1682 et
859 1621 1109 1698 Prophetaedum
1124 1623 1256 1698 gentium
1274 1620 1451 1696 praestigia,

370 1729 400 1787 ei
413 1721 637 1784 comuntudina
649 1722 768 1796 iniquas
788 1721 819 1779 ln
840 1719 975 1781 affinium
995 1718 1077 1780 obitu
1096 1717 1315 1795 exprobrabant
1335 1717 1452 1794 Israeli,
1536 1729 1537 1776 3

369 1823 443 1884 mas
459 1821 630 1883 indixerunt
649 1819 715 1882 abis
731 1817 828 1888 modis
845 1818 1135 1895 parentandumesse
1147 1819 1293 1893 moraris,
1315 1822 1369 1894 et,
1391 1831 1452 1874 cnm
1536 1848 1537 1898 p

369 1934 457 1996 saepe
474 1918 565 1978 iidem
585 1917 750 1994 Prophetae
766 1916 836 1978 beili
853 1917 1036 1978 calamitates
1049 1916 1250 1992 praeviderent
1264 1917 1362 1991 ipsis,
1383 1915 1452 1974 inter
1536 1915 1537 1946 ³

371 2019 445 2078 alies
465 2032 621 2078 aerumnas
641 2016 835 2079 hebraeorum
857 2017 987 2076 maxime
1008 2021 1113 2078 notant
1132 2014 1300 2092 sepulturae
1319 2014 1453 2090 privatio

369 2135 459 2194 nem3
481 2124 511 2180 et
530 2117 592 2178 dies
612 2117 730 2193 luctus,
752 2115 883 2192 eliasque
900 2115 1126 2180 consuetudines
1144 2130 1214 2192 erga
1230 2119 1371 2190 parentes
1390 2129 1452 2172 snos
1536 2103 1537 2122 ¹

369 2222 401 2282 et
416 2217 530 2278 ricinos
547 2219 701 2292 peracta,
722 2214 898 2274 omittendas
913 2220 986 2274 tunc
1000 2212 1110 2290 luisse,
1132 2213 1237 2272 minati
1255 2218 1342 2272 sunt.
1361 2212 1453 2286 nquit
1536 2263 1537 2270 ,

369 2313 536 2376 Hieremia:
562 2339 576 2366 «ι
594 2312 633 2390 (1)
651 2313 726 2374 Prae
742 2315 869 2374 mortuis
889 2315 1089 2390 aegrotatione
1102 2314 1281 2388 morientur,
1293 2327 1359 2372 non
1375 2311 1451 2387 pian-

370 2418 498 2492 gcntur,
519 2418 550 2473 et
572 2428 633 2472 non
655 2411 793 2488 frangent
810 2413 887 2472 inter
909 2427 960 2472 eos
979 2428 1086 2488 panem
1105 2410 1219 2488 ingenti
1238 2409 1279 2469 ad
1300 2409 1451 2470 canscien-

370 2509 442 2572 dum
460 2527 547 2588 super
559 2515 685 2572 mormo-
699 2535 711 2560 υ
735 2509 820 2583 Quod
833 2526 902 2570 vere
915 2511 1015 2570 innuit
1030 2526 1079 2570 eos
1093 2510 1238 2584 sensisse,
1252 2514 1375 2584 praeter
1388 2507 1454 2566 alias

369 2609 550 2671 emunitates
574 2611 606 2668 in
623 2609 807 2671 Hierusalem
828 2610 1066 2686 expugnatione,
1087 2610 1176 2668 etiarn
1198 2606 1303 2681 berre,
1325 2611 1454 2670 mortuos

369 2709 481 2769 seilicet
497 2723 567 2768 suos
585 2706 745 2783 privandos
765 2705 856 2766 inisse
874 2706 933 2766 iliis
950 2707 1082 2766 caritatis
1102 2704 1207 2764 officiis
1226 2703 1266 2764 de
1286 2717 1373 2762 more
1393 2720 1453 2764 eon
1536 2757 1537 2760 ,

366 2807 502 2868 liniendis
521 2810 553 2866 in
573 2807 725 2868 lunaribus
744 2823 872 2883 eorum3
893 2823 969 2884 quiae
990 2823 1036 2866 res
1054 2807 1177 2866 minoris
1195 2805 1244 2864 vei
1263 2803 1380 2864 nullius
1400 2821 1454 2864 rno

369 2905 461 2965 menn
473 2902 574 2963 babita
587 2903 663 2964 leret
673 2919 692 2964 a
704 2902 878 2980 Prophetis,
893 2904 1043 2964 etidcirco
1056 2905 1286 2980 praemunisse,
1303 2905 1367 2964 nisi
1382 2908 1453 2962 ωηο

369 3002 447 3080 sibi,
468 3009 498 3062 et
513 3001 621 3079 populo
640 3001 731 3062 Inaei
747 3003 925 3062 constitisset
942 3002 1057 3062 animas
1070 3002 1278 3064 defunctorum
1292 3001 1360 3060 iore
1373 3017 1411 3060 ex
1423 3015 1454 3060 er

367 3104 466 3166 lucan
486 3102 697 3162 consuetuedine
717 3101 857 3162 levandos
877 3104 909 3162 in
930 3101 1022 3162 altera
1042 3104 1113 3161 vita.
1132 3101 1197 3162 Hoc
1210 3117 1301 3177 porro
1315 3101 1452 3162 hebraeo

368 3215 434 3260 rum
454 3198 586 3260 oilicium
596 3215 667 3276 erge
685 3198 791 3260 affines
804 3215 873 3259 suos
885 3199 1051 3274 defunctos,
1062 3199 1201 3276 peculiari
1214 3201 1340 3260 nomine
1354 3216 1373 3259 a
1385 3201 1452 3258 scri·

368 3295 501 3372 pleribus
519 3299 611 3358 saeris
624 3295 777 3358 dicebatur
800 3279 872 3368 52&
894 3295 982 3358 behel
993 3299 1108 3374 luctus,
1129 3303 1158 3357 et
1174 3313 1210 3356 ea
1225 3313 1287 3358 vox
1300 3313 1365 3356 nna
1377 3313 1452 3356 com

367 3393 566 3470 prebendebat
584 3393 708 3472 fletum,
725 3401 829 3455 cantus
849 3401 880 3455 et
900 3398 976 3456 varii
995 3398 1108 3474 generis
1131 3403 1213 3456 aenis
1237 3396 1382 3474 lugubres
1403 3411 1452 3472 pro

367 3492 514 3556 defunctis
531 3495 682 3571 expletos3
703 3502 735 3555 et
751 3494 816 3556 ideo
830 3496 911 3572 apud
930 3511 979 3556 eos
999 3494 1109 3573 pluries
1127 3495 1254 3574 legitur:
1283 3497 1454 3556 «Fecerunt

365 3593 478 3654 luctum
491 3599 602 3670 septem
617 3592 748 3672 dierum3
769 3594 848 3655 luxit
860 3610 927 3655 eum
941 3597 1037 3654 omnis
1050 3593 1175 3671 populus
1188 3613 1198 3672 ς
1212 3601 1311 3654 vestes
1326 3593 1449 3654 luctus·

366 3697 397 3752 et
416 3691 474 3750 elia
490 3691 682 3768 hujusmodi,
702 3709 779 3770 quae
794 3693 873 3754 idem
887 3693 943 3754 sibi
957 3692 1131 3770 voluerunt,
1152 3699 1186 3752 ut
1198 3691 1279 3768 apud
1292 3709 1372 3769 nos,
1393 3691 1454 3752 Po

366 3786 507 3848 restolio.

407 3885 488 3946 Haec
507 3887 632 3963 eadem,
653 3905 729 3964 quae
750 3905 788 3948 ex
808 3889 965 3966 seripturis
985 3888 1244 3950 Promiianonieis
1263 3892 1401 3966 excerpsi
1422 3889 1456 3948 de

366 3984 422 4044 bec
445 3987 495 4063 pia
519 3991 548 4044 et
571 3987 708 4064 religiosa
728 3989 936 4049 consuetudine
961 3987 1154 4048 hebraeorum
1179 4003 1250 4065 erga
1275 3987 1453 4060 defunctos,

368 4083 482 4162 liquent
492 4087 613 4162 pariter,
630 4091 659 4148 et
672 4086 869 4163 explanantur
881 4087 912 4147 in
926 4086 1029 4148 Bibiiis
1042 4084 1354 4163 Beatam-Canonicis,
1365 4101 1453 4162 quae

392 4295 426 4358 (r)
442 4296 548 4350 iiiercm.
560 4312 583 4348 c.
595 4301 660 4350 xvi.
676 4298 782 4362 ieiunia
800 4299 931 4353 hebraeum
946 4300 1065 4354 codicem.
