3094 5184
547 361 723 412 -it-r

88 489 162 552 qnae
186 488 238 550 per
259 475 353 550 ipsam
373 471 451 534 iacta
471 479 516 534 est
535 488 612 534 anuo
632 473 745 544 dechno
763 473 848 532 turtio
866 471 1039 534 Artaxerxis
1057 473 1172 554 Prisci,

87 575 138 650 qui
157 572 306 634 Assucrus
339 577 370 632 et
391 569 659 632 Nabuchodonosor
677 573 710 630 in
730 568 883 646 Scriptura
901 570 1004 630 divim
1023 573 1174 648 cognomie

87 674 194 746 natur,
214 670 322 746 quique
342 683 411 730 eam
430 668 543 745 collega
563 683 618 730 sao
639 667 715 746 Syro
734 669 846 744 primas
865 667 979 745 medis,
1008 671 1120 746 persis,
1141 673 1178 728 et.

86 767 210 844 assyriis
236 766 409 842 imperavit,
430 770 464 826 ut
476 766 571 841 primo
584 764 695 828 morae
707 764 802 841 libro,
827 765 997 827 etDaniebs
1024 765 1174 826 volumius

86 863 232 942 iegitur.»
257 863 456 941 tiospmianus
477 863 595 939 quidam
618 865 649 922 ln
673 878 726 924 suo
747 868 876 924 uacmta
899 863 935 924 dc
953 862 1035 924 iestis
1050 862 1171 940 judaeo·

3 947 4 1036 ]
89 977 156 1022 ram
177 977 215 1022 ex
238 963 410 1022 auctoritate
428 959 532 1052 Funcll
564 976 642 1022 anno
662 960 765 1022 mnndi
787 968 875 1020 atta.
907 959 1035 1020 «helari
1056 960 1173 1020 tuschi-

2 1038 6 1066 ³
86 1075 186 1136 mum,
207 1059 312 1136 dequo
328 1058 470 1134 Nebemia
487 1075 551 1136 cap.
572 1061 797 1136 x11.quivices
813 1061 941 1135 parentis
968 1058 1039 1119 Jesu
1066 1061 1174 1136 ineius

3 1211 5 1218 .
87 1157 220 1218 meantia
238 1159 361 1234 gesserit
374 1159 407 1215 in
420 1173 535 1218 summo
552 1155 723 1233 pontificatu
744 1155 974 1218 administrando
990 1159 1075 1218 annis
1091 1164 1173 1236 octo,

88 1257 201 1334 quique
223 1255 376 1316 historiam
397 1255 521 1332 iudith,
542 1259 571 1316 et
594 1255 699 1316 &ther
718 1257 938 1333 conscdpserii,
959 1254 1067 1316 laetum
1086 1257 1175 1316 etiarn

92 1353 203 1414 Parim
220 1355 399 1431 instituisse,
419 1359 449 1414 et
465 1355 695 1414 anniversariam
716 1353 895 1413 liberationis
914 1357 1085 1415 memoriam
1102 1371 1174 1432 quo-

89 1453 192 1512 tannis
213 1451 396 1530 agendam.»
419 1451 462 1512 Da
483 1451 584 1512 eadem
602 1451 725 1512 historia
737 1455 826 1528 juxta
838 1451 982 1512 Wcldum
997 1455 1173 1512 mentionem

87 1549 159 1610 iacit
179 1547 321 1611 Seldentrs
338 1549 414 1610 libro
426 1552 513 1610 tertio
527 1549 718 1628 desynedriis
731 1549 933 1610 hebraeorum.
951 1549 1085 1610 Meminit
1097 1553 1174 1626 ejus-

87 1646 154 1706 dem
178 1649 242 1724 rel,
262 1651 292 1708 et
311 1646 385 1720 liber
405 1647 561 1708 Ghedalias
581 1649 613 1706 in
635 1646 841 1724 Sciolsccletb,
867 1654 898 1708 et
913 1645 1051 1708 Ganzius.
1079 1647 1176 1710 Rabbl

86 1743 198 1806 Nissim
216 1747 249 1806 ln
266 1748 361 1822 eapite
380 1746 528 1824 secundo,
549 1751 635 1808 tract.
655 1746 693 1806 dc
712 1743 888 1807 Sobabboilr
906 1746 1041 1806 eamdem
1065 1763 1174 1806 memo·

88 1847 135 1904 rat
153 1842 203 1902 bis
224 1841 341 1904 rabis:
376 1844 477 1906 «lilia
491 1844 654 1904 loebanam
671 1842 775 1904 ducem
792 1843 921 1906 hostium
940 1859 1025 1914 caseo
1046 1843 1174 1923 cibavit,

88 1947 118 2000 et
137 1955 207 2000 eum
222 1939 397 2018 inebriavit,
416 1927 447 2002 'et
465 1943 507 2000 sic
518 1947 619 2018 postea
636 1940 779 2016 praecidit
792 1947 882 2017 caput
895 1945 973 2018 ejus,
992 1947 1022 2002 et
1039 1941 1177 2020 fugarunt

88 2052 202 2096 ornnes.
219 2037 379 2115 Propterea
392 2053 457 2098 mos
469 2043 515 2098 est
527 2039 558 2096 in
572 2037 647 2098 resto
669 2034 820 2098 croccae.
833 2040 912 2098 vesci
932 2053 1027 2098 caseo.
1040 2063 1053 2090 a
1079 2039 1176 2100 Etiam

10 2144 11 2151 ’
89 2135 116 2194 sl
136 2149 244 2211 parum
262 2137 444 2198 auctoritatis
465 2134 597 2195 conferat
609 2136 667 2195 ista
677 2135 827 2210 narratio,
848 2150 885 2194 ne
904 2134 1001 2194 dicam
1016 2135 1174 2214 insulsam,

11 2309 15 2321 ι
89 2235 190 2290 mnan
214 2230 346 2308 inspecta
365 2238 467 2294 nostra
487 2234 674 2310 quaestione,
696 2231 734 2291 ad
753 2230 892 2292 historiae
906 2233 1058 2292 veritatem
1070 2232 1176 2292 contir-

11 2328 15 2418 {
94 2328 237 2390 mandam
256 2331 390 2392 inservit.

2 2409 15 2463 ²·
127 2426 159 2504 s.
182 2427 264 2490 vill.
286 2429 323 2492 In
342 2428 460 2492 canone
479 2427 696 2507 Scripturarum
711 2432 800 2505 juxta
819 2425 979 2504 hebraeos,
1005 2426 1107 2488 Xistus
1126 2427 1176 2490 Se·

3 2509 15 2552 ’ῑ
95 2527 197 2586 nensis
212 2541 249 2588 ex
267 2525 363 2588 Rabbi
382 2527 466 2588 Isaac
482 2526 655 2590 Benscbala
671 2526 708 2587 da
723 2526 909 2588 Machabaeis
924 2532 1041 2586 nmrat:
1062 2525 1179 2588 «ludas

8 2664 10 2672 ι
94 2622 279 2684 biathatblaa
302 2624 380 2686 iilius
412 2640 480 2688 cum
507 2624 648 2686 adversus
672 2622 850 2702 Antiochum
866 2621 1040 2700 judaeorum
1064 2621 1178 2684 hostem

4 2736 13 2756 ¹
97 2727 175 2782 esset
197 2721 340 2798 praelium
358 2725 506 2800 initurus,
526 2721 607 2784 dedit
615 2720 756 2782 militibus
778 2723 858 2798 suis,
873 2735 925 2781 ceu
941 2718 1010 2783 belli
1022 2725 1178 2798 tesseram,

14 2837 16 2846 ’
95 2822 272 2882 mandam
293 2820 375 2882 illam
399 2821 512 2902 Moysis
539 2829 623 2890 mm
647 2806 796 2890 mrim
817 2831 916 2914 pm>
938 2830 982 2888 τῃ
1010 2826 1075 2903 quis
1102 2821 1180 2882 sicut

4 2913 16 3012 ᾗ
94 2921 129 2978 tu
148 2918 182 2976 in
200 2917 258 2978 diis
276 2917 417 2982 Domine:
435 2924 582 3000 jussitque
597 2938 662 2984 eam
675 2921 798 3001 singulis
811 2923 947 2984 ordinum
963 2924 1095 3000 vexilla,
1112 2927 1178 2982 ian·

93 3031 185 3094 quam
205 3021 300 3078 certae
318 3021 463 3098 ,victoriae
491 3037 577 3098 omen
605 3021 725 3082 inscribi
753 3038 804 3099 per
832 3027 957 3099 quatuor
985 3022 1039 3082 has
1068 3021 1180 3080 litteras

4 3115 12 3156 i
96 3123 117 3172 d
133 3125 166 3182 -b
181 3123 214 3180 -b
227 3127 277 3197 n,
298 3134 374 3198 quae
395 3119 521 3180 initiales
541 3125 611 3180 sant
634 3118 850 3196 praedictarum
871 3124 996 3196 quatmr
1018 3117 1179 3178 dictionum

4 3215 12 3258 ἓ·
93 3221 125 3278 et
146 3231 251 3278 earum
274 3233 393 3279 sensum
410 3233 447 3278 ex
465 3219 579 3295 ntegro
595 3217 764 3294 significant
766 3257 857 3276 .....
872 3216 910 3276 Et
925 3221 1025 3292 postea
1038 3213 1179 3291 paulatim

94 3315 233 3378 militaris
252 3315 430 3379 consuetudo
449 3315 598 3394 obtinuit,
619 3322 653 3377 ut
679 3315 767 3392 hujus
791 3321 917 3376 tesserae
942 3320 1051 3376 auctor.
1067 3312 1186 3390 ludes,-

10 3428 13 3436 ’
94 3416 219 3492 ejusque
247 3416 356 3490 posteri
384 3411 561 3474 Mucbcbaei
593 3414 766 3490 cognomine
799 3411 1051 3489 appellarentur.»
1078 3409 1179 3470 Barto·

95 3509 171 3570 iccc.
190 3509 229 3588 (1)
257 3510 349 3572 edidit
365 3515 478 3572 textum
498 3509 656 3572 hebraeam
674 3507 1083 3584 historiaeblechabaeorum,
1104 3521 1180 3583 qaae

97 3606 182 3668 velut
219 3608 346 3684 epitome
375 3614 493 3669 uosbae
516 3607 761 3670 Macbabaeorum
785 3606 951 3682 Scripturas
973 3605 1097 3666 babetur
1123 3603 1180 3663 hcc
1253 3661 1257 3669 .

5 3699 15 3760 i
96 3703 189 3768 titulo
210 3715 403 3777 muratam
428 3688 527 3776 nSm
548 3709 569 3766 i.
585 3723 612 3768 e.
631 3707 769 3768 volumen
785 3704 938 3782 Antiochi,
960 3702 1180 3782 quodsicinci-

95 3810 162 3886 pir:
187 3814 257 3876 marr
285 3819 371 3907 parm
394 3790 455 3876 bra
485 3788 561 3904 pin
589 3814 637 3902 pra
666 3790 743 3900 pia
765 3811 954 3874 crurium
986 3811 1073 3871 anan
1102 3808 1177 3868 vuar

5 3897 12 3996 ἶ
99 3901 299 3988 :murmur
318 3889 481 3976 aaziae
510 3887 571 3973 bar
604 3884 792 3972 ruinam:
823 3899 1181 3999 aspernamenta

6 4003 14 4043 ²
98 4017 203 4080 Mus
221 4012 359 4076 Antiochi
378 4013 454 4090 regis
473 4009 630 4086 Graeciae,
650 4021 701 4066 rex
721 4019 867 4081 magnus,
901 4008 932 4061 et
952 4000 1036 4060 fortis
1050 3995 1122 4073 mit,
1151 3999 1183 4054 et

99 4113 216 4176 validm
237 4111 270 4172 ln
287 4110 483 4176 dominatione
501 4121 573 4183 sua,
594 4111 624 4165 et
635 4117 736 4164 omnes
751 4116 833 4177 reges
847 4097 1021 4162 obediebant
1034 4096 1098 4154 ei.»
1117 4090 1182 4150 Hoc

143 4323 179 4388 (i)
196 4325 267 4376 Tum.
292 4323 311 4374 i.
337 4337 361 4386 p.
385 4327 437 4372 tta.

148 4407 226 4467 Pars
249 4405 295 4466 11.
690 4453 693 4460 r
983 4399 999 4446 ²
