2964 5174
507 397 668 448 „55-

66 507 95 566 ad
112 505 246 565 Severum
263 507 373 581 inquit:
404 529 417 556 o
433 505 509 578 Quia
522 507 616 564 amieo
635 504 715 564 iideli
732 505 814 563 nulla
832 512 876 564 est
890 510 1080 584 comparatio,
1097 517 1126 568 et.

66 607 149 680 lingua
165 606 278 679 mattae
297 606 328 660 in
348 602 425 662 bono
442 603 560 662 homine
575 601 714 662 abundat.
735 627 748 654 o
770 603 817 661 Ad
830 603 1052 664 Pammaeblum
1070 610 1128 682 epi·

65 701 125 760 stola
142 717 219 760 x111.
245 717 264 759 e
282 700 356 759 libro
378 700 487 760 Tobiae
506 701 649 776 loquitur:
679 699 845 760 «Sabotam
862 717 931 760 vere
952 709 982 761 et
1000 703 1127 762 sanetiil·

65 805 143 858 eatam
162 815 245 874 spem
263 799 455 874 perhumandi
475 815 592 873 euram,
610 814 665 857 nos
680 799 788 856 Tobiae
801 799 899 875 docet,
914 800 1002 876 hujus
1020 804 1129 876 speeta-

64 897 115 956 liter
130 898 259 955 muneris
282 899 486 973 praerogativa
500 895 678 973 justificatus
698 895 872 972 aDomino,
898 903 928 955 et
950 897 1127 974 Archangeli

64 1009 121 1052 vooe
136 993 291 1068 laudabis,
315 994 394 1069 quod
415 994 600 1069 praetulisset
624 992 748 1068 prandio
770 1009 824 1051 suo
845 997 980 1068 pauperis
1000 996 1129 1070 sepultu-

65 1107 152 1150 ram.»
175 1092 211 1150 ln
234 1091 336 1150 eadem
354 1092 476 1167 epistola
495 1091 582 1150 dioit:
606 1113 618 1140 a
636 1090 712 1150 Nam
733 1090 763 1148 id
780 1105 896 1166 quoque
913 1091 973 1150 Deo
988 1093 1127 1167 placitum

64 1194 189 1248 monebat
210 1187 363 1264 Scriptura
383 1189 485 1248 divina
500 1187 538 1263 (il
554 1203 622 1248 euru
637 1187 724 1246 dielt:
750 1187 833 1246 -Fili
851 1189 963 1262 produe
983 1189 1129 1267 lacrymas
1177 1241 1180 1248 ,

64 1289 231 1362 inmortuo,
251 1293 281 1345 et
302 1288 387 1362 quasi
406 1287 472 1345 dira
491 1301 595 1362 passus
609 1287 704 1360 incipe
721 1285 853 1360 plorare3
872 1292 901 1346 et
914 1301 974 1344 non
988 1287 1130 1363 despicias

63 1383 225 1458 sepulturam
250 1383 340 1442 illius.
360 1408 373 1435 n
397 1383 509 1442 Pariter
525 1381 564 1440 ad
585 1381 719 1442 eumdem
731 1398 748 1441 e
761 1381 924 1458 Sapientiae
943 1381 1018 1441 libro
1038 1384 1130 1460 loqui-

64 1483 113 1538 tur:
131 1505 142 1531 o
159 1480 262 1556 Neque
278 1481 343 1556 tibi,
354 1487 453 1540 sauete
470 1479 648 1555 frater,bino
665 1481 760 1538 aertor
776 1479 886 1538 doloris
899 1481 1034 1540 stimulos
1048 1482 1129 1557 inge·

65 1583 147 1652 ratur,
170 1577 253 1654 quod
266 1579 417 1652 primaeva
432 1577 570 1652 decessit,
586 1579 725 1652 quoniam
745 1577 813 1636 huie
827 1579 883 1651 ipsi
896 1579 977 1636 easui
992 1578 1129 1638 solatium

64 1674 163 1746 praebet
172 1691 270 1734 sermo
280 1675 398 1734 divinus
406 1675 471 1750 :(u)-
481 1675 581 1733 Justus
594 1676 683 1750 enim,
693 1677 803 1750 inquit,
814 1677 840 1732 si
850 1681 943 1733 morte
952 1682 1126 1750 praeventus

66 1769 147 1847 luerit,
161 1773 191 1829 in
205 1772 357 1848 refrigerio
368 1774 452 1831 erit.»
464 1772 488 1830 E
498 1771 573 1830 libro
583 1772 698 1830 Baruoh
716 1772 756 1830 ad
763 1771 875 1848 Aprum
888 1775 972 1848 epist.
984 1789 1125 1832 xxxviii.

68 1868 166 1928 allone
186 1876 221 1928 tu
239 1871 399 1930 Dominum
425 1875 455 1930 et
475 1869 568 1930 Deum
589 1877 739 1945 nostrum,
758 1872 827 1946 quia
847 1886 908 1929 nou
927 1871 1129 1930 aestimabitur

65 1965 124 2024 alios
136 1967 172 2026 ad
188 1984 270 2043 eum3
291 1967 394 2044 (olibi)
413 1969 445 2026 in
465 1975 543 2028 tarra
560 1970 642 2027 visus
661 1973 720 2042 ast,
742 1973 771 2025 et
792 1983 861 2026 eom
878 1967 1045 2027 hominibus
1060 1983 1129 2025 eon·

9 2135 10 2138 ¹
65 2070 187 2124 iambis.
198 2089 211 2115 a
228 2065 266 2124 In
285 2064 396 2142 hymno
410 2064 446 2124 de
458 2069 559 2124 saneto
573 2064 680 2139 Felioe,
699 2064 745 2122 bis
763 2063 860 2123 verbis
871 2064 975 2123 Judith
990 2067 1129 2123 virtutem

65 2159 185 2223 ooltbrat:
609 2214 614 2226 .

132 2261 384 2336 aberrantemque
405 2276 496 2320 manu
513 2260 571 2320 late
589 2259 710 2335 populos
729 2258 935 2319 Hololemem·
956 2300 958 2308 r

164 2359 236 2418 Arte
253 2359 410 2434 pudicitiae
425 2360 578 2435 deeeptum
597 2358 704 2418 eallida
720 2357 823 2419 Judlth

163 2455 258 2532 Risit,
277 2459 308 2514 ln
329 2459 462 2533 impuro,
484 2473 559 2533 qnae
574 2473 635 2515 non
649 2457 760 2531 polluta
780 2456 869 2522 eubili

163 2553 310 2629 Barbara,
332 2561 467 2614 mundato
485 2557 592 2614 victrix
615 2554 705 2630 duee,
727 2553 967 2630 eastra-fugavit.
986 2579 999 2604 ι»

97 2743 126 2802 ln
139 2746 240 2806 eodem
260 2751 389 2808 earmina
409 2749 446 2808 de
463 2749 556 2810 tribus
580 2751 677 2824 pueris
694 2751 726 2808 tn
740 2748 836 2809 medio
853 2749 980 2808 lornaols
1000 2749 1126 2824 psallen-

69 2838 147 2927 tibus„
167 2848 261 2906 oanit:
834 2883 837 2888 -

132 2965 144 2992 ι
159 2941 215 3002 Sed
233 2945 317 3004 velut
335 2951 468 3004 aeternos
486 2947 584 3021 pneris
604 2945 799 3004 recinentibus
819 2944 946 3022 hymnos

163 3041 309 3102 lioseidns
325 3057 462 3102 senenses
482 3043 619 3102 discussit
638 3044 756 3119 spiritus
776 3045 895 3118 ignes.»

97 3133 120 3206 S·
140 3136 217 3198 xix.
234 3139 376 3215 Sulpitlus
389 3139 531 3216 Seuerus,
545 3157 604 3218 quo
614 3140 701 3199 ualde
713 3139 895 3198 familiariter
909 3139 1044 3198 utebattu
1062 3155 1129 3198 san·

69 3232 275 3313 obsl’aulinns,
286 3237 360 3298 duos
371 3238 461 3298 libros
475 3239 591 3315 scripsit
603 3238 640 3296 de
653 3253 738 3297 saera
748 3237 881 3313 historia,
895 3239 946 3313 qui
964 3235 1128 3296 velutSeri-

69 3331 151 3396 lurae
170 3335 296 3408 epitome
312 3335 474 3412 habentur,
497 3339 530 3394 in
549 3351 674 3412 quorum
694 3336 778 3396 initio
795 3337 851 3394 ait:
876 3335 964 3393 «Res
987 3349 1006 3391 a
1025 3333 1129 3392 mundi

68 3427 168 3488 exordio
185 3436 277 3493 saeris
295 3433 399 3494 litteris
418 3435 510 3494 editas
525 3435 653 3492 breuiter
671 3436 883 3509 constringere,
901 3439 930 3490 et
940 3447 1009 3491 oum
1026 3431 1129 3490 distin·

69 3523 146 3584 tione
159 3534 323 3608 temportun
340 3549 433 3609 usque
449 3533 487 3592 ad
499 3539 631 3592 nostram
644 3535 814 3591 memoriam
828 3533 951 3607 carptim
969 3531 1065 3590 dieere
1078 3545 1129 3606 ag·

71 3629 166 3689 imbus
182 3644 259 3688 sum.
278 3655 291 3682 r
315 3631 403 3690 llisee
413 3634 445 3689 in
457 3628 655 3690 voluminibus
668 3631 705 3690 de
719 3629 826 3690 Tobiae
846 3631 935 3706 gestis
953 3632 1129 3687 mentionem

70 3712 139 3796 hait,
149 3730 177 3783 et
191 3726 295 3786 iudith
314 3728 466 3788 historiam
483 3736 594 3788 narrat.
617 3730 652 3787 ln
672 3729 747 3787 libro
757 3727 862 3788 Esther
875 3734 972 3803 partes
989 3727 1130 3785 Deuteras

71 3821 273 3892 wmpmhendlt.
296 3826 339 3885 De
356 3828 450 3886 tribus
469 3829 567 3902 pueris
588 3829 620 3884 in
637 3826 712 3884 libro
731 3826 875 3886 Danielis:
898 3851 911 3876 a
928 3827 1025 3898 Quum
1045 3839 1129 3899 aspe-

69 3915 194 3978 tbndbos
211 3923 430 3984 deambulantes
449 3927 481 3982 in
499 3926 615 3983 nomino
633 3925 779 3998 psalmum
794 3923 890 3982 dicere
903 3923 965 3982 Deo
984 3935 1132 3980 nemereu-

71 4007 143 4066 tur.»
163 4015 204 4078 De
221 4019 355 4080 Susanna
384 4023 494 4098 inquit:
521 4047 534 4074 «ι
551 4021 680 4080 Maxbne
699 4023 798 4097 itaque
826 4019 955 4080 Danielb
984 4021 1132 4095 egregiam

72 4101 101 4160 ld
114 4117 333 4177 wnservandam
349 4118 444 4194 legem
459 4121 717 4194 perseverantiam,
736 4123 765 4176 et
778 4120 809 4176 in
824 4117 1004 4178 absolutione
1025 4114 1131 4174 Susau·
1161 4169 1162 4176 ,

94 4311 122 4375 (r)
133 4320 191 4372 aar.
202 4329 358 4379 axxxvm.
372 4337 408 4381 m.
421 4357 451 4368 -
462 4329 497 4394 (a)
508 4331 563 4393 sap.
576 4333 642 4381 arv.
657 4335 680 4380 7.
