3086 5182
847 405 887 416 ..
910 383 947 433 38
969 407 1007 418 ..
1534 381 1535 426 i

428 487 561 548 Primum
582 445 672 564 vero,
693 487 772 564 quod
793 491 895 549 attinet
915 489 953 548 ud
973 489 1099 566 dolum,
1119 503 1179 566 quo
1197 491 1300 552 iudith
1318 493 1394 550 vicit
1412 491 1467 550 iio·

386 586 551 661 ioiernem‚
572 587 746 645 adversariis
760 587 839 646 haud
852 595 928 651 esset
941 587 1129 665 mirandum,
1150 605 1217 648 enm
1239 596 1269 648 ot
1289 589 1380 666 plura
1398 587 1469 648 Seri-
1534 629 1535 670 r

388 693 491 762 ptume
510 685 775 744 Proto-Canonioae
788 687 881 746 abeis
896 695 1047 762 aeoepine,
1062 689 1195 764 exempta
1207 687 1253 746 his
1263 689 1377 747 similia
1389 705 1468 762 prae-
1534 757 1535 774 χ

386 785 497 862 beant,
519 801 594 862 quae
613 785 804 846 hebraeomm
818 787 977 846 mendaciis
989 793 1019 846 ei
1031 787 1214 846 illusionibus
1229 787 1394 864 aliquando
1410 793 1473 845 nunt
1534 781 1535 866 ζ

386 889 505 944 ornain·
524 883 672 943 Rebeccae
691 883 782 944 verbo
797 883 835 961 (ii
851 884 889 944 ad
902 885 986 944 Isaac
999 883 1093 944 iiiium
1113 901 1218 961 snum,
1239 893 1270 944 et
1286 887 1388 944 lenaei
1401 888 1472 960 qne
1534 935 1535 940 ,

384 983 451 1042 dem
471 977 626 1041 sermo'od
645 981 788 1040 iacobum
808 989 920 1058 patrem
941 999 1027 1042 sunm
1042 987 1107 1060 jam
1125 999 1227 1042 senem
1246 986 1279 1041 in
1300 982 1470 1058 supplanta·
1534 987 1535 1074 i

384 1083 493 1140 tionem
513 1081 614 1140 notris
634 1079 783 1157 suidam,
797 1082 957 1158 quidquam
980 1080 1040 1141 doii
1053 1080 1219 1141 ostendunt.
1236 1081 1383 1142 Attamen
1398 1079 1472 1139 huno
1534 1089 1535 1098 ¹

386 1185 484 1238 aetum
504 1178 615 1254 Jacob,
636 1185 670 1238 ui
688 1181 799 1256 sensit,
820 1179 946 1256 prohat,
968 1185 997 1238 et
1016 1185 1098 1239 ratus
1112 1195 1131 1240 a
1143 1179 1204 1240 Deo
1216 1179 1341 1239 homins
1356 1179 1428 1238 init.
1444 1179 1473 1238 in

388 1275 464 1336 libro
482 1274 620 1336 Judioum
642 1275 941 1354 (2)i1aeeieguntur.
964 1277 1029 1336 Aod
1044 1275 1124 1337 iilius
1143 1277 1220 1338 (iero
1243 1293 1262 1336 a
1286 1275 1362 1336 iiiiis
1388 1276 1473 1335 Isrnd
1534 1295 1535 1336 i

385 1375 494 1434 missus
515 1373 571 1434 init
590 1373 668 1433 dona
688 1375 829 1434 aliatums
845 1374 957 1452 Aegion
972 1373 1034 1452 regi
1054 1371 1159 1451 Moab3
1180 1391 1255 1452 quae
1271 1391 1345 1434 oum
1359 1373 1472 1434 fecisset

385 1475 444 1550 att,
460 1487 492 1532 se
505 1471 627 1560 veritum
642 1477 785 1532 secretum
799 1471 906 1532 habere
919 1473 956 1532 nd
969 1489 1088 1549 regem,
1109 1489 1146 1532 ex
1160 1488 1230 1549 quo,
1242 1473 1373 1548 egnesis
1388 1475 1475 1530 omni

384 1570 456 1646 bus,
476 1572 527 1648 qui
547 1575 632 1629 erant
650 1585 717 1629 enm
738 1569 848 1646 Egion,
871 1569 969 1630 infixit
987 1569 1054 1629 Aod
1073 1573 1164 1630 sieam
1183 1573 1215 1629 in
1234 1577 1376 1630 ventrem
1390 1574 1471 1646 ejus,

387 1675 417 1728 et
436 1667 532 1745 abiit,
554 1683 589 1728 ae
608 1670 650 1728 ita
663 1667 799 1727 liberavit
812 1666 951 1744 populum
966 1667 1092 1728 lsraeds.
1115 1667 1228 1728 Pariter
1240 1670 1273 1726 in
1286 1668 1395 1728 eodem
1405 1666 1475 1727 sm·-

384 1769 490 1842 ptura,
507 1765 546 1842 (3)
567 1765 651 1824 Jahei
672 1765 786 1826 sisarae
806 1768 1002 1826 oecurrensin
1015 1765 1135 1825 domum
1155 1781 1238 1825 suam
1255 1781 1326 1824 eum
1347 1768 1474 1840 recepit,

385 1869 478 1923 utrem
494 1863 578 1924 iactis
592 1864 726 1940 praebuit
744 1863 923 1941 bibendum,
953 1879 988 1924 ae
1007 1865 1198 1924 dormientem
1215 1864 1306 1939 pallio
1326 1866 1473 1939 operiens,

384 1959 469 2020 clavo
488 1961 568 2021 iilius
588 1967 720 2037 tempora
738 1959 909 2038 transfixit,
930 1961 1197 2038 popndque’hraei
1212 1961 1374 2021 eoniimnat
1394 1961 1477 2020 iiber·

384 2065 495 2136 tatem3
516 2061 601 2119 etsie
615 2060 651 2119 de
671 2062 794 2136 ueteris,
815 2075 891 2136 qnae
903 2059 1072 2136 hujusmodi
1086 2066 1243 2120 oeourruut
1255 2061 1288 2118 in
1299 2058 1474 2135 scripturis.

383 2155 543 2234 Hunisque
574 2158 691 2217 interim
720 2157 799 2217 diota
817 2156 991 2236 intelligenti
1016 2159 1098 2216 saun.
1120 2157 1158 2216 Et
1177 2155 1309 2216 studium
1338 2163 1475 2215 noenum

384 2255 477 2314 satius
496 2256 700 2331 impendamus
718 2257 904 2333 exquirentes
918 2261 987 2331 opta
1004 2259 1199 2332 argumenta,
1221 2253 1330 2331 quium
1343 2253 1476 2312 mulieris

383 2349 525 2413 hebraeae
544 2347 708 2431 rectitudo,
729 2359 759 2413 ot
778 2367 898 2412 suorum
918 2359 1037 2412 aetnam
1055 2355 1088 2411 in
1101 2355 1204 2413 metria
1226 2353 1413 2430 assyriorum
1425 2367 1475 2410 ae·

383 2454 480 2526 quitus
501 2467 599 2511 noram
621 2449 755 2510 omnibus
775 2450 944 2528 iuooeeant3
975 2465 1011 2511 ae
1029 2449 1099 2510 inde
1117 2450 1172 2510 Dei
1186 2452 1303 2527 justitia
1321 2455 1425 2526 pumat
1444 2450 1475 2507 ia

266 2617 268 2624 Ι
384 2563 440 2625 eo,
462 2548 540 2626 quod
559 2547 680 2625 perfecit
696 2549 810 2609 Judiih.
845 2539 851 2546 '

422 2647 450 2721 s.
473 2645 539 2707 XV.
562 2647 665 2708 Omnis
686 2646 788 2707 Iudith
817 2643 1001 2707 eonversatio
1020 2661 1088 2706 oum
1117 2645 1274 2706 iioioieme
1298 2647 1331 2704 in
1351 2661 1392 2705 eo
1410 2651 1475 2705 arnt

382 2759 522 2819 prorsus,
543 2751 578 2804 ut
597 2744 734 2804 liberaret
752 2745 999 2820 popuinmsuum
1020 2743 1058 2804 ub
1077 2743 1283 2819 instantibus,
1305 2749 1336 2802 et
1356 2743 1474 2820 gravin-

383 2841 466 2900 simis
495 2841 736 2917 caianitatibns,
761 2858 837 2919 qnae
859 2845 958 2902 omniu
980 2841 1175 2902 subversnme
1199 2841 1298 2902 ferent
1320 2841 1424 2900 civilia
1446 2847 1475 2898 et

383 2935 519 3014 religioso
534 2939 709 3016 judaeorum
730 2941 874 3000 instituta.
899 2939 978 3000 Bene
1001 2945 1124 3000 araverat
1147 2942 1234 3016 ipsa,
1259 2955 1335 3015 quae
1363 2938 1474 2998 rmum

384 3039 565 3113 assyriorum
596 3037 657 3096 dux
682 3038 818 3098 omnibus
846 3037 1038 3114 ciuitatibus,
1067 3053 1144 3113 quae
1164 3040 1192 3098 ei
1216 3039 1410 3112 materani,
1440 3051 1474 3093 ae

386 3131 451 3192 aliis
470 3137 616 3212 insuper,
646 3151 720 3212 quae
751 3133 880 3211 paeiflois
901 3135 999 3195 verbis
1020 3139 1048 3194 ei
1067 3141 1265 3195 ooenmeruurte
1296 3134 1335 3192 iit
1351 3131 1396 3192 ob
1419 3131 1474 3192 hoe

383 3239 519 3308 precatur
540 3231 663 3310 Deum,
695 3239 759 3309 ut,
788 3235 814 3292 si
840 3233 904 3292 iieri
925 3239 1040 3310 potant,
1073 3233 1152 3294 iliius
1172 3231 1340 3308 superbiam
1366 3231 1473 3307 ddiee·

386 3338 450 3416 ret,
473 3331 552 3391 iiiios
570 3331 699 3392 furorem
716 3330 934 3408 contunderet,
958 3347 1093 3408 uanaque
1120 3334 1219 3390 omnia
1241 3329 1347 3389 tierent
1373 3327 1472 3388 Nolon·

383 3427 577 3488 ehodono'sori
599 3435 630 3490 et
653 3429 820 3489 Hoioiernis
833 3429 986 3488 molimina
1002 3435 1106 3490 eontra
1128 3429 1269 3506 populum
1281 3427 1392 3487 Israel.
1409 3426 1472 3485 Non

382 3528 414 3582 in
439 3531 588 3605 propriam
610 3513 749 3587 ultionem
768 3529 965 3604 inimieorum,
988 3528 1081 3588 Deum
1096 3527 1250 3603 depromta
1271 3533 1318 3586 eat
1337 3524 1472 3598 inditia,

382 3623 434 3683 aad
450 3626 483 3683 in
505 3626 629 3704 gloriam
646 3641 731 3685 suam
754 3623 828 3684 iliud
845 3627 929 3700 petiit
943 3624 984 3684 ab
1000 3637 1054 3701 003
1071 3627 1114 3684 ita
1137 3625 1216 3683 enim
1242 3629 1341 3699 patrae
1372 3624 1422 3682 sui
1440 3623 1472 3679 in

381 3719 534 3799 Aegypto,
552 3725 586 3780 in
608 3723 742 3800 deserto,
762 3723 795 3781 in
815 3722 939 3800 Assyria
954 3723 977 3782 'a
995 3725 1058 3781 suin
1070 3719 1180 3798 Deque
1193 3723 1256 3780 veri
1270 3719 1410 3779 honum
1426 3735 1474 3778 ve·

382 3819 467 3895 xati,
487 3819 706 3896 triumpharunt
718 3837 777 3880 non
789 3825 906 3880 tantum
925 3821 957 3878 in
975 3819 1086 3878 bonum
1098 3819 1188 3880 lsrael
1201 3819 1350 3894 universi,
1367 3833 1473 3877 vm

381 3917 470 3975 etiam
486 3919 519 3976 in
543 3923 747 3995 argumentum
773 3933 876 3978 aerum
904 3918 1090 3994 ninnium,
1119 3933 1195 3994 qnae
1213 3918 1315 3976 omnia
1340 3917 1472 3989 oravit,

381 4013 461 4074 idola
477 4018 606 4092 gentium
628 4023 659 4076 et
678 4019 757 4094 ipson
782 4017 939 4094 hominen,
965 4019 1017 4094 qui
1037 4017 1126 4093 impie
1138 4021 1240 4075 eontra
1252 4014 1415 4072 Dominum
1427 4011 1472 4070 ei·

381 4109 558 4173 ferebantur.
584 4114 631 4174 Ad
661 4115 733 4176 haee
754 4117 862 4178 intuita
890 4113 993 4176 tuditi
1015 4117 1125 4193 eogitat
1148 4114 1267 4174 ntorum
1301 4110 1472 4186 mnu-lin

438 4324 473 4387 (i)
489 4327 549 4374 Gur.
567 4339 590 4376 c.
608 4329 707 4378 XXVII.
726 4352 757 4365 -
772 4327 807 4391 (i)
823 4327 905 4378 Judio.
922 4342 945 4378 o.
962 4329 1007 4378 ΙΙΙ,
1039 4353 1070 4366 -
1086 4325 1122 4392 (a)
1137 4325 1219 4378 indie.
1236 4339 1259 4375 o.
1276 4327 1321 4376 iv.
