2964 5174
802 369 984 420 *110*-

693 558 1029 622 PROPOSITIO
1058 555 1096 621 V.

353 817 472 892 &mata
495 819 672 877 anctoritate
687 815 799 876 donata
811 815 900 894 sacre
916 815 1020 877 Biblio
1035 819 1326 880 nestero-Conona
1351 831 1417 883 oete·

389 921 431 976 ris
440 914 571 994 foederis
584 918 617 973 in
628 915 770 992 Syrorum
791 915 954 990 orientali,
980 921 1011 976 et
1029 917 1205 978 occidentali
1218 919 1347 978 Ecclesia
1364 925 1417 998 pri-

389 1019 445 1073 mis
458 1018 587 1092 pninqac
609 1013 723 1074 Christi
744 1015 816 1074 Jesn
833 1013 983 1089 soeculis5
1008 1032 1044 1073 ac
1060 1019 1194 1092 primm
1215 1015 1252 1075 cle
1267 1017 1418 1078 Biblioran

387 1116 518 1172 versione
540 1113 687 1190 simplici,
709 1115 827 1190 ejnsqne
846 1115 1046 1189 antiquitate,
1070 1131 1106 1172 ac
1128 1110 1303 1174 anctoritate
1321 1115 1417 1194 dison·

388 1215 477 1271 ritnr.

388 1443 416 1519 5.
439 1444 464 1502 Ι.
486 1443 663 1518 Priusquam
682 1441 734 1500 lux
755 1443 791 1502 de
813 1442 897 1502 coelo
918 1441 1043 1512 Paulum
1065 1443 1314 1521 circumfulgens,
1336 1413 1423 1519 ipsum·

349 1559 368 1600 a
387 1545 587 1618 persecutione
614 1541 760 1600 Ecclesiae
778 1539 887 1601 Christi
909 1540 1110 1618 ffisnnbset,
1132 1545 1198 1617 jam
1217 1544 1249 1599 in
1269 1541 1367 1619 Syriae
1383 1560 1418 1601 re·

350 1640 486 1716 genibus
504 1639 696 1716 Evangelium
721 1640 878 1716 illuxerat,
898 1645 927 1698 et
943 1642 1062 1698 nomine
1087 1639 1248 1720 christiano
1272 1641 1419 1700 antiocheni

348 1741 450 1800 donati
463 1741 590 1800 fueraut.
611 1739 637 1800 Δ
658 1739 770 1800 iudaea
784 1742 863 1799 enim
875 1743 1000 1816 egressis
1016 1740 1184 1817 Apostolis,
1198 1743 1299 1800 statim
1316 1743 1419 1818 quidm

348 1855 386 1897 ex
404 1840 463 1898 illis
483 1838 585 1916 Syriae
602 1846 632 1898 et
648 1838 875 1914 Mesopotamiae
896 1841 1063 1914 provincias
1083 1840 1271 1916 evangelicae
1283 1839 1416 1916 dispensa-
1470 1867 1471 1872 κ

347 1940 435 1998 tionis
460 1954 550 1998 causa
575 1944 788 2014 peragrarunt,
809 1943 839 1996 et
857 1937 941 1996 brevi
964 1939 1103 2013 temporis
1123 1941 1218 2014 spatio
1233 1954 1350 1997 suorum
1368 1938 1418 1996 tru-

348 2042 429 2094 etum
450 2038 597 2094 consecuti
617 2041 686 2094 sunt
705 2035 850 2094 laborum.
871 2036 974 2108 Quivis
998 2042 1096 2096 autem
1114 2036 1291 2094 christianos
1314 2035 1416 2094 iliarum

348 2137 505 2209 scriptores
519 2134 639 2210 legerit,
654 2133 819 2194 doctrinam
832 2134 962 2211 proiecto
975 2136 1136 2210 invenerit,
1150 2151 1241 2210 quam
1257 2134 1343 2194 iidem
1355 2133 1418 2208 Apo

349 2231 435 2308 stoli,
457 2248 615 2307 eorumque
631 2231 767 2308 discipuli
784 2232 892 2290 ibidem
908 2233 1106 2307 seminarunt,
1121 2232 1329 2306 excoluerunt,
1342 2237 1368 2289 et
1379 2247 1417 2288 er-

348 2331 500 2390 eolcndam
516 2331 709 2390 tradiderunt.
730 2331 791 2390 Nos
802 2347 881 2390 niune
896 2331 932 2389 de
943 2330 1100 2405 seripturis
1111 2336 1227 2390 tantun
1243 2329 1418 2390 noannea-

348 2430 463 2488 nonicis
483 2429 590 2488 veteris
615 2428 759 2504 foederis,
780 2429 859 2488 illius
883 2429 1029 2488 Ecclesim
1049 2431 1261 2505 investigantes
1278 2429 1417 2504 dogmata

321 2523 327 2536 '
348 2543 418 2601 prae
437 2528 572 2588 omnbus
588 2545 692 2604 operae
704 2529 849 2603 praetium
863 2529 933 2603 erit,
949 2543 1077 2604 quanam
1092 2528 1195 2604 lingua
1208 2529 1300 2604 vulgo
1318 2533 1417 2586 uteren-

348 2631 397 2684 tur
416 2626 570 2686 ambarum
586 2628 738 2703 regionum
754 2624 843 2703 Syri,
864 2625 1089 2702 Apostolorum,
1108 2626 1157 2684 vei
1174 2627 1273 2700 prima
1289 2625 1417 2684 Ecclesiae

349 2730 464 2799 aetate,
485 2725 661 2802 disquirerc3
683 2732 771 2801 atque
788 2725 856 2784 inde
876 2741 1005 2802 quanam
1027 2727 1059 2782 in
1080 2727 1232 2800 versione,
1250 2741 1354 2802 graeca
1372 2740 1417 2797 ne,

348 2839 388 2880 an
404 2825 521 2900 syriaca
541 2824 706 2900 tegerentur
723 2829 834 2882 veteres
854 2824 1047 2884 hebraeorum
1058 2822 1235 2898 Scripturae.
1254 2823 1357 2882 Postea
1374 2821 1417 2880 Pa·

347 2927 428 2980 trum
438 2921 517 2980 illius
527 2921 673 2981 Ecclesiae
692 2926 851 2982 sententias
862 2922 1138 2998 explicatrui,quae
1161 2922 1199 2980 ad
1218 2939 1282 2980 rem
1302 2927 1416 2980 umnam

351 3017 481 3094 iaciunt,
502 3019 684 3080 accedemus.

388 3115 468 3174 Inter
483 3116 644 3176 bibliorum
657 3124 790 3177 veterum
802 3118 968 3194 versiones,
983 3133 1058 3193 quac
1071 3133 1209 3194 syrorum
1223 3117 1340 3193 linguae
1350 3118 1417 3188 apta·

348 3268 396 3320 tae
415 3260 515 3338 tuere,
535 3279 595 3322 una
617 3262 716 3341 adest,
745 3280 821 3340 quae
843 3265 960 3324 nominc
978 3229 1107 3372 l-’gtss
1123 3260 1249 3322 Phrcito
1275 3265 1336 3323 sive
1360 3262 1416 3320 sim·

347 3411 415 3485 plen
438 3420 641 3490 nuncupatur,
662 3415 741 3490 quod
769 3415 930 3490 simplicem
952 3421 981 3474 et
997 3430 1104 3491 purum
1128 3413 1283 3472 hebraicae
1302 3407 1416 3469 veriatis

348 3515 461 3569 matum
475 3512 626 3587 exhibeat,
640 3517 670 3570 et
684 3515 858 3588 andquitate
870 3513 937 3572 aliis
949 3518 1077 3588 praestet
1087 3511 1273 3570 versionibus
1282 3519 1413 3586 syrorum·

347 3608 463 3680 Quanta
477 3617 575 3668 autem
599 3609 688 3668 fuerit
709 3610 797 3686 hujus
819 3612 962 3669 versionis
976 3616 1125 3684 vetustas,
1138 3611 1164 3667 si
1177 3623 1263 3688 syme
1277 3602 1417 3665 nonnula

348 3705 395 3762 vei
409 3706 563 3767 chaldaeos
576 3711 788 3784 rogaverimus,
804 3708 889 3766 nobis
905 3693 1120 3783 respondebunt
1132 3721 1210 3780 eam,
1228 3709 1364 3782 regnante
1375 3699 1416 3758 sr-

347 3802 475 3879 iomone,
489 3805 622 3880 precibus
636 3806 740 3865 Hiram
757 3806 829 3883 Tyri
844 3807 922 3882 regis
934 3805 1070 3864 oodamm
1087 3804 1194 3878 tuisse3
1208 3805 1301 3862 satius
1311 3805 1416 3876 inquam

348 3900 489 3960 librorum
500 3901 666 3979 Seriphrrae
674 3909 798 3980 partem3
811 3905 884 3963 alios
894 3910 1004 3978 autem,
1019 3903 1132 3961 addunt
1140 3904 1207 3977 ipsi,
1217 3900 1345 3960 Thadaei
1354 3898 1416 3970 Ape

348 4000 415 4059 stoli
434 4007 544 4076 aemte,
561 4009 591 4060 et
606 4001 750 4062 Aedessae
772 4005 849 4079 regis
867 4002 967 4079 Abgar
984 4003 1152 4060 translatos.
1177 3999 1232 4060 Ast
1243 4001 1327 4058 sicuti
1342 3998 1414 4070 hujus

346 4099 493 4170 opinionis
512 4102 628 4174 patroni
653 4101 768 4159 nullum
788 4102 988 4159 testimonium
1012 4099 1190 4173 ostendunt,
1214 4097 1294 4156 haud
1314 4097 1359 4154 hie
1374 4107 1414 4150 ne

347 4210 427 4254 cesse
448 4202 493 4255 est
515 4200 690 4257 sententiam
715 4213 819 4274 parum
842 4198 1021 4275 probabilem
1039 4197 1232 4274 redarguere,
1250 4198 1299 4256 cui
1316 4210 1352 4252 ne
1366 4189 1412 4248 Ga·
