3070 5180
792 399 832 414 ⁵·-
852 385 937 428 xvm
958 395 1000 412 ⁴·-

358 486 600 596 permultos
622 484 764 564 habuit
781 482 1020 592 discipulos,
1050 511 1155 591 quos
1176 513 1250 565 suo
1273 483 1437 584 studio,

359 636 401 700 et
427 618 609 725 exemplo
630 614 680 697 ad
705 645 880 697 amorem
895 615 1194 726 Scripturarum
1216 620 1441 701 inaestima-

358 753 430 833 bili
462 753 619 832 lervore
644 754 905 859 provocavit,
931 779 1147 859 equorum
1169 781 1336 833 numero
1354 754 1440 834 fuit

360 887 581 984 Aleuinus‚
615 886 689 992 qui
717 885 877 993 linguae
897 885 1107 965 hebraicae
1125 903 1164 964 et
1184 913 1345 992 graecae
1361 914 1440 994 pe-

360 1022 491 1100 ritiam
511 1037 714 1098 assecutus
730 1037 811 1117 est,
828 1020 957 1128 iisque
971 1048 1068 1098 usus
1082 1020 1127 1097 in
1147 1020 1357 1100 collatione
1371 1049 1443 1100 οο-

360 1152 497 1232 dicum
509 1152 745 1252 Bibliomm,
759 1181 881 1260 quam
904 1153 1070 1232 Carolus
1081 1153 1250 1260 Magnus
1271 1156 1307 1233 ei
1324 1129 1439 1234 man-

359 1285 536 1366 daverat.
558 1286 697 1364 Altero
726 1285 882 1364 saeculo
905 1285 1099 1364 Rabanus
1120 1285 1284 1364 Maurus
1304 1287 1440 1368 natio-

361 1449 413 1500 ne
452 1421 684 1500 teutonicus
727 1417 957 1499 divinarum
990 1417 1286 1528 scripturarum
1318 1420 1440 1500 valde

361 1553 438 1634 fuit
464 1552 689 1650 studiosus;
719 1568 874 1630 etcum
903 1551 978 1631 sibi
1008 1552 1237 1633 earumdem
1268 1552 1438 1634 difficul-

360 1704 421 1766 tas
440 1689 642 1796 ¹comperta
666 1703 786 1785 esset,
818 1685 977 1793 linguae
996 1685 1232 1784 hebraicae,
1263 1703 1303 1765 et
1322 1715 1437 1794 grae-

361 1847 430 1899 cae
466 1821 710 1928 eomparavit
739 1819 971 1917 notionem,
1003 1837 1049 1900 ut
1079 1820 1232 1900 collatis
1259 1821 1363 1900 inter
1390 1849 1434 1902 se

361 1953 542 2033 fontibus
563 1953 784 2032 Bibliorum
811 1953 982 2060 graecis,
1005 1969 1045 2034 et
1060 1953 1281 2052 hebraicis,
1301 1981 1435 2034 sacro·

360 2110 450 2164 rum
460 2089 753 2194 Prophetarum
771 2088 934 2167 oracula
947 2089 1070 2195 magis
1091 2089 1365 2168 clarescerent.
1381 2089 1436 2166 Il-

359 2221 437 2300 lius
454 2222 739 2301 commentaria
750 2221 916 2328 sparsim
926 2220 1132 2300 vocabulis
1150 2221 1431 2320 hebraeorum,

359 2372 406 2434 ac
419 2382 653 2463 graecorum
672 2383 737 2460 70.
759 2381 996 2462 conspersa,
1013 2353 1437 2462 satisindieantquan·

358 2505 399 2566 ta
413 2488 647 2567 auctoritate
664 2487 753 2566 illos
773 2487 930 2567 codices
948 2485 1169 2568 donaverit.

412 2619 579 2701 Saeculo
605 2619 819 2701 undecimo
834 2621 1082 2701 Humbertus
1102 2620 1314 2701 cardinalis
1330 2685 1340 2722 ‚
1354 2624 1435 2730 epi-

360 2783 506 2864 scopus
529 2753 671 2863 Sylvae
697 2753 919 2854 Candidae,
943 2754 1019 2835 fuit
1035 2754 1151 2835 valde
1169 2756 1308 2864 lingua
1328 2783 1436 2864 grae·

360 2917 406 2968 ca
435 2887 589 2968 doctus.
620 2890 756 2996 Agens
780 2907 921 2969 contra
947 2890 1077 2968 varios
1107 2916 1342 2997 graecorum
1368 2915 1434 2968 er-

359 3050 488 3121 rores,
520 3022 570 3102 de
596 3021 795 3102 vocabulo
819 3024 949 3132 panis
962 3024 1062 3102 haec
1092 3024 1253 3104 scribit:
1279 3057 1298 3098 α
1324 3025 1431 3102 etin

359 3157 548 3237 omnibus
574 3155 790 3265 Scripturis
827 3157 1051 3236 invenimus
1087 3185 1232 3264 panem
1274 3155 1435 3236 indiffe-

359 3309 492 3371 renter
521 3289 619 3391 dici,
649 3293 731 3371 sive
759 3291 880 3371 fuerit
900 3317 1085 3397 azymus,
1116 3291 1199 3370 sive
1223 3290 1344 3370 fuerit
1360 3289 1435 3368 fer-

359 3441 583 3522 mentatus,
620 3424 734 3533 quod
763 3425 830 3504 hic
861 3423 1131 3504 demonstrare
1165 3425 1379 3534 incipimus
1411 3453 1434 3503 e

361 3558 561 3638 vocabulo
588 3559 779 3638 hebraico
815 3563 904 3651 mni
935 3557 1083 3637 lechem
1108 3577 1148 3639 et
1170 3587 1310 3668 graeca
1332 3587 1436 3637 voce

360 3695 447 3796 ἄρτος
471 3693 599 3800 panis.
634 3691 799 3772 Ordinis
825 3689 865 3770 S.
892 3691 1096 3772 Benedicti
1128 3693 1204 3772 fuit
1231 3692 1435 3772 Humber-

358 3841 450 3922 tus,
476 3842 516 3905 et
542 3826 686 3905 claruit
714 3828 758 3903 in
778 3823 1005 3905 divinarum
1027 3825 1325 3934 Scripturarum
1349 3842 1435 3904 stu-

253 3969 258 3974 ’
358 3955 439 4073 dio.
470 3959 673 4067 Repertus
695 3959 838 4059 abbas,
873 3958 1100 4040 duodecimi
1127 3959 1273 4040 saeculi
1291 3959 1429 4056 initio,

356 4091 399 4169 in
426 4094 718 4174 commentariis
741 4092 971 4174 divinorum
997 4095 1194 4174 librorum
1218 4091 1268 4173 ad
1298 4092 1431 4172 fontes

358 4225 588 4327 hebraicos,
623 4244 662 4307 et
692 4256 853 4335 graecos
876 4227 1136 4336 Septuaginta
1167 4227 1431 4335 interpretum
