3070 5180
547 405 588 418 ..-
609 381 644 434 ²7
667 405 707 416 ..

86 489 261 554 concrederet
279 489 381 554 αὐτῆς,
398 487 505 558 ἠξίωσεν
527 490 571 544 ro'r
595 490 787 550 aaarororaeu'r
806 487 933 549 δεσπότην
956 491 1019 544 Oro'r
1043 493 1090 544 atr
1111 492 1169 546 aiei·

85 604 135 636 rur.
155 578 185 645 ὃς
199 582 259 636 r'bo'r
283 583 312 636 ra*
329 582 447 636 ταπεινόν
467 585 513 644 τῆς
532 579 625 654 ψυχῆς
642 581 745 647 αὐτῆς,
764 579 887 655 ε’ῤῥύσατν
911 582 953 634 τόν
969 583 1054 645 λαὸν,
1072 579 1102 636 ὧν
1115 583 1169 656 χὰ-

84 694 119 747 pr
132 671 322 738 ἐκινδύνευσεν,
338 676 359 734 i.
371 690 396 732 a.
408 672 574 750 Complures
584 673 719 732 mulieres
727 673 821 748 gratia
828 671 882 732 Dei
892 673 1094 734 corroboratae
1101 689 1166 749 per-

86 771 219 832 locarunt
237 771 331 832 mrito
350 771 456 831 virilia.
484 769 586 830 iudith
601 769 697 845 beata,
717 785 785 829 cum
798 769 870 829 urbs
882 769 1071 846 obsideretur,
1086 773 1169 847 petiit

86 886 102 929 a
120 869 306 945 senioribus,
324 875 358 928 ut
367 867 423 928 sibi
436 867 534 928 liceret
548 869 580 926 ln
593 872 690 926 cestra
702 866 930 944 alienigenomm
939 869 1036 944 erire3
1049 869 1168 928 tradens

85 969 273 1044 semetipsam
289 965 432 1042 periculo,
450 964 489 1024 ob
505 964 620 1023 Patriae
633 979 762 1024 amorem
774 965 860 1040 exiit,
881 969 911 1022 et
928 964 1027 1040 populi
1046 963 1166 1039 obsessi,

88 1071 115 1124 et
130 1065 259 1126 tradidit
277 1064 418 1124 Dominus
437 1061 631 1139 Olopheruem
645 1063 677 1120 ln
695 1077 784 1120 manu
806 1061 959 1122 foeminae.
979 1062 1039 1122 Nec
1059 1065 1168 1138 minus,

84 1168 168 1240 enjus
187 1161 316 1239 perfecta
335 1161 391 1221 luit
412 1160 496 1236 tides,
515 1159 653 1234 Esthere,
674 1159 802 1235 periculo
823 1176 886 1220 sese
908 1159 1027 1236 objecit,
1051 1161 1168 1220 utduo·

84 1261 181 1322 decim
199 1259 295 1319 tribus
314 1260 403 1320 israel
417 1263 481 1336 jam
493 1259 635 1334 peritam
654 1256 807 1332 liberaret,
827 1273 878 1332 per
891 1259 1036 1334 jajunium
1049 1259 1127 1316 enim
1140 1263 1169 1316 et

84 1359 283 1420 bumilitatem
304 1358 382 1416 libus
395 1362 511 1433 precato
528 1361 572 1414 est
582 1357 713 1414 omnium
725 1355 891 1414 effectorem
904 1355 1061 1414 Domimm
1074 1355 1167 1414 Deum

85 1456 358 1532 saeculorum-qul
379 1455 534 1530 respiciens
553 1453 745 1514 humilitatem
762 1456 876 1512 animae
891 1453 969 1512 liilus
982 1454 1121 1530 populum
1134 1455 1168 1512 ii·

85 1555 212 1629 berault,
227 1557 311 1630 cnjus
325 1555 419 1629 gratia
431 1567 493 1611 sese
509 1550 636 1626 periculo
649 1553 791 1626 exposuit.
811 1575 823 1602 ν
841 1551 1004 1612 Sententiae
1017 1557 1085 1610 sunt
1097 1554 1170 1611 istae

85 1667 159 1727 quas
177 1649 312 1710 Clemens
329 1652 403 1708 inter
416 1649 488 1708 alias
502 1648 665 1723 Scripturas
682 1648 785 1723 relert,
801 1665 835 1708 ac
849 1647 971 1726 Spiritus
991 1649 1090 1708 Sancti
1099 1645 1170 1735 itera

85 1749 206 1810 oracula
223 1748 305 1807 dicit.
325 1748 440 1820 Quanta
454 1752 551 1805 autem
571 1746 658 1822 hujm
674 1745 818 1821 Epistoiae
840 1749 878 1806 sit
899 1749 1056 1806 auctoritas
1073 1750 1168 1806 corin·

85 1846 218 1906 thiorum
235 1845 363 1904 Ecclesia
380 1849 517 1919 testatur,
538 1844 609 1902 dum
626 1860 663 1902 ex
681 1849 824 1919 tempore,
841 1859 899 1920 quo
920 1846 976 1902 ista
997 1844 1067 1903 iiiuc
1080 1847 1169 1903 missa

87 1943 143 2004 luit
160 1959 256 2020 usque
275 1943 313 2001 ad
329 1941 502 2019 Dionysium
515 1942 593 2000 iilius
610 1944 737 2000 civitatis
750 1943 934 2017 episcopum,
955 1942 1056 2000 eadem
1076 1942 1169 2001 ‹iorni-

87 2044 159 2102 nlcis
177 2041 281 2101 diebus
299 2039 463 2116 legebatur,
482 2042 567 2098 sicuti
582 2039 620 2114 (1)
635 2039 795 2114 Eusebius,
814 2039 951 2098 historiae
960 2041 1169 2100 ecclesiasticae

87 2140 160 2198 libro
174 2143 292 2215 quarto,
301 2137 390 2196 refert
400 2136 533 2214 Dionysii
550 2135 650 2210 verba,
665 2137 776 2195 Romae
792 2135 980 2210 Christianis,
993 2136 1093 2196 Marco
1111 2137 1170 2196 Au-

88 2236 158 2296 rciio
175 2239 348 2311 imperante,
360 2234 528 2309 scribentis,
542 2250 577 2292 ac
592 2233 692 2293 Sotero
705 2232 854 2309 Pontilici,
867 2237 917 2309 qui
931 2249 1000 2309 erga
1011 2233 1169 2292 corinthios

88 2331 228 2395 baselicis
238 2332 432 2392 contulerant:
448 2355 460 2382 α
474 2331 567 2390 Hodie
583 2346 698 2390 sacrum
716 2331 793 2390 diem
808 2330 992 2390 Dominicum
1012 2331 1168 2390 celebravi-

89 2445 169 2506 mus,
184 2431 217 2488 in
227 2445 286 2506 quo
297 2434 426 2488 vestram
434 2429 584 2506 epistolam
597 2428 732 2505 iegbnus,
747 2444 835 2505 quam
848 2443 980 2504 semper,
994 2429 1069 2488 sicut
1081 2431 1169 2487 etlam

90 2529 215 2602 priorem
231 2525 316 2586 nobis
330 2543 348 2586 a
360 2525 505 2586 Clemente
517 2529 649 2602 musam,
659 2526 698 2586 ad
709 2533 840 2586 uosuam
854 2529 1064 2586 institutionem
1074 2527 1169 2602 legera

91 2625 227 2684 solemus.
247 2648 260 2676 ν

127 2722 155 2798 S.
169 2721 227 2782 ΠΙ.
243 2720 312 2780 Post
322 2720 497 2781 Clementem
511 2735 664 2780 romanum
677 2723 709 2780 in
721 2721 853 2782 Ecclesia
868 2722 1039 2780 occidemaii
1056 2724 1088 2780 in
1106 2737 1172 2782 sau·

91 2825 169 2878 emm
189 2818 343 2878 benacum
355 2818 528 2894 incidimus,
539 2821 589 2894 qui
601 2824 668 2894 post
681 2818 834 2878 dimidium
848 2818 955 2878 saeculi
969 2816 1087 2878 secundi
1101 2821 1171 2878 scri·

92 2913 186 2974 bebat.
216 2914 246 2974 Is
263 2915 423 2990 episcopale
443 2930 550 2974 munus
574 2917 606 2972 in
627 2914 755 2974 Ecclesia
771 2914 945 2992 lugdunensi
971 2917 1079 2991 gessit,
1099 2915 1172 2974 urbe

92 3011 274 3072 Christianae
287 3013 402 3088 pletatis
421 3011 460 3071 ab
474 3011 678 3088 Apostolorum
694 3018 823 3088 tempore
836 3013 1047 3072 amantissima.
1067 3013 1140 3073 Illuc
1154 3027 1172 3072 a

93 3109 255 3188 Polycarpo
272 3111 378 3168 missus
399 3107 471 3185 luit,
492 3113 575 3186 cujus
589 3125 621 3169 se
633 3109 808 3186 discipulum
820 3115 906 3168 vocat
922 3116 952 3169 et
970 3109 1106 3185 alienun,
1121 3113 1171 3186 qui

92 3223 156 3266 cum
169 3205 319 3284 apostolis
329 3209 437 3266 versati
453 3212 545 3266 erant.
561 3205 700 3266 Eusebius
712 3207 749 3283 (2)
764 3206 801 3266 de
817 3207 896 3266 iiius
915 3209 1029 3282 scriptis
1046 3207 1171 3282 locutus,

92 3307 145 3364 ait:
165 3327 178 3356 a
195 3303 319 3364 Librum
334 3306 495 3379 composuit
513 3304 648 3364 irenaeus
668 3304 704 3362 de
726 3303 897 3380 octonario,
916 3305 947 3361 iu
965 3318 1023 3379 quo
1039 3306 1128 3362 etiem
1140 3304 1174 3362 ii·

92 3402 141 3462 bro
158 3405 286 3480 primam
308 3419 340 3462 se
356 3403 560 3478 Apostolorum
581 3404 791 3462 successionem
809 3404 963 3480 contigisse
983 3402 1137 3479 significat.
1156 3427 1169 3454 ν

92 3499 133 3560 Ex
146 3503 196 3577 ils,
215 3501 268 3576 qui
279 3500 363 3559 nobis
378 3505 552 3579 supersunt,
567 3501 648 3561 libris
662 3500 800 3560 adversus
812 3501 961 3577 haereses,
972 3507 1084 3577 praeter
1097 3500 1172 3560 mul·

93 3601 152 3674 tos,
174 3599 228 3674 qui
245 3599 370 3674 periere,
398 3599 543 3674 inquirere
561 3597 628 3658 lieet
640 3611 693 3674 pro
709 3597 864 3674 Scripturis
881 3596 1173 3658 Deutero-Canonicis

94 3693 170 3754 iilius
180 3696 365 3754 senteutiam.
376 3694 492 3753 Iniibro
503 3695 727 3756 secundoverba
737 3696 900 3771 Sapientiae
910 3694 997 3755 dicit:
1009 3693 1046 3772 (a)
1066 3695 1172 3756 «iusti

95 3797 189 3850 autem
209 3790 377 3868 fulgebunt,
396 3794 472 3852 sicut
490 3792 549 3868 sol,
563 3794 594 3851 iu
607 3798 762 3870 conspectu
775 3793 870 3852 Patris
883 3807 993 3851 eorum.
1013 3818 1025 3844 u
1042 3791 1085 3852 De
1097 3792 1173 3852 libro

96 3885 207 3948 Bamch
225 3888 263 3964 (t)
279 3889 310 3946 ln
325 3888 400 3948 libro
412 3891 515 3966 qrnuto
529 3892 584 3949 ait:
609 3913 621 3940 «
639 3891 784 3950 Hieremia
796 3889 959 3966 Propheta,
974 3877 1171 3966 circumspice,

97 3983 204 4064 dicens,
217 3984 255 4045 ad
264 3987 403 4045 orientem
413 3985 605 4063 Hierusalem,
615 3993 644 4047 et
656 3987 723 4046 vide
731 3986 962 4064 laetitiam,quae
971 3986 1109 4047 adventet
1120 3985 1174 4046 tibi

120 4209 153 4272 (il
166 4211 497 4264 Eas.liist.Ec.lib.1V.c.
510 4217 596 4264 1111-
606 4214 641 4278 (a)
654 4213 718 4266 istst.
728 4215 793 4264 Ecci.
806 4213 849 4264 iit.
859 4215 890 4264 V.
902 4227 924 4264 c.
939 4213 1052 4278 to-(ii)
1068 4217 1132 4267 iren.
1149 4224 1171 4263 c.

95 4288 129 4339 11.
141 4287 173 4342 do
185 4291 285 4344 linares.
296 4291 350 4343 listi.
362 4303 474 4344 maur-
484 4292 518 4357 (t)
536 4295 590 4346 ilar.
601 4297 668 4345 civ.
679 4295 703 4346 et
713 4296 776 4346 iren.
789 4293 863 4346 11111·Ι
876 4307 898 4346 o.
906 4299 945 4345 ³5.
987 4321 990 4330 ‹
