3022 5178
770 443 774 450 ’
793 457 833 469 -
855 435 909 487 iss
929 459 969 469 -

353 541 445 604 Juxta
469 549 566 602 anum
586 543 674 602 talem
692 557 792 602 eorum
811 543 1001 618 (lirnium,
1015 541 1182 619 hujusmodi
1196 559 1405 620 quoquoeorum

352 642 520 700 metontas.
541 639 720 700 Aliisverbis
738 642 845 716 potius,
860 643 1000 717 inquam,
1017 643 1042 698 si
1060 641 1215 700 condlinm
1226 645 1281 700 erit
1293 659 1407 704 oecume

350 739 465 812 nicam,
480 737 661 796 danorum
674 738 762 796 oliam
776 739 808 794 in
822 739 884 813 ipso
895 740 1053 798 auctoritas
1064 741 1248 798 cocuntenica
1259 741 1323 816 erit,
1335 741 1408 802 atto

350 837 376 892 si
391 833 521 910 synodus
539 833 742 910 pulicularis,
761 833 838 894 idem
855 838 910 895 erit
928 851 1037 910 marn,
1055 852 1131 910 quae
1146 843 1322 912 sumuntur,
1339 842 1408 898 testi·

351 935 483 991 monium
504 938 533 990 et
554 931 637 992 lidos.
657 933 711 990 llis
737 937 835 992 auum
855 935 957 991 meritc
979 933 1081 1008 addas,
1101 934 1206 1010 synodi
1229 935 1364 1011 generabs
1382 943 1410 995 ut

350 1029 417 1086 talis
434 1032 474 1088 sit
490 1031 658 1104 auetontas,
674 1036 704 1088 et
723 1029 838 1088 decreta
854 1032 962 1088 suautl
981 1029 1119 1106 dogmata
1137 1030 1205 1090 fidei
1224 1033 1410 1108 acdpn'antnn

350 1141 466 1186 uccmse
485 1143 548 1186 osse
565 1129 671 1185 sumni
686 1126 831 1202 pontificis
846 1129 879 1184 in
896 1127 1082 1186 convocando
1099 1128 1351 1203 approbationem,
1370 1130 1410 1188 vel

349 1223 517 1299 decretam,
536 1239 678 1300 nequeam
694 1225 842 1300 quaeritur
855 1230 957 1298 postea
974 1224 1103 1298 ejusdem
1123 1225 1229 1300 synodi
1248 1225 1412 1300 pontificale

352 1320 544 1380 confirmatio.
563 1321 747 1380 Provinciale
761 1338 848 1396 pomo
860 1320 1013 1380 concilium
1028 1326 1148 1380 vomtur
1162 1323 1248 1396 illud,
1261 1327 1342 1397 enjus
1352 1339 1411 1382 oon·

350 1424 455 1478 ventus
473 1435 492 1476 a
510 1419 749 1494 metropolitano,
771 1419 820 1476 vel
839 1420 962 1492 primate
986 1419 1073 1477 unitis
1091 1421 1259 1494 provinciae
1275 1421 1321 1478 vel
1340 1424 1410 1496 regni

351 1513 518 1576 mmdntur.
543 1514 586 1574 De
606 1515 693 1591 hujus
714 1529 785 1576 vero
806 1515 912 1590 synodi
937 1516 1122 1592 securitate,
1140 1518 1253 1591 quoties
1278 1520 1411 1575 asnmni

350 1613 496 1688 pontificis
513 1612 694 1672 ordinatione
712 1612 790 1672 facta
803 1614 841 1671 sit
857 1615 1046 1688 convocatio,
1060 1613 1164 1672 deinde
1177 1613 1216 1672 ab
1234 1613 1334 1672 ecdem
1346 1630 1412 1674 eon·

349 1710 473 1785 probata
485 1710 598 1786 nient,
619 1715 690 1770 turne
705 1709 861 1770 dicmdum
876 1711 931 1769 erit
953 1710 1029 1768 hane
1047 1710 1205 1786 synodum,
1228 1713 1284 1770 etsi
1306 1713 1412 1786 mouu-

349 1807 464 1883 cidem,
477 1807 585 1882 pollere
598 1809 788 1884 audacitate,
800 1823 836 1867 ao
844 1807 966 1868 minime
979 1809 1040 1866 suis
1056 1809 1087 1866 in
1100 1807 1222 1867 decretis
1230 1823 1350 1867 erresae.
1366 1807 1411 1866 ilis

352 1905 683 1966 antenccndittcnibus
691 1905 884 1980 obstantibus,
898 1903 1121 1980 baoesynodus,
1129 1911 1163 1965 ut
1175 1906 1272 1982 inquit
1286 1902 1412 1964 Melcbior

349 2003 462 2080 Germ,
481 2020 543 2064 non
560 2011 674 2066 certum
689 2003 826 2082 qudem,
845 2001 899 2063 sed
911 2001 1061 2078 probabde
1074 2008 1279 2080 argrnnentnm
1291 2002 1410 2079 suppedi-

349 2107 396 2160 tat
408 2102 447 2162 ad
462 2101 530 2164 fidel
542 2103 680 2180 dogmata
696 2101 921 2162 corroboranda.
937 2099 1026 2160 Modo
1038 2101 1071 2160 in
1082 2101 1281 2176 qanmticnem
1293 2104 1412 2163 nasuta

349 2206 539 2260 revmmmur.
558 2199 720 2260 Condbum
733 2199 918 2263 laodicenum
939 2198 999 2258 illis
1015 2197 1229 2258 mndlucnibus
1244 2203 1339 2279 caret,
1355 2199 1408 2274 qui·

348 2294 404 2356 bus
422 2305 486 2358 rata
498 2299 672 2360 haberentur
689 2302 752 2376 ejus
767 2297 904 2372 decretu
926 2298 1021 2373 primo
1039 2298 1118 2354 enim
1133 2295 1277 2372 generalis
1291 2309 1349 2355 non
1360 2293 1409 2355 iuil

348 2401 411 2472 ejus
428 2405 588 2461 annuentis
601 2439 610 2474 ‚
625 2397 677 2456 sed
688 2397 996 2472 poscebantque
1008 2409 1046 2454 ox
1060 2392 1256 2471 quarumdam
1272 2394 1409 2471 reponunt

349 2497 495 2570 episeopis
512 2496 653 2556 milesius
665 2491 1066 2572 nunoontgtntanndus,
1076 2493 1129 2570 qni
1143 2508 1180 2552 ex
1198 2490 1323 2552 uvam
1335 2489 1410 2552 aon

349 2594 507 2668 movinciis
518 2594 548 2650 in
558 2591 733 2652 Laodiceam
745 2598 949 2652 convenerant.
963 2588 1198 2651 Praeterenbaeo
1213 2587 1344 2666 synodus
1355 2586 1409 2648 nul·
1491 2609 1492 2652 l

345 2689 409 2748 lam
436 2690 553 2766 praebet
573 2706 612 2750 ex
630 2690 751 2750 hbtcna
770 2705 950 2752 summorum
975 2686 1145 2764 pontificum
1167 2685 1411 2768 approbationem,

347 2803 442 2861 neque
461 2790 539 2846 circa
551 2791 808 2862 convocationem,
824 2801 917 2862 neque
928 2785 966 2844 de
978 2785 1056 2844 illius
1073 2783 1206 2843 decretis
1227 2782 1350 2842 Obstant
1366 2783 1410 2858 igi,-

348 2889 397 2942 tur
413 2891 471 2944 tres
489 2887 644 2962 mautarn
660 2889 844 2963 praecipuae,
861 2899 936 2961 qaae
955 2885 1084 2943 maxime
1098 2882 1264 2940 motarent
1282 2879 1319 2939 ad
1336 2879 1411 2954 bulas

348 2983 464 3042 concilii
480 2986 700 3059 auctoritatem,
731 2983 903 3062 generalitas
924 2997 1045 3056 nempe,
1070 2980 1292 3039 convocationis.
1310 2973 1413 3054 mam-

349 3081 411 3140 calc
427 3081 614 3166 mandatum,
635 3089 663 3143 et
683 3097 829 3140 canonum
850 3078 1042 3140 confirmatio.
1316 3095 1319 3107 ·

388 3179 549 3255 Nequitiam
569 3169 656 3256 hujus
676 3179 781 3256 synodi
797 3179 962 3238 auctoritati
978 3176 1079 3236 invent
1095 3174 1236 3234 manullo
1252 3178 1352 3232 sanda
1370 3169 1412 3228 de·

349 3285 439 3352 creta,
457 3283 487 3336 et
505 3280 655 3354 spaciatim
674 3278 710 3336 de
730 3277 873 3336 Ecclesiae
892 3273 1056 3350 disciplina,
1074 3287 1151 3347 quae
1168 3272 1235 3330 aliis
1254 3273 1285 3330 in
1296 3268 1413 3333 conciliis

349 3381 379 3435 et
396 3393 415 3434 a
433 3375 564 3451 patribus
586 3378 740 3460 enunciata
759 3379 854 3446 sunt,
868 3387 1009 3449 nnnqarc,
1025 3372 1081 3429 boe
1095 3385 1182 3443 essu,
1200 3385 1235 3428 ea
1255 3369 1318 3428 sola
1333 3365 1412 3426 relata

349 3476 425 3532 erint
437 3474 565 3548 deenen,
579 3473 711 3550 quaeat·
721 3472 866 3532 Ecclesiae
878 3470 1063 3546 disoqlinem
1076 3466 1260 3544 spectabant,
1273 3467 1320 3526 vel
1333 3464 1413 3523 saun

349 3585 494 3629 canonum
507 3573 661 3630 momentis
673 3570 846 3646 perspectis,
865 3562 953 3630 nien
963 3561 1079 3625 marina
1093 3567 1236 3625 reserati.
1259 3561 1316 3623 Sed
1329 3560 1413 3621 coud-

350 3667 391 3724 lia
410 3683 461 3726 seu
480 3674 592 3728 veteres
611 3669 765 3743 scriptores
783 3663 927 3743 quaedam
951 3663 1058 3742 synodi
1075 3662 1241 3721 laodicenae
1256 3659 1328 3720 dum
1346 3671 1413 3716 com-
1491 3675 1492 3698 ³

350 3765 490 3824 mendant
517 3771 648 3840 statam,
669 3766 789 3824 minium
816 3777 887 3824 vero
914 3768 1078 3826 edmarum.
1102 3773 1247 3819 monum
1277 3757 1414 3814 sancivere

351 3864 572 3938 auctoritatem
591 3861 670 3939 quod
684 3861 741 3921 bno
759 3863 790 3919 in
808 3861 977 3936 quaestione
993 3858 1090 3919 locum
1105 3855 1225 3917 obtinet.
1315 3893 1317 3898 -

390 3957 531 4021 Nonnulli
550 3965 679 4018 ammon
699 3957 859 4017 mummii
875 3957 992 4033 penitus
1002 3952 1125 4014 *manill
1142 3951 1285 4039 bodleoni
1302 3946 1412 4008 auderi·

350 4047 1101 4132 tatennnrne,‹panrpsinqunnt,asynoto
1114 4041 1416 4123 asnana,charn·
1491 4079 1492 4126 ι

350 4160 434 4214 sexta
448 4159 615 4217 montetum
633 4158 695 4227 est,
715 4165 791 4228 quoe
807 4165 919 4210 maone
935 4147 1061 4210 emunda
1077 4147 1229 4223 praecipit,
1245 4149 1280 4203 ut
1297 4139 1411 4212 susdpo
1491 4141 1492 4204 f

286 4299 291 4313 .
351 4257 452 4310 rentur
463 4247 824 4326 innnauaqmedscren
835 4235 1410 4309 uemtmmnonibrntaodiooooPhrl·

352 4350 434 4426 grae,
452 4354 487 4408 nt
496 4352 589 4424 jactat
601 4343 763 4410 Renoua
776 4343 916 4414 advenio
925 4341 1132 4408 Βοιωωὶιιωιι
1144 4344 1173 4402 et
1186 4337 1343 4421 maman
1354 4329 1407 4392 be·
1491 4371 1492 4374 κ
