3022 5178
979 151 992 188 b

801 323 978 378 *170*-

353 432 504 508 gyptiacae
521 445 635 507 quoque
648 430 796 504 civitates,
810 431 843 486 in
860 429 966 505 quibus
980 427 1103 504 Aquilae
1120 431 1214 488 versio
1234 445 1294 488 non
1306 445 1414 506 praesa

352 530 423 603 luit,
442 534 471 586 et
492 526 710 603 pharisaeorum
739 527 837 586 studia
857 543 917 584 non
942 525 1104 588 defixerunt
1122 527 1250 604 radices,
1268 528 1345 588 hunc
1357 547 1416 606 pru·

353 626 467 684 dentiae
489 632 587 685 actum
605 627 726 684 minime
745 626 907 684 excoluere.

391 723 460 799 Ast,
477 739 551 800 quae
566 722 717 800 hucusque
733 723 813 798 dixi,
829 723 906 782 dicet
919 723 1041 801 aliquis,
1060 721 1150 782 verba
1168 730 1255 798 sunt,
1275 729 1304 782 et
1323 739 1358 782 ex
1376 740 1420 783 ore

351 837 416 879 mco
434 837 538 897 parum
560 824 739 880 auctoritatis
760 821 906 896 efferunt,
931 837 1048 882 accuse
1073 828 1138 896 est,
1163 827 1196 881 ut
1213 821 1300 880 sacas
1316 837 1421 896 quoque

352 918 519 992 probentur.
537 919 627 982 Facta
641 922 783 978 ineamus.
799 920 932 978 lustinus
945 924 1078 996 martyr,
1097 923 1180 995 cujus
1201 920 1365 993 opinionem
1379 935 1421 978 su-

352 1031 405 1089 pra
417 1015 572 1093 descripsi,
588 1023 689 1076 contra
697 1018 819 1093 judaeos
833 1033 934 1094 agens,
950 1019 1046 1093 inquit
1057 1016 1123 1075 illos
1138 1031 1198 1074 non
1207 1018 1334 1090 recipere
1345 1031 1421 1092 quas·

352 1111 421 1172 dam
435 1113 613 1190 Scripturas,
630 1118 674 1175 sie
686 1118 765 1174 enim
784 1115 885 1176 scribit
897 1117 929 1175 in
941 1115 1058 1192 dialogo
1073 1131 1140 1174 cum
1154 1114 1302 1189 Triphone
1311 1113 1419 1189 judaeo:

359 1235 371 1260 «
384 1211 466 1270 Velle
488 1228 557 1273 cum
574 1228 608 1271 eo
625 1215 808 1288 quaestiones
829 1213 924 1272 facere
942 1229 1027 1287 super
1050 1213 1115 1272 illas
1129 1211 1294 1287 Scripturas
1313 1226 1383 1286 quae
1399 1228 1423 1269 a·

354 1309 414 1386 pud
435 1325 484 1368 eos
505 1313 536 1368 in
556 1309 688 1370 confesso
700 1316 793 1372 erant.
809 1335 821 1360 »
841 1310 951 1369 Deinde
964 1309 1127 1385 Scripturas
1142 1309 1299 1369 nonnullas
1313 1309 1419 1384 objicit,

357 1422 430 1483 quas
454 1407 600 1483 negabant
617 1408 735 1484 judaei:
766 1409 914 1470 «Praeter
932 1407 1013 1482 illas,
1029 1424 1104 1484 quae
1125 1406 1315 1482 proferendae
1339 1413 1423 1464 essem

355 1504 434 1579 apud
457 1520 511 1566 nos
538 1511 706 1564 servatae.»
728 1506 819 1565 Claris
846 1507 942 1565 uerbis
959 1505 1096 1582 Origenes
1114 1505 1170 1564 hcc
1187 1505 1332 1578 adstruit,
1351 1507 1421 1578 cujus

356 1617 445 1677 supra
459 1604 595 1661 nouirnus
610 1605 744 1678 peritiam
762 1607 794 1662 in
815 1606 906 1662 sacris
924 1604 1101 1680 Scripturis,
1122 1610 1151 1661 et
1167 1605 1324 1662 universae
1337 1601 1421 1660 Eccle-

355 1701 417 1756 siae
433 1706 504 1759 tunc
522 1703 660 1776 temporis
681 1704 892 1760 institutionem
913 1701 968 1760 hac
984 1704 1015 1760 in
1032 1718 1073 1759 re.
1091 1699 1127 1758 In
1141 1701 1264 1775 epistola
1278 1699 1422 1759 adAirica·

356 1812 429 1855 num
448 1796 485 1855 de
505 1796 654 1858 Susannae
671 1799 813 1874 historia,
825 1816 915 1875 quum
933 1799 970 1857 ab
990 1814 1090 1857 eorum
1103 1797 1219 1860 Canone
1230 1797 1333 1873 judaei
1350 1796 1421 1854 abra-

359 1901 469 1971 serunt,
489 1896 621 1956 hortatur
632 1897 805 1956 Africanum
818 1897 962 1972 eumdem,
983 1904 1136 1972 postquam
1152 1896 1314 1955 Ecclesiam
1331 1894 1422 1956 Christi

357 1992 384 2050 ei
398 1992 609 2052 demonstrauit
624 1993 773 2054 Susannae
784 1995 905 2054 historia
918 2001 951 2052 ut
961 1995 1063 2053 divina
1074 1995 1136 2070 uti,
1147 1995 1180 2052 in
1191 1993 1348 2068 seripturis
1357 1991 1421 2052 Deu-

350 2093 426 2152 vteris
449 2091 585 2168 citandis,
595 2093 673 2152 hanc
692 2095 856 2152 cautionem
871 2095 999 2170 asseqrri:
1020 2119 1032 2144 ιι
1046 2093 1192 2151 Conamur
1212 2098 1312 2152 autem
1329 2093 1421 2166 ait,te

357 2205 418 2246 non
434 2191 589 2265 ignorare,
611 2207 684 2265 quas
700 2190 810 2252 habent
827 2190 1009 2267 Scripturas,
1029 2196 1064 2248 ut
1080 2206 1148 2251 cum
1162 2189 1279 2265 judaeis
1295 2188 1420 2246 disseren

357 2293 400 2346 tes
423 2305 483 2346 non
507 2289 688 2364 proferamus
714 2306 766 2365 ea,
794 2291 922 2364 quaein
945 2305 1046 2348 eorum
1065 2288 1281 2363 exemplaribus
1312 2287 1419 2360 desunt,

359 2385 410 2446 scd
428 2388 515 2444 simul
533 2393 650 2446 utamur
676 2389 734 2462 iis,
754 2403 829 2464 quae
844 2403 931 2462 penes
949 2404 980 2444 se
1002 2386 1130 2461 habent,
1149 2386 1217 2444 licet
1233 2389 1267 2443 in
1282 2386 1383 2444 nostris
1396 2385 1421 2442 li·

360 2483 420 2542 bris
440 2483 647 2542 desiderantum.
664 2484 695 2543 Si
710 2488 788 2544 enim
802 2484 969 2560 hujusmodi
983 2483 1071 2542 iuerit
1084 2490 1182 2542 noster
1197 2483 1236 2544 ad
1254 2499 1309 2558 ca,
1327 2480 1361 2540 dc
1372 2482 1421 2558 qui·

358 2580 413 2638 bus
432 2596 486 2638 nos
506 2584 581 2640 inter
602 2587 631 2641 et
652 2585 730 2657 ipsos
761 2585 959 2640 controversia
976 2589 1039 2657 est,
1062 2587 1238 2657 apparatus,
1261 2597 1321 2642 uon
1339 2584 1420 2638 cona·

359 2684 478 2753 mnent,
499 2695 592 2754 neque
607 2686 693 2754 prout
714 2681 825 2756 solent,
840 2680 1002 2739 irridebunt
1019 2682 1081 2756 eis,
1101 2681 1152 2754 qui
1171 2679 1296 2738 credunt
1315 2693 1351 2738 er
1363 2692 1418 2752 gen·

358 2775 457 2851 tibus,
474 2777 552 2852 quod
566 2794 650 2852 vera,
677 2785 706 2838 et
722 2795 797 2853 quae
821 2779 900 2855 apud
916 2779 982 2837 illos
996 2781 1104 2853 scripta
1121 2783 1241 2851 extant,
1258 2780 1417 2854 ignorent.»

359 2873 421 2932 Hac
435 2876 568 2933 cautione
583 2874 716 2950 Origenis
726 2877 855 2951 profecto
869 2879 914 2935 usi
929 2883 997 2934 sunt
1010 2878 1117 2951 posteri
1132 2876 1279 2934 Ecclesiae
1293 2875 1418 2944 doctores,

357 2974 550 3048 quaeautque
569 2980 613 3031 est
631 2975 810 3049 inspicienda
828 2978 858 3032 in
879 2975 1054 3034 Nazianzeni
1070 2980 1099 3032 et
1113 2973 1216 3050 Cyrilli
1232 2971 1419 3046 hierosolyni-

359 3071 421 3128 tani
441 3073 576 3146 scriptis,
601 3071 651 3130 ubi
669 3072 704 3131 de
722 3073 838 3131 Canone
856 3073 1022 3132 divinorum
1037 3073 1178 3132 librorum
1196 3075 1327 3147 egerunt.
1342 3067 1419 3144 cyrl-

359 3166 404 3224 lus
425 3169 502 3226 enirn
516 3168 664 3228 Catechesi
678 3177 801 3246 quarta,
819 3177 953 3246 utsupra
968 3172 1094 3246 legistis,
1109 3169 1249 3228 discernit
1262 3167 1353 3228 Biblia
1364 3164 1420 3222 Pro

358 3264 548 3326 to-Cancnica
566 3285 584 3326 a
604 3269 907 3344 Demere-Canentem,
927 3271 1038 3344 mleque
1063 3267 1182 3342 adponit
1205 3267 1333 3326 secundo
1356 3263 1415 3320 loco.

360 3362 449 3422 Notat
461 3366 578 3440 insuper
594 3370 703 3442 primos
718 3371 823 3444 viginti
839 3368 912 3426 duos
929 3383 991 3428 esse
1006 3366 1168 3441 Scripturas
1182 3366 1261 3440 illas,
1280 3381 1351 3442 quae
1362 3359 1417 3433 pret

359 3460 505 3534 παῤῥησιάς
525 3479 592 3521 cum
605 3467 695 3522 enirm
711 3465 819 3524 fiducia
830 3466 977 3542 leguntur.
1003 3464 1152 3538 Παρῥησίας
1166 3464 1359 3537 vocabulum,
1374 3475 1419 3536 que

358 3562 450 3618 utitur
464 3568 581 3622 sanctus
595 3569 676 3639 pater
687 3567 774 3639 juxta
790 3565 1014 3644 etymologicum
1028 3580 1145 3622 sensum
1162 3564 1299 3636 exprimit
1317 3560 1418 3634 loquen-

360 3656 391 3714 di
409 3657 546 3718 fiduciam
559 3704 568 3736 ,
579 3677 645 3720 cum
664 3662 813 3738 libertate,
834 3678 950 3737 securo,
971 3661 1080 3736 palam,
1095 3666 1209 3736 aperte,
1224 3663 1308 3737 quasi
1329 3658 1418 3716 diceret

360 3755 505 3832 Cyrillus,
519 3774 556 3816 ex
577 3775 627 3818 ore
642 3763 791 3836 omnium,
809 3761 896 3820 nullis
919 3759 1201 3834 contradicentibus,
1219 3761 1292 3818 istae
1308 3757 1416 3829 Scriptu-

248 3859 253 3870 ‘
360 3869 410 3912 rae
427 3854 540 3916 Priores
557 3865 774 3934 proponuntur,
798 3860 906 3918 alterae
922 3875 992 3918 vero
1009 3873 1194 3934 nequaquam
1211 3857 1318 3931 libere,
1335 3866 1416 3912 coram

359 3953 494 4012 omnibus
508 3955 718 4032 producamus,
731 3960 870 4033 quoniam
888 3957 1032 4044 nonnulli,
1051 3959 1112 4016 sive
1123 3955 1222 4031 judaei
1246 3952 1415 4029 (qrribuscum

357 4049 549 4112 versabantur
572 4056 698 4114 maxbne
717 4054 869 4130 palaestini
888 4055 1004 4130 fideles)
1021 4056 1092 4112 istas
1107 4059 1255 4128 respuunt.
1275 4048 1363 4110 Simili
1379 4060 1414 4102 ra·

359 4149 438 4205 tione
455 4149 654 4210 Nazianzenus
671 4154 799 4211 carmine
817 4152 939 4211 lanbieo
963 4153 1102 4227 praecipit
1119 4148 1324 4220 vocatvocat
1338 4144 1414 4212 tuba,

358 4247 466 4323 quippe
483 4249 534 4322 qui
545 4246 617 4306 liber
635 4247 683 4308 ille
696 4255 771 4326 tuto,
782 4249 890 4326 absque
904 4249 1065 4309 difensione
1080 4250 1112 4307 in
1127 4249 1323 4308 testimonium
1332 4236 1413 4302 vocari
