3094 5184
819 377 860 394 ·-
881 359 917 410 ih
937 360 979 395 -'

365 468 493 545 ejmdem
513 466 641 544 Moysis,
663 482 699 526 ae
717 467 804 527 edam
822 468 943 527 minoris
956 469 1134 528 anmoritatis
1148 483 1183 528 ea
1196 467 1287 546 laeit3
1309 467 1428 548 ideoque

366 582 433 625 raro
463 564 629 625 eorumdem
656 566 820 624 testimonio
848 567 963 642 utitur,
986 581 1020 624 ae
1037 567 1121 642 plura
1136 569 1222 643 juata
1241 567 1429 628 flomemann

364 663 483 722 omnino
501 664 630 737 omittit3
660 661 800 737 equibus
826 663 929 739 conjici
955 665 1056 738 nequit
1079 663 1149 740 quid
1164 680 1235 740 pro,
1257 681 1309 724 seu
1328 671 1430 724 eontm

347 757 662 818 'Dentato-Canonium
687 757 850 834 Scripturas
875 761 1006 818 senserit.
1035 761 1135 836 Neque
1158 760 1214 820 hoe
1239 762 1431 838 mirandum,

363 858 498 930 spectatis
527 856 585 930 iis,
614 871 688 932 quaa
716 871 808 931 nuper
837 859 945 916 censita
964 864 1033 916 sunt
1051 857 1088 916 de
1106 857 1229 934 Flavio,
1257 858 1294 918 de
1314 865 1431 919 auotore

364 953 482 1028 Minna,
512 968 546 1011 ae
566 952 603 1011 de
616 953 680 1012 aliis
695 953 867 1030 judaeorum
887 956 983 1013 saetis.
1013 953 1120 1013 Sensus
1139 958 1299 1032 mysticus,
1321 962 1352 1014 et
1369 971 1429 1014 mo

364 1051 434 1110 ralis
450 1053 636 1126 praeeipuam
654 1051 785 1110 Philonis
804 1052 944 1111 librorum
963 1055 1143 1112 eonstituunt
1162 1051 1297 1129 'partem,
1327 1069 1431 1128 parum

363 1147 545 1225 prophetieas
565 1152 743 1226 sententias,
771 1165 929 1227 earumque
948 1151 1189 1226 complementum
1209 1151 1430 1228 animadvertit,

364 1247 515 1305 historiam
534 1246 726 1307 hebraeorum
753 1254 819 1323 pust
846 1246 969 1326 Moysen
996 1249 1057 1308 iere
1087 1248 1235 1326 neglexit,
1262 1249 1432 1326 nullamque

365 1343 401 1404 de
420 1343 664 1403 Maehahaeornm
683 1346 770 1420 gestis
785 1347 958 1405 mentionem
973 1345 1051 1405 feeit.

404 1441 536 1501 Ceterum
556 1459 626 1501 vero
644 1447 724 1516 patet
743 1442 876 1502 eumdem
895 1442 1068 1520 Philonem,
1089 1445 1150 1504 suis
1167 1446 1199 1503 in
1214 1442 1431 1520 quaestionibus

365 1539 402 1598 de
421 1537 568 1615 Sapientia
585 1539 687 1602 divina
706 1539 855 1617 loentum,
875 1541 1032 1616 plurimum
1052 1541 1202 1602 affluimus
1214 1542 1370 1617 protulisse
1382 1540 1433 1600 Sa·

364 1638 507 1713 pientiae,
541 1642 571 1696 et
589 1637 781 1696 Eedesiastioi
800 1635 955 1713 seripturis
974 1655 1034 1698 non
1054 1655 1140 1699 sensu
1155 1644 1294 1714 tantum,
1328 1653 1432 1698 verum

364 1735 454 1792 edam
472 1733 588 1809 vmhis,
608 1738 743 1810 quamvis
762 1735 866 1795 nullibi
886 1742 1059 1796 memoretur
1078 1735 1170 1812 dhar,
1190 1751 1284 1813 neque
1304 1741 1431 1811 auctor,
1537 1767 1538 1786 κ

365 1847 452 1907 quem
462 1831 521 1890 illis
534 1832 619 1892 dietis
629 1839 780 1908 spectaret.
796 1835 831 1893 ln
841 1839 967 1894 traomtu
976 1866 989 1878 ·
997 1835 1040 1893 De
1052 1835 1241 1910 emigratione
1252 1833 1434 1894 abrahami·

365 1927 496 1988 divinam
515 1929 656 1990 extollens
676 1929 872 2008 Sapientem,
897 1931 969 1991 haee
989 1933 1049 1992 ait:
1085 1956 1098 1982 «ι
1119 1931 1265 2007 Sapientia
1284 1933 1362 1990 siam
1380 1931 1434 1990 lnx

364 2027 588 2086 instrumentum
599 2027 718 2087 videndi
737 2035 805 2105 est,
827 2027 878 2090 sed
897 2031 1021 2104 seipsam
1040 2045 1155 2106 quoque
1173 2028 1273 2102 videt3
1295 2026 1368 2086 haee
1381 2027 1435 2086 Dei

365 2122 545 2202 arehetypon
565 2125 724 2202 splendor,
752 2131 836 2203 eujus
857 2125 984 2204 effigies,
1006 2133 1035 2186 et
1044 2128 1141 2203 imago
1156 2131 1228 2186 est.»
1251 2125 1332 2184 llaec
1345 2125 1436 2184 verha
1538 2186 1539 2212 ,

364 2220 497 2281 incidant
515 2225 548 2282 ln
568 2223 688 2283 alteram
709 2222 776 2282 lihri
789 2226 893 2301 nostrl,
913 2225 1002 2302 vulgo
1014 2225 1160 2300 supientia
1172 2221 1335 2284 &mooun
1351 2221 1434 2298 dieti,
1538 2223 1539 2274 ἲ

364 2322 554 2379 sententiam:
580 2320 722 2382 «Candor
741 2321 815 2380 lueis
835 2326 990 2398 aeternae,
1021 2327 1050 2380 et
1069 2321 1218 2397 speculum
1236 2321 1300 2380 sine
1319 2319 1436 2380 maenia

363 2415 416 2475 Del
436 2421 615 2495 majestatis,
646 2424 676 2478 et
694 2420 793 2494 imago
811 2417 950 2479 honitatis
976 2419 1083 2478 illius.»
1109 2419 1262 2478 Praeterea
1280 2420 1313 2476 ln
1333 2417 1434 2478 eodem

363 2513 457 2590 libro,
484 2513 520 2573 de
539 2517 603 2590 lpsa
629 2513 776 2590 Sapientia
796 2518 912 2593 arguit:
947 2541 960 2568 α
976 2515 1107 2576 Potentia
1126 2515 1180 2575 Dei
1199 2515 1273 2580 haee
1292 2522 1362 2590 est,
1382 2531 1435 2591 per

363 2627 452 2687 quma
479 2611 645 2688 disposuit,
670 2611 836 2689 ordinavit,
868 2616 1039 2690 ornavitque
1067 2615 1187 2690 omnia,
1219 2628 1295 2689 qnae
1316 2614 1434 2689 propria

364 2711 479 2770 bonitas
498 2716 564 2787 est,
585 2711 680 2770 ahma
705 2710 743 2770 ab
767 2711 880 2770 invidia
899 2718 928 2772 et
940 2711 1163 2786 malevolentla3
1186 2712 1349 2788 gratiarnm
1362 2725 1434 2769 roro
1539 2689 1540 2715 ¹

364 2813 456 2866 mater
474 2812 538 2883 eet,
569 2825 620 2882 per
645 2825 719 2884 quas
739 2813 844 2868 cuneta
869 2825 907 2868 ex
932 2825 992 2868 non
1019 2823 1081 2868 esse
1109 2808 1148 2869 ad
1180 2823 1243 2868 esse
1262 2807 1430 2884 perduxit.»

365 2905 445 2978 Quae
455 2903 545 2963 rerba
553 2904 772 2964 conformantia
785 2905 976 2966 Eeolesiastiei
988 2905 1073 2966 dietis
1086 2919 1240 2982 eapmxrr.
1255 2905 1339 2980 «ligo
1352 2906 1435 2980 qnasi

363 3002 432 3060 vltis
452 2999 626 3061 imotlfleavi
645 3004 825 3074 suodtatem
838 3002 959 3079 odoris,
983 3007 1012 3061 et
1029 3002 1116 3062 tiores
1134 3003 1212 3078 mei,
1241 3001 1356 3061 fruetus
1380 3001 1433 3060 he·

363 3101 466 3175 noris,
487 3104 517 3159 et
535 3098 716 3176 honestatis;
735 3115 791 3177 ego
810 3105 902 3160 mater
914 3100 1052 3176 pulchrae
1064 3099 1245 3176 (theodonis,
1266 3105 1296 3158 et
1307 3099 1433 3174 timoris,

363 3201 393 3255 et
411 3199 586 3273 agnitionis,
616 3203 646 3256 et
673 3203 791 3257 sanetae
814 3199 899 3274 spei,
931 3201 963 3256 in
981 3215 1029 3257 me
1046 3200 1139 3274 matie
1166 3199 1260 3256 omnis
1284 3197 1377 3270 viae,
1405 3202 1435 3254 et

363 3296 516 3371 ueritatis,
538 3297 568 3354 in
588 3311 635 3354 me
654 3297 749 3354 omnis
768 3311 833 3371 spos
847 3298 943 3371 vitae,
963 3297 1148 3355 etvhtutis.»
1165 3294 1296 3354 Tandem
1308 3299 1433 3354 naehta

362 3391 400 3450 de
419 3408 473 3468 eo,
494 3392 573 3470 quod
596 3393 721 3452 deterius
741 3395 845 3469 potiori
857 3393 989 3453 insidiari
1012 3394 1113 3468 soleat,
1138 3394 1279 3468 seriptum
1301 3397 1372 3466 est,
1392 3391 1433 3449 nit

363 3491 449 3566 ipse,
469 3491 501 3548 in
518 3490 616 3550 libro:
647 3515 660 3542 ι
675 3490 775 3552 Solum
796 3491 870 3550 hene
889 3497 1054 3567 sperantem
1077 3506 1140 3552 asse
1166 3491 1333 3548 hominem:
1359 3531 1367 3545 .
1390 3530 1399 3545 .
1423 3531 1431 3545 .

363 3586 484 3660 proinde'
508 3587 578 3649 honi
599 3590 655 3647 viri
684 3589 798 3648 lelleem
824 3595 932 3648 sortem
957 3591 1036 3647 neoti
1059 3603 1140 3663 spem
1167 3593 1197 3646 et
1223 3585 1364 3664 gaudium
1383 3590 1434 3643 ant

363 3681 512 3758 habeant,
534 3691 585 3744 aut
608 3691 685 3746 oerte
706 3693 858 3762 expectent
881 3687 984 3763 hona3
1005 3685 1075 3745 mali
1099 3701 1185 3761 vero,
1213 3699 1339 3761 quomm
1363 3681 1435 3742 Cain

364 3783 409 3838 est
430 3780 558 3858 sodalis,
583 3785 616 3841 ln
638 3799 792 3859 moerore,
818 3789 847 3843 et
871 3787 975 3843 timore
987 3783 1149 3861 degentes,
1173 3783 1359 3857 praesentia,
1380 3781 1434 3837 im-

365 3876 507 3936 minentia
530 3879 608 3938 mula
630 3883 823 3940 miserrimam
844 3883 1006 3957 portionem
1020 3880 1207 3958 possideant,
1235 3883 1384 3956 gementes
1397 3873 1434 3934 oh

362 3973 532 4052 molestias,
558 3992 632 4052 quas
659 3977 768 4038 hahent
794 3994 864 4055 prae
894 3979 1050 4054 manibus,
1080 3993 1150 4054 praa
1171 3983 1251 4036 metu
1276 3981 1376 4034 autem
1389 3976 1432 4032 in·

365 4075 556 4149 gruentium,
586 4081 742 4135 trementes
764 4082 794 4136 et
814 4077 993 4136 horrentes.»
1023 4077 1102 4136 llaee
1121 4080 1237 4151 sumpta
1258 4073 1433 4133 videnture

364 4171 459 4244 eapite
476 4171 528 4232 IV.
556 4177 585 4230 et
608 4171 645 4232 V.
678 4173 745 4232 lihri
766 4172 952 4250 Sapientiae,
979 4179 1008 4232 et
1029 4175 1178 4249 speciatim
1199 4189 1215 4232 e
1235 4172 1333 4232 verbis
1356 4171 1429 4230 illis:

366 4266 479 4327 a'l'une
507 4267 625 4330 slohum
654 4272 727 4345 justi
751 4273 782 4329 in
805 4287 913 4347 magna
938 4272 1102 4332 constantia
1125 4269 1264 4332 adversus
1283 4285 1351 4344 eos,
1378 4267 1427 4342 uui
