3022 5178
546 380 586 391 -
614 356 669 406 rao
690 380 731 390 -

37 445 39 566 l
115 463 167 524 dori
184 464 339 524 doctrinam
352 463 453 522 scribit
468 463 506 522 ad
517 465 681 540 armenios,
701 481 752 523 eos
763 463 870 524 docens
885 468 916 523 in
934 482 1021 526 verae
1038 465 1106 524 fidei
1125 465 1176 524 do-

37 567 39 708 Ι
114 565 193 622 ctrina
209 561 243 620 de
260 563 400 621 Trinitate
417 561 539 622 firmiter
561 578 625 622 sese
649 578 758 638 gerere.
781 563 845 622 Hac
867 566 899 622 in
921 565 1042 639 epistola
1062 565 1177 623 Baruch

112 660 188 720 verba
208 662 248 718 sic
263 659 395 734 deponit:
416 659 472 718 «Si
490 667 588 719 autem
607 660 801 735 purushomo
821 666 865 720 est
884 660 1035 737 Christus,
1057 679 1177 737 quomo·

112 761 142 818 do
156 759 232 818 illum
249 774 337 833 supra
356 761 418 832 ejus
439 763 561 816 naturae
580 758 776 818 conditionem
795 758 929 818 eoelestia
946 767 1134 836 venerantur,
1148 767 1177 818 et

111 858 142 918 ad
159 857 296 916 inferioris
316 873 422 916 nomen
442 855 659 933 genuflectunt?
679 859 732 918 Πῶς
758 856 784 909 δὲ
808 853 838 908 ἂν
859 856 995 928 δεξώμεθα
1015 860 1062 921 τας
1078 873 1177 932 προφη-

108 957 169 1018 τικαίς
186 957 313 1031 φωνάς,ὁ
328 956 393 1017 Θεὸς
416 957 486 1026 ἡμῶν
512 956 554 1008 ἐπι
575 958 623 1026 γῆς
648 955 735 1030 ὤφθη,
754 959 798 1010 καὶ
826 961 881 1020 τοῖς
906 957 1047 1030 ἀνθρώποις
1073 979 1178 1012 συνανε-

111 1047 210 1122 στραίφη·
228 1047 354 1102 ὀπτασίαν
369 1048 432 1119 eolo,
448 1048 515 1120 φπσί
527 1047 570 1106 τήν
586 1049 654 1102 κατά
669 1049 751 1120 σάρκα
766 1050 901 1121 pavefacto
928 1051 974 1104 καί
994 1054 1176 1123 συναστραφήν

108 1140 213 1214 ὀνομάζει
228 1144 271 1200 τήν
286 1141 329 1196 ἐπὶ
343 1143 432 1213 καιροῦ
445 1145 513 1214 μετα
525 1139 658 1213 ἀνθρώπων
678 1142 829 1206 πολιτείαν,
850 1144 870 1200 i,
892 1159 918 1202 e,
946 1143 1097 1215 Quomodo
1121 1159 1172 1201 au-

108 1246 157 1299 tem
169 1244 357 1316 receperimus
372 1241 555 1316 propheticas
568 1256 665 1298 voces:
678 1272 690 1284 ·
702 1240 779 1300 Deus
793 1248 892 1300 noster
905 1257 991 1316 snper
1004 1247 1112 1300 terram
1127 1257 1175 1316 ap·

109 1341 209 1415 paruit,
232 1346 261 1398 et
285 1355 351 1398 cum
375 1339 543 1398 hominibus
561 1345 750 1398 conversatus
768 1345 830 1398 est:
846 1371 857 1383 ·
871 1340 1020 1400 Visionem
1036 1341 1114 1396 enim
1133 1339 1175 1398 di·

37 1471 39 1488 <
107 1439 183 1496 citio
201 1453 286 1496 carne
305 1437 570 1498 manifestationem
587 1444 616 1496 et
628 1440 846 1498 conversionem
865 1437 991 1512 appellat
1008 1454 1172 1498 commem.

107 1537 201 1594 tionem
217 1537 254 1596 ad
265 1543 381 1612 tempus
401 1552 470 1594 cnm
484 1536 689 1596 hominibus.»
711 1537 798 1596 Hisce
817 1535 914 1594 verbis
928 1542 1047 1595 sanctus
1067 1538 1174 1612 episco-

107 1649 152 1707 pus
169 1651 219 1692 nos
242 1650 359 1710 quoquc
381 1635 518 1693 admonet
542 1635 578 1693 de
601 1635 798 1694 armeniorum
820 1634 878 1692 fide
895 1640 924 1694 et
941 1634 1074 1692 doctrina
1096 1636 1174 1692 circa

108 1729 206 1804 Scripta
233 1730 542 1805 Deutero-Canonica,
574 1747 717 1807 quaeres
739 1738 821 1806 parte
850 1731 997 1807 secunda,
1019 1731 1054 1790 de
1079 1747 1172 1790 arme-

107 1832 178 1888 niaca
194 1833 336 1906 versione,
346 1829 526 1888 manifestior
542 1829 602 1888 fret.
622 1828 703 1888 Idem
712 1830 833 1888 Procius
846 1836 948 1888 contra
963 1829 1118 1904 Origenem
1133 1828 1171 1904 (1)

107 1943 136 1984 ex
152 1927 309 2003 Epiphanio
328 1927 467 1986 adversus
487 1927 619 1986 haereses
644 1943 659 1985 e
684 1926 847 2003 Sapientiae
868 1926 1016 2002 Scriptura
1050 1927 1169 1986 scribit:

110 2023 268 2102 «Siquidem
290 2025 369 2084 Deus
391 2027 575 2100 corruptione
601 2031 747 2090 carentem
772 2025 920 2084 hominem
940 2026 1067 2098 creavit,
1087 2025 1172 2083 etad

107 2126 267 2183 acurnitatis
282 2139 353 2182 suae
370 2123 509 2198 produxit
521 2124 689 2198 imaginem:
703 2153 714 2165 ·
728 2123 872 2194 Quoniam
886 2122 963 2180 Deus
977 2128 1100 2178 mortem
1113 2139 1172 2181 non

106 2218 163 2280 fecit
165 2265 239 2280 .....
257 2221 375 2280 Invidia
389 2227 486 2279 antem
499 2219 607 2280 diaboli
621 2236 699 2279 mors
713 2221 846 2278 introivit
858 2221 889 2276 in
903 2219 1003 2278 orbem
1015 2224 1169 2279 terrarum:

105 2343 120 2353 ··
134 2317 248 2392 Καθάπερ
272 2320 317 2372 καιΙ
338 2319 418 2390 σοφία
437 2321 478 2372 διαὶ
498 2321 647 2389 Σολομῶνος
666 2320 812 2390 μαρτυρεῖ,
826 2321 846 2376 i.
870 2335 896 2375 e.
921 2317 1172 2390 Quemadmodum

106 2420 129 2473 et
145 2415 286 2492 Sapientia
302 2433 353 2492 per
368 2417 552 2476 Salomonem
574 2423 707 2476 testatur.
736 2441 748 2466 υ
774 2417 884 2476 Deinde
908 2419 1039 2492 sequitur
1060 2431 1097 2473 ex
1116 2416 1172 2476 hoc

106 2517 254 2574 testimonio
269 2515 393 2574 Proetus
412 2531 536 2591 arguens
555 2515 789 2574 adversariorum
802 2531 929 2573 errores:

138 2611 162 2686 S.
183 2613 260 2673 XVI.
285 2612 449 2671 Theodosio
463 2615 557 2690 prImo
570 2615 749 2688 imperante,
768 2615 844 2671 vixit
871 2613 1029 2688 Procopius
1050 2627 1172 2688 gazaeus

102 2711 176 2782 juxta
201 2711 367 2770 Curterium
388 2711 467 2770 illius
484 2712 625 2770 librorum
645 2715 840 2788 interpretem.
864 2712 920 2770 llic
939 2711 1105 2770 divinorum
1124 2712 1172 2770 Bi·

104 2804 214 2867 bliornm
228 2811 480 2884 mterpretationes
495 2809 628 2885 collegit,
643 2815 672 2868 et
685 2812 813 2868 maxime
826 2812 858 2868 in
871 2809 1082 2884 Prophetarum
1095 2811 1173 2884 prin·

104 2907 184 2980 cipem
202 2908 419 2967 lucubrationes
433 2924 470 2966 ex
489 2907 631 2984 Origene,
651 2907 775 2966 Eusebio
789 2911 980 2982 caesariensi,
999 2907 1171 2984 Chrysosto·
1207 2891 1209 2896 ¹

103 3020 160 3080 mo,
174 3006 279 3066 Basilio
293 3006 431 3080 contulit,
450 3022 575 3082 qnorum
587 3022 700 3082 pauca,
718 3008 765 3065 vel
781 3009 864 3066 nulla
881 3015 1056 3083 supersunt,
1075 3014 1104 3066 et
1121 3025 1171 3065 ve·

104 3100 139 3160 lut
155 3107 296 3179 epitomen
313 3106 473 3178 posteritati
485 3106 606 3162 remisit.
626 3103 734 3162 Ceteris
752 3105 925 3163 utilitatibus
940 3108 1083 3180 sepositis,
1098 3121 1172 3180 quas

103 3195 305 3276 scripturarum
332 3203 473 3276 interpres
501 3203 625 3276 acquirit
652 3201 773 3275 legendo
799 3201 878 3260 hunc
899 3201 1026 3275 librum,
1048 3216 1102 3258 nos
1124 3201 1172 3260 hic

103 3301 224 3376 anum,
246 3317 285 3359 an
304 3300 341 3358 de
360 3298 516 3374 scripturis
533 3298 822 3358 DeuteroCanonicis
839 3301 970 3374 priorum
991 3299 1112 3358 Petrum
1129 3307 1172 3358 te·

103 3395 226 3456 stimonia
253 3399 373 3473 legerit,
401 3399 585 3472 exquirentes
614 3396 817 3471 impendamus
841 3396 980 3456 laborem.
1011 3397 1081 3472 Gap.
1115 3413 1168 3454 111.

102 3489 183 3552 lsaiae
199 3498 230 3554 in
249 3512 284 3554 ea
302 3495 409 3554 verba:
430 3519 443 3544 «
456 3493 576 3553 Auferet
590 3511 607 3552 a
620 3493 638 3552 J
640 3494 732 3553 ndaea
745 3495 940 3569 Prophetam:
964 3521 976 3545 »
995 3493 1158 3570 Sapientiae

101 3587 196 3650 librum
208 3595 244 3670 (a)
257 3594 380 3653 contulit
399 3593 507 3652 dicens:
529 3618 541 3643 «
558 3593 743 3670 Quamquam
758 3595 811 3652 etsi
824 3596 855 3651 in
874 3596 938 3668 ipsa
950 3593 1076 3671 juvenili
1092 3598 1169 3652 aeta·

102 3691 140 3764 te,
164 3693 260 3751 senilis
288 3693 387 3768 aliqua
408 3693 567 3767 reperiatur
594 3692 767 3767 prudentia,
786 3707 880 3768 neque
900 3697 944 3752 est
965 3691 1170 3768 negligendum

102 3784 199 3848 donum
216 3833 224 3866 ,
244 3791 326 3846 ficarol
340 3791 402 3864 γάρ,
425 3793 505 3863 φησὶ,
525 3790 648 3864 φρόνησις
664 3791 689 3842 ἐν
705 3789 868 3865 ἀνθρώποις,
890 3793 911 3848 i.
928 3807 954 3848 o.
970 3790 1051 3849 Cana
1071 3792 1170 3862 euim,

102 3882 183 3961 dicit,
203 3890 356 3963 prudentia
371 3893 403 3947 in
421 3889 599 3948 hominibus.
615 3913 627 3939 o
646 3889 681 3946 In
694 3889 752 3946 line
765 3889 972 3964 praefationis,
989 3887 1118 3963 ejusdem
1136 3887 1170 3943 li·

104 3978 142 4038 bri
158 3989 331 4046 mentionem
346 3988 433 4045 facit:
454 4013 466 4038 o
479 3988 607 4047 Visionis
621 3987 733 4062 Isaiae,
748 3989 853 4062 inquit,
870 3992 971 4045 contra
992 3985 1169 4061 Aegyptum,

103 4087 194 4140 contra
209 4082 397 4160 Damascum,
412 4091 514 4144 contra
531 4085 711 4162 Babylonem
725 4090 754 4142 et
768 4085 840 4142 alias
855 4091 954 4161 gentes
974 4082 1090 4159 expedit
1103 4081 1172 4141 Pro·

128 4287 158 4350 (ι)
177 4293 263 4357 nprpa.
276 4297 360 4346 contra
373 4298 445 4345 noer.
466 4295 508 4344 no.
521 4297 552 4344 n.
565 4309 586 4343 c.
598 4297 663 4344 mx.
681 4321 711 4332 -
727 4293 761 4358 (π)
771 4261 827 4357 sap.
845 4309 866 4343 c.
879 4297 921 4344 rv.
936 4302 957 4342 o.
