3094 5184
562 333 778 416 -”--ar---¹

98 473 193 530 sertae
206 473 290 530 erem
302 466 467 545 scripturae
480 477 597 532 nocuae
609 471 926 554 Donato-Canonium,
941 489 1016 552 quiae
1029 477 1178 556 hucusque

99 569 205 628 nands
227 566 270 626 ibt
290 567 445 643 inscriptae
467 575 639 644 servantur,
661 574 690 630 et
714 569 859 648 leguntur.
889 572 1043 634 versiones
1067 579 1179 652 coptica

98 664 226 741 pariter,
239 670 269 724 et
283 662 444 742 aethiopica
455 665 541 742 paulo
555 673 620 743 post
632 667 754 728 latinam
770 710 779 743 ,
801 685 838 728 ex
852 673 964 746 graecis
981 672 1179 734 alexandrinis

99 759 208 821 Bibliis
230 761 378 822 conlectae
392 762 469 822 idem
482 769 636 824 testantur.
660 763 796 825 lreoaeus
818 763 892 826 libro
911 781 964 827 ιιι.
986 773 1087 828 contra
1104 769 1181 830 iloc-

2 850 12 873 ''
103 875 183 920 reses
206 875 271 935 cap.
294 875 361 918 aar.
384 859 421 920 de
440 859 629 938 Septuaginta
650 863 838 938 interpretum
855 879 930 941 usa,
956 870 987 924 et
1009 868 1180 929 auctoritate

1 944 15 988 ¹⁴*
97 957 130 1016 in
149 955 280 1016 Ecclesia
299 956 411 1020 scribit.
438 959 560 1032 «Quum
582 965 664 1020 tanta
686 960 775 1038 igitur
796 959 908 1038 (arguit
929 969 1047 1022 sancum
1064 963 1180 1040 Episco

1 1069 9 1084 ¹*
97 1070 154 1130 pus
175 1053 356 1132 haereticos,
388 1057 440 1132 qui
460 1055 584 1133 Aquilae
606 1063 635 1119 et
654 1056 859 1118 Tbeodotionis
882 1058 1096 1136 Scripturarum
1117 1078 1182 1122 uer·

0 1167 15 1183 ¹·
97 1152 176 1212 sioni
195 1150 450 1230 obsequebantur,
485 1155 576 1214 ueteri
597 1152 797 1214 Alexandrina
817 1154 966 1233 despectu)
988 1159 1127 1235 vertare,
1152 1165 1181 1218 et

9 1249 17 1284 ²
98 1250 196 1328 meda
205 1247 263 1310 Dei
275 1251 479 1326 interpretatae
497 1253 557 1312 sint
574 1249 759 1330 Scripturas,
780 1269 796 1312 e
815 1253 921 1330 quibus
934 1258 1137 1333 praeparavit,
1152 1262 1182 1319 ct

10 1343 18 1382 ·'
96 1347 361 1410 reformauitlieus
382 1349 470 1410 iidem
490 1355 642 1428 nostram,
663 1366 737 1426 quae
755 1353 787 1410 in
800 1351 909 1412 Filium
921 1356 984 1429 ejus
998 1360 1061 1431 est,
1080 1360 1110 1414 ct
1123 1369 1181 1416 ser·

95 1449 182 1508 veuit
194 1447 279 1508 nobis
294 1449 438 1526 simplices
452 1448 616 1525 Scripturas
627 1448 808 1528 inAegypto,
822 1452 853 1508 in
865 1465 923 1526 qua
934 1450 1062 1512 adolevit
1075 1452 1180 1514 domus

96 1544 210 1623 Jacob,
231 1553 260 1606 et
279 1546 420 1608 Durnium
440 1553 538 1608 noster
557 1551 691 1608 emeatus
712 1553 774 1624 est,
796 1553 825 1608 et
844 1547 916 1610 haec
932 1564 1032 1610 earum
1050 1548 1178 1628 Scriptu-

96 1657 199 1704 rarum
218 1645 419 1720 interpretatio
438 1647 609 1721 priusquam
628 1643 770 1704 Dominus
788 1649 887 1716 noster
903 1645 1089 1706 descenderet
1101 1646 1180 1708 iacta

11 1729 22 1778 ’ἵ
95 1743 153 1818 sit,
167 1747 199 1802 st
213 1748 369 1820 antequam
381 1741 531 1804 christiani
547 1741 766 1804 ostenderentur
779 1744 967 1820 interpretata
978 1747 1016 1804 sit
1117 1747 1180 1806 ueri

4 1866 21 1884 a·
95 1838 296 1918 impuderati,
318 1846 348 1901 et
363 1839 486 1902 audaces
508 1838 718 1918 oiimuumur,
739 1844 789 1919 qui
810 1855 890 1904 nune
907 1842 1010 1904 volunt
1030 1843 1113 1904 aliter
1133 1845 1180 1916 ine

10 1937 23 1980 i
96 1941 317 2015 terpretationes
339 1939 451 2015 fucere,
475 1938 591 2016 quando
613 1944 643 1998 et
660 1955 697 2000 ex
714 1942 784 2016 ipsis
804 1939 961 2018 Scripturis
981 1947 1179 2017 arguantura

96 2036 205 2114 nobis,
231 2042 260 2099 et
281 2040 313 2096 ln
332 2037 420 2098 lldcm
440 2036 582 2098 aduentus
603 2038 670 2098 Filii
684 2037 735 2098 Dei
753 2037 964 2100 concludantur
1063 2039 1178 2100 Etenim

1 2162 6 2181 ι
22 2135 26 2156 ¹
94 2132 230 2210 Apostoll
246 2149 338 2212 quum
355 2133 472 2196 sintbis
483 2133 820 2211 omnibusvctustioros,
843 2135 1179 2212 consonantpraedictae
1210 2187 1214 2207 ,

1 2271 7 2280 v·
96 2235 346 2312 interpretationi,
367 2239 396 2296 et
413 2235 611 2310 interpretatio
630 2239 772 2294 consonat
787 2233 993 2311 Apostolorum
1007 2233 1177 2310 traditioni,

1 2320 13 2379 κ’
96 2329 202 2390 Petrus
223 2331 301 2392 anim
318 2335 347 2392 et
362 2331 508 2408 loannes,
523 2335 552 2392 et
565 2330 742 2408 Matthaeus,
758 2347 793 2392 ae
806 2329 927 2408 Paulus,
942 2333 1085 2408 ceterique
1099 2331 1178 2392 deln-

6 2435 24 2474 i·-'
95 2445 164 2506 caps
182 2429 338 2492 ethorum
360 2435 538 2507 sectatores,
566 2429 734 2508 pmpbetica
753 2433 852 2491 omnia
873 2433 915 2490 ita
931 2431 1180 2492 annuntiaverunt

9 2539 12 2546 ⁴
94 2526 341 2604 quemadmodum
363 2529 512 2588 seniorum
533 2529 731 2603 interpretatio
750 2529 916 2588 continet.»
942 2527 1027 2588 Hanc
1044 2525 1176 2588 Clemens

9 2623 25 2696 {³
94 2624 350 2688 dexandrinusea
363 2641 455 2701 usus,
475 2625 685 2702 comprobavit.
708 2625 904 2687 Tertullianus
925 2625 1047 2686 latinam
1067 2626 1178 2686 versio·
1198 2632 1212 2638 “

0 2735 23 2777 t
93 2739 183 2800 nem,
204 2739 293 2800 quam
311 2741 380 2801 pree
389 2724 523 2786 manibus
541 2723 678 2802 habebat,
696 2723 736 2788 ed
757 2723 834 2786 bano
851 2739 984 2800 graecam
1000 2726 1176 2801 reportavit,

6 2832 26 2880 r·
94 2827 126 2882 et
141 2822 228 2882 istius
246 2823 445 2884 amtorimtem
463 2823 581 2898 recepit.
602 2820 683 2884 Idem
700 2821 853 2900 Origines,
875 2819 1031 2896 Eusebius,
1052 2817 1177 2896 liparas

3 2943 17 2974 s
94 2933 162 2980 mus
183 2933 287 2996 syrus,
318 2926 348 2982 et
366 2921 547 2996 potissimum
564 2919 761 2997 Augustinus,
783 2918 996 2978 Alexandrinos
1016 2916 1177 2978 Bibliorurn

1 3021 25 3080 ,t
92 3017 209 3078 codices
231 3020 352 3080 maximi
375 3019 523 3095 amount,
544 3023 574 3078 ct
593 3021 624 3078 in
642 3020 843 3080 auctoritatem
863 3017 923 3078 isra
939 3017 1071 3078 diuinam
1089 3023 1173 3078 extu·

1 3129 24 3176 ῑΔ
94 3117 214 3194 lerum,
234 3133 359 3194 quoram
378 3117 467 3178 verba
489 3117 538 3178 lric
559 3119 667 3194 scripto
686 3117 825 3178 mandare
844 3116 955 3176 desino.

1 3243 11 3268 r
135 3215 164 3290 s.
187 3214 226 3274 Π.
245 3214 353 3276 matra
367 3231 437 3276 vero
455 3215 542 3292 hujus
558 3216 700 3276 versionis
719 3213 924 3274 alexandrinae
942 3213 1142 3272 auctoritatam
1160 3251 1170 3286 ,

93 3318 125 3372 et
143 3327 252 3389 mum,
272 3328 359 3389 quem
379 3313 409 3374 ln
429 3313 557 3374 Ecclesia
576 3313 737 3374 christiana
762 3311 888 3372 obtinuit
904 3326 971 3370 cum
989 3309 1125 3370 omnibus
1141 3308 1175 3369 li·

1 3429 21 3496 r:
94 3411 158 3472 bris
180 3413 232 3488 qul
250 3414 282 3470 in
299 3413 362 3488 ipsa
379 3410 567 3488 legebantur,
595 3411 790 3488 nequidquam
809 3410 881 3470 illud
901 3408 994 3470 allicit
1011 3423 1085 3483 opus
1109 3425 1176 3472 ena-

1 3547 27 3561 1.
93 3509 178 3584 plere
207 3508 361 3586 Origenis,
386 3515 415 3568 et
440 3525 517 3570 noua
545 3508 649 3570 deinde
673 3527 710 3570 ex
734 3509 877 3570 hebraicis
902 3506 1049 3566 codicibus
1076 3507 1172 3566 versio

0 3636 27 3661 -·
93 3609 288 3686 Hieronymi,
309 3610 341 3668 in
362 3606 468 3684 quibus
487 3606 700 3682 quodammodo
722 3604 959 3666 discernebantur
980 3601 1172 3664 Deutero-Ca·

1 3729 24 3763 ,a
93 3705 219 3766 nonicae
231 3703 398 3780 Scripturae
415 3703 711 3768 seron-canonicis.
733 3706 812 3766 llaec
827 3719 896 3764 vero
911 3703 949 3764 ab
963 3702 1064 3762 alienis
1078 3703 1174 3762 causis

8 3850 21 3870 1.
92 3803 251 3880 repetenda
266 3812 352 3881 sunt,
374 3803 479 3881 quibus
493 3801 638 3864 Ecclesiae
654 3803 809 3882 discipline
825 3809 895 3862 tunc
910 3803 1048 3878 temporis
1065 3804 1175 3862 instare

1 3931 15 3968 a
93 3901 216 3979 debuit3
238 3909 266 3962 et
283 3905 465 3979 potissimum
481 3921 548 3964 cum
566 3919 666 3962 sacrae
685 3900 866 3977 Scripturae,
883 3900 1033 3976 inquibus
1050 3899 1175 3962 solidata

6 4021 20 4066 a
96 4009 162 4064 erat
179 4002 338 4064 christiana
348 4003 490 4078 doctrina,
500 4017 621 4062 numam
637 4001 888 4073 imminuerentur,
902 3998 948 4058 vel
961 4012 1061 4057 earam
1074 4011 1176 4056 sensus

84 4102 179 4176 juxta
202 4099 392 4178 Septuaginta
412 4107 567 4178 negaretur
585 4099 622 4158 ab
648 4098 754 4158 eisdem
775 4096 927 4170 hebraeis3
948 4095 1071 4170 indeque
1092 4108 1175 4168 urge·

91 4197 147 4258 bat
167 4201 257 4260 timor
277 4217 316 4260 ne
328 4200 428 4260 ildelcs
441 4215 556 4277 quoque
580 4215 617 4257 ex
631 4197 686 4256 hoc
700 4195 826 4270 cilensi,
845 4194 1010 4254 doctoribus
1030 4190 1175 4250 Ecclesiae

89 4301 221 4376 spretis,
243 4300 280 4360 ab
302 4299 462 4377 Evangelio
485 4298 648 4359 delicerent.
674 4296 728 4356 llis
747 4295 783 4356 de
802 4297 898 4356 causis
919 4299 1035 4368 patres,
1062 4295 1175 4366 praeter
