3022 5178
554 362 735 415 -iao-

104 473 206 552 dimo,
234 479 347 552 partem
375 471 571 533 affirmamn
590 472 701 547 secuti,
719 486 773 548 pro
794 483 855 546 qua
873 467 1017 528 Cervinus
1034 467 1192 528 cardinalis

104 577 135 632 in
152 573 294 650 peculim
308 567 410 648 prins,
424 570 529 632 deinde
548 572 581 628 in
603 568 731 646 generali
755 573 839 628 coetu
865 565 1016 626 disseruit:
1037 565 1191 643 «Aliquot,

1 719 3 744 ÷
103 671 203 750 ajebat
221 671 272 732 ille
284 713 294 749 ,
308 686 459 732 morarum
480 671 644 730 litterarum
658 668 770 742 libros,
789 681 849 724 non
866 665 904 724 ab
923 665 1076 724 haereticis
1095 664 1192 723 solum

103 770 157 830 scd
175 769 214 830 ab
234 770 334 847 aliquo
342 769 559 830 catholicorum
574 770 606 827 in
623 767 747 828 dubium
760 767 881 840 vocari3
897 766 1109 838 incompertum
1127 763 1192 842 qui-

103 869 172 928 dem
190 885 272 945 esse,
288 868 438 928 undenam
451 883 487 928 ca
504 867 647 927 dubitatio
664 871 768 924 exorta
784 864 890 939 luerit,
906 862 957 922 sed
974 860 1131 920 verishnsse
1148 862 1193 919 vl·

103 968 168 1026 deri
184 966 267 1027 illam
287 967 461 1026 exhaustam
479 982 543 1026 esse
559 982 597 1025 ex
610 964 763 1050 merebam
786 963 914 1037 cloacis,
933 960 1035 1018 sedulo
1052 958 1194 1017 studenti·

103 1063 161 1126 hus
181 1071 324 1141 mnquam
343 1064 418 1125 faho
443 1065 617 1124 calumniari
635 1063 766 1140 legitima
786 1061 968 1135 testimonia,
992 1055 1099 1135 qulbus
1115 1055 1195 1114 ialsi·

0 1205 3 1220 .
103 1170 196 1223 tatem
211 1179 296 1222 suam
315 1163 453 1241 redargui
470 1165 610 1224 sentiunt.
631 1161 678 1221 Ad
695 1161 803 1220 diserte
823 1155 1041 1234 comprobanda
1057 1171 1092 1214 ea
1113 1153 1195 1212 volu·

1 1299 3 1334 ξ
103 1263 204 1336 mina,
218 1276 294 1336 quae
307 1261 455 1321 Canonica
471 1265 638 1336 censerent,
657 1259 779 1316 invitari
791 1260 888 1333 patres
910 1252 1043 1330 exemplo
1060 1259 1091 1312 et
1105 1268 1193 1310 cano·

103 1375 143 1418 ne
164 1363 311 1436 postremo
339 1357 546 1435 Apostolorum
566 1375 603 1418 ac
626 1357 755 1418 trullano
774 1353 914 1429 concilio,
934 1356 966 1412 in
994 1367 1053 1428 quo
1076 1351 1195 1412 illorum

8 1516 12 1531 ,
103 1458 244 1533 pleraque
260 1465 435 1534 censentur,
453 1463 484 1518 et
500 1457 652 1518 laodiceno
668 1455 770 1516 eadem
790 1455 877 1531 plane
892 1455 1141 1524 connumerante,
1159 1463 1195 1508 ac

0 1597 7 1628 ,v
104 1556 192 1614 tertio
211 1555 444 1633 carthaginensi,
464 1556 544 1633 quod
563 1555 654 1616 libros
674 1553 796 1628 Judith,
820 1549 929 1610 Tobiae
955 1554 985 1607 et
1009 1548 1195 1624 apocalypsis

1 1681 2 1686 ¹
105 1653 184 1712 iuter
200 1651 317 1713 divinos
337 1657 480 1731 agnoscit.
506 1655 693 1714 Consimllem
713 1656 802 1714 etiam
825 1647 973 1726 syllabam
992 1646 1083 1706 inisse
1100 1644 1197 1704 conie-

2 1791 13 1830 ,
107 1753 190 1808 ctum
203 1765 223 1808 a
235 1747 281 1810 Ss.
304 1750 466 1812 Athanasio
486 1759 516 1812 ct
542 1753 682 1830 Gregorio
701 1757 895 1832 harimano,
914 1771 936 1818 a
954 1760 1059 1830 quarta
1081 1750 1196 1830 synodo

107 1846 249 1925 toletane,
263 1847 302 1908 ab
314 1849 484 1910 Innocentio
501 1867 538 1910 ac
555 1850 672 1911 Gelasio
687 1856 816 1914 romanis
840 1847 1045 1929 pontificibus,
1064 1861 1099 1910 ac
1113 1849 1196 1908 deni·

8 2013 9 2018 1
107 1961 167 2022 que
184 1946 308 2005 concilio
324 1945 490 2006 florentino.
509 1973 522 1999 s
551 1948 614 2008 Hoc
632 1952 665 2008 in
688 1949 752 2010 loco
775 1951 931 2011 historicus
952 1951 1051 2009 omnia
1072 1947 1197 2006 concilia

107 2042 197 2103 simul
217 2050 335 2120 sumpta
355 2048 486 2122 censuit,
499 2062 575 2122 quiae
592 2047 629 2106 de
645 2046 763 2107 cmone
780 2048 949 2107 divinorum
962 2046 1124 2106 bibliorum
1144 2044 1195 2103 de·
1314 2084 1318 2090 ,

4 2211 9 2225 Ι
107 2148 282 2219 creverant,
303 2145 375 2220 quin
393 2145 455 2204 ulla
473 2147 550 2204 inter
569 2161 604 2204 ea
621 2144 789 2205 differentia
800 2151 962 2204 notaretur.
981 2144 1106 2218 Quando
1125 2159 1197 2202 vero

109 2247 211 2302 actum
228 2242 285 2303 luit
298 2245 331 2302 in
347 2244 462 2322 synodo
478 2244 515 2303 de
535 2247 686 2321 exarnlrre,
705 2261 764 2322 quo
779 2245 997 2320 comprobanda
1012 2250 1096 2302 erant
1113 2257 1198 2303 sacra

110 2340 281 2417 volumina,
291 2342 386 2402 valde
403 2343 584 2419 disputatum
599 2343 656 2402 luit
673 2345 748 2402 inter
765 2349 881 2419 patres,
904 2341 975 2402 dum
992 2342 1113 2418 quidam
1131 2355 1198 2400 scn-

1 2485 15 2532 3
110 2438 225 2498 debant
237 2439 319 2499 nrdla
333 2442 445 2500 ratione
458 2442 566 2501 essede
579 2457 614 2500 ea
633 2458 665 2501 re
680 2441 926 2517 contendendum,
940 2457 1008 2500 oum
1018 2443 1083 2517 jam
1095 2455 1198 2514 praea-

111 2539 168 2596 ob’s
185 2537 316 2596 conciliis
329 2537 494 2614 Scripturae
513 2545 547 2598 ut
564 2539 706 2598 divinitus
719 2542 877 2615 inspiratae
888 2543 1014 2599 statutae
1026 2542 1134 2612 essent,
1148 2537 1200 2596 alii

0 2694 16 2714 ἵ,
112 2651 185 2694 vero
204 2642 326 2709 cophe,
352 2651 413 2694 rem
426 2635 645 2712 ponderandam
663 2653 726 2696 esse
740 2637 926 2712 asserebant,
942 2636 1053 2712 utplus
1067 2637 1199 2712 magisve

9 2801 11 2804 ⁸
112 2731 338 2792 confirmaretur
358 2733 427 2793 ildei
444 2733 567 2810 dogma,
583 2734 661 2810 quod
678 2737 709 2794 in
724 2737 838 2811 privato
856 2749 994 2794 consessu
1013 2750 1112 2793 eoram
1132 2733 1201 2792 Cer-

5 2885 15 2928 3
112 2831 201 2905 dno,
215 2829 247 2888 id
263 2837 464 2908 promovente,
474 2832 647 2906 praevaluit.
669 2832 820 2910 Arguebat
836 2836 915 2892 enirn
927 2833 990 2908 ipse
1003 2831 1200 2891 adhibendum

113 2943 179 2986 csse
200 2943 341 3003 examen,
361 2943 422 2988 non
439 2928 536 2988 solum
553 2946 613 3005 quo
632 2933 740 2990 veritas
758 2933 964 3006 comperiatur,
977 2930 1028 2989 scd
1039 2946 1099 3006 quo
1112 2930 1201 2988 etiam

113 3023 314 3085 ocnfimnetur.
334 3026 445 3086 Debere
463 3033 561 3111 patres
579 3044 639 3087 non
656 3045 688 3087 se
703 3031 782 3104 ipsos
795 3027 999 3088 tantummodo
1016 3027 1094 3087 alere
1111 3026 1202 3085 cocle·

8 3167 14 3201 ,
116 3124 171 3182 stis
189 3125 349 3199 sapientiae
368 3124 499 3201 pabulo,
517 3125 568 3184 sed
593 3141 655 3184 esse
672 3133 823 3202 pastores,
845 3127 917 3201 quin
937 3131 966 3183 et
983 3129 1133 3199 pastomm
1149 3139 1201 3198 pa·

1 3205 14 3224 ”
114 3226 229 3298 stores,
248 3223 369 3296 proinde
385 3225 432 3284 sui
449 3239 513 3283 esse
526 3226 656 3282 muneris
670 3223 736 3282 illos
753 3222 873 3282 idoneos
894 3221 1033 3298 reddere,
1053 3220 1202 3280 exhortari

0 3401 2 3414 γ
116 3321 150 3376 in
163 3319 299 3380 doctrina
311 3337 401 3397 sana,
416 3338 522 3397 eosque
535 3324 586 3398 qui
599 3321 802 3381 monadicum
812 3335 945 3397 arguere,
961 3320 1126 3396 injunctum
1140 3335 1204 3378 esse

116 3415 276 3477 Catholicis
297 3434 315 3477 a
333 3425 479 3494 postrem
496 3420 672 3478 lateranensi
692 3419 833 3493 concilio,
850 3425 884 3476 ut
902 3424 1075 3494 argumenta
1097 3424 1204 3478 cuncta

8 3509 13 3597 J
117 3514 284 3574 dissolvant
301 3516 415 3593 objecta
433 3516 502 3576 ildei
518 3523 635 3576 nostrae
653 3518 812 3595 mysteriis,
837 3533 904 3576 oum
921 3516 1008 3592 plane
1027 3530 1145 3574 necesse
1165 3517 1205 3574 sit

119 3628 239 3672 onmem
260 3613 428 3690 hujusmodi
450 3617 748 3691 argumentationem,
767 3617 874 3691 quippe
892 3615 1010 3673 veritati
1028 3615 1202 3690 oppositam,

119 3711 270 3786 quoddam
290 3728 353 3772 esse
377 3712 543 3788 sophisma,
568 3713 690 3789 ideoque
711 3712 890 3772 dissolubile.
910 3711 1049 3772 Docuisse
1070 3717 1205 3770 sanctum

6 3877 10 3890 ¹
120 3809 278 3869 Thornam:
290 3810 563 3885 -Quemadmodum
580 3811 709 3888 theologi
720 3828 781 3871 non
793 3817 838 3871 est
853 3809 1028 3870 christianae
1043 3809 1111 3869 fidei
1125 3813 1204 3886 prin·

121 3909 200 3982 cipia
218 3908 422 3984 comprobare;
437 3912 479 3968 ita
495 3911 586 3984 ipsias
599 3926 662 3970 esse
678 3913 770 3985 partis
783 3909 885 3969 eedem
900 3909 1041 3968 adversus
1054 3923 1205 3984 oppugua-

2 4078 7 4086 ι
122 4011 202 4064 tores
218 4007 365 4066 trieri-Id
378 4014 474 4068 summ
490 4024 508 4074 a
524 4023 640 4066 summo
654 4008 706 4066 illo
718 4008 837 4067 docum
849 4007 1010 4083 perfectum
1023 4022 1111 4066 aurea
1124 4006 1207 4067 Sum·

124 4119 175 4162 ma
197 4111 300 4164 contra
325 4113 435 4183 gentes
464 4107 576 4166 Pariter
595 4107 652 4164 boc
672 4105 811 4181 probetur
831 4105 971 4180 exemplis
993 4111 1109 4180 patrum
1131 4107 1206 4163 anti-

124 4217 250 4277 quorum
272 4206 303 4262 in
322 4207 395 4280 suis,
418 4221 453 4264 ac
471 4206 571 4265 multis
590 4199 865 4281 disceptationibus,
887 4217 960 4281 quas
973 4219 1040 4262 cum
1056 4202 1208 4261 haereticis

126 4299 303 4362 habuerunt.
320 4327 332 4352 o
