<?xml version="1.0" encoding="UTF-8"?>
<!DOCTYPE html PUBLIC "-//W3C//DTD XHTML 1.0 Transitional//EN"
    "http://www.w3.org/TR/xhtml1/DTD/xhtml1-transitional.dtd">
<html xmlns="http://www.w3.org/1999/xhtml" xml:lang="en" lang="en">
 <head>
  <title>
</title>
<meta http-equiv="Content-Type" content="text/html;charset=utf-8" />
  <meta name='ocr-system' content='tesseract 3.04.00' />
  <meta name='ocr-capabilities' content='ocr_page ocr_carea ocr_par ocr_line ocrx_word'/>
</head>
<body>
  <div class='ocr_page' id='page_1' title='image "./sessioquartacon00vincgoog_0217.png"; bbox 0 0 3022 5178; ppageno 0'>
   <div class='ocr_carea' id='block_1_1' title="bbox 367 351 1433 4361">
    <p class='ocr_par' dir='ltr' id='par_1_1' title="bbox 367 351 1430 934">
     <span class='ocr_line' id='line_1_1' title="bbox 824 351 1000 408; baseline 0.011 -2"><span class='ocrx_word' id='word_1_1' title='bbox 824 379 863 390; x_wconf 86' lang='lat'>-</span> <span class='ocrx_word' id='word_1_2' title='bbox 883 351 937 408; x_wconf 81' lang='grc'>161</span> <span class='ocrx_word' id='word_1_3' title='bbox 960 377 1000 390; x_wconf 85' lang='grc'>-</span> 
     </span>
     <span class='ocr_line' id='line_1_2' title="bbox 370 445 1426 547; baseline -0.002 -19"><span class='ocrx_word' id='word_1_4' title='bbox 370 457 480 528; x_wconf 85' lang='lat' dir='ltr'>luerint</span> <span class='ocrx_word' id='word_1_5' title='bbox 491 507 500 547; x_wconf 94' lang='lat'>,</span> <span class='ocrx_word' id='word_1_6' title='bbox 510 475 577 526; x_wconf 81' lang='lat' dir='ltr'>cum</span> <span class='ocrx_word' id='word_1_7' title='bbox 591 465 623 524; x_wconf 92' lang='lat' dir='ltr'>hi</span> <span class='ocrx_word' id='word_1_8' title='bbox 640 465 699 524; x_wconf 93' lang='lat' dir='ltr'>duo</span> <span class='ocrx_word' id='word_1_9' title='bbox 710 463 777 523; x_wconf 83' lang='lat' dir='ltr'><strong>libri</strong></span> <span class='ocrx_word' id='word_1_10' title='bbox 791 464 865 524; x_wconf 87' lang='lat' dir='ltr'>duas</span> <span class='ocrx_word' id='word_1_11' title='bbox 878 471 994 524; x_wconf 89' lang='lat' dir='ltr'>tantum</span> <span class='ocrx_word' id='word_1_12' title='bbox 1006 462 1152 538; x_wconf 73' lang='lat' dir='ltr'><strong>simplices</strong></span> <span class='ocrx_word' id='word_1_13' title='bbox 1165 445 1298 526; x_wconf 83' lang='lat' dir='ltr'>hbtortas</span> <span class='ocrx_word' id='word_1_14' title='bbox 1314 473 1426 545; x_wconf 86' lang='lat' dir='ltr'>narrent,</span> 
     </span>
     <span class='ocr_line' id='line_1_3' title="bbox 370 561 1427 639; baseline 0 -15"><span class='ocrx_word' id='word_1_15' title='bbox 370 572 400 624; x_wconf 85' lang='lat' dir='ltr'>et</span> <span class='ocrx_word' id='word_1_16' title='bbox 423 565 482 624; x_wconf 88' lang='lat' dir='ltr'><strong>iliis</strong></span> <span class='ocrx_word' id='word_1_17' title='bbox 500 564 600 623; x_wconf 90' lang='lat' dir='ltr'>multis</span> <span class='ocrx_word' id='word_1_18' title='bbox 620 563 745 638; x_wconf 86' lang='lat' dir='ltr'><strong>similes,</strong></span> <span class='ocrx_word' id='word_1_19' title='bbox 764 575 839 638; x_wconf 82' lang='lat' dir='ltr'>quae</span> <span class='ocrx_word' id='word_1_20' title='bbox 857 564 890 619; x_wconf 93' lang='lat' dir='ltr'>in</span> <span class='ocrx_word' id='word_1_21' title='bbox 906 564 1009 621; x_wconf 86' lang='lat' dir='ltr'>ceteris</span> <span class='ocrx_word' id='word_1_22' title='bbox 1029 561 1125 620; x_wconf 87' lang='lat' dir='ltr'>forent</span> <span class='ocrx_word' id='word_1_23' title='bbox 1137 561 1339 639; x_wconf 81' lang='lat' dir='ltr'>inveniendae,</span> <span class='ocrx_word' id='word_1_24' title='bbox 1350 581 1427 639; x_wconf 89' lang='lat' dir='ltr'>quan·</span> 
     </span>
     <span class='ocr_line' id='line_1_4' title="bbox 367 658 1430 738; baseline -0.002 -16"><span class='ocrx_word' id='word_1_25' title='bbox 367 661 407 722; x_wconf 93' lang='lat' dir='ltr'>do</span> <span class='ocrx_word' id='word_1_26' title='bbox 423 663 531 738; x_wconf 87' lang='lat' dir='ltr'>pariter</span> <span class='ocrx_word' id='word_1_27' title='bbox 549 661 586 720; x_wconf 90' lang='lat' dir='ltr'>de</span> <span class='ocrx_word' id='word_1_28' title='bbox 603 661 776 738; x_wconf 84' lang='lat' dir='ltr'><strong>prodigiosis</strong></span> <span class='ocrx_word' id='word_1_29' title='bbox 797 658 971 735; x_wconf 89' lang='lat' dir='ltr'>quibusdam</span> <span class='ocrx_word' id='word_1_30' title='bbox 986 661 1109 734; x_wconf 91' lang='lat' dir='ltr'>quaein</span> <span class='ocrx_word' id='word_1_31' title='bbox 1127 658 1281 733; x_wconf 88' lang='lat' dir='ltr'>praedictis</span> <span class='ocrx_word' id='word_1_32' title='bbox 1298 659 1374 719; x_wconf 89' lang='lat' dir='ltr'>libris</span> <span class='ocrx_word' id='word_1_33' title='bbox 1388 663 1430 720; x_wconf 72' lang='lat' dir='ltr'>Jo«</span> 
     </span>
     <span class='ocr_line' id='line_1_5' title="bbox 368 756 1429 842; baseline -0.001 -22"><span class='ocrx_word' id='word_1_34' title='bbox 368 773 454 842; x_wconf 85' lang='lat' dir='ltr'>suae,</span> <span class='ocrx_word' id='word_1_35' title='bbox 477 759 630 834; x_wconf 84' lang='lat' dir='ltr'>indicum,</span> <span class='ocrx_word' id='word_1_36' title='bbox 652 757 767 834; x_wconf 83' lang='lat' dir='ltr'>Regum</span> <span class='ocrx_word' id='word_1_37' title='bbox 785 763 961 833; x_wconf 76' lang='lat' dir='ltr'>occurant,</span> <span class='ocrx_word' id='word_1_38' title='bbox 973 773 1011 816; x_wconf 86' lang='lat' dir='ltr'>ne</span> <span class='ocrx_word' id='word_1_39' title='bbox 1028 756 1150 815; x_wconf 89' lang='lat' dir='ltr'>verbum</span> <span class='ocrx_word' id='word_1_40' title='bbox 1168 756 1286 832; x_wconf 88' lang='lat' dir='ltr'>quidem</span> <span class='ocrx_word' id='word_1_41' title='bbox 1300 758 1384 818; x_wconf 87' lang='lat' dir='ltr'>iecere</span> <span class='ocrx_word' id='word_1_42' title='bbox 1394 777 1429 819; x_wconf 83' lang='lat' dir='ltr'>ee</span> 
     </span>
     <span class='ocr_line' id='line_1_6' title="bbox 370 859 1305 934; baseline -0.009 -17"><span class='ocrx_word' id='word_1_43' title='bbox 370 859 523 920; x_wconf 87' lang='lat' dir='ltr'>cieslastici</span> <span class='ocrx_word' id='word_1_44' title='bbox 541 859 706 934; x_wconf 80' lang='lat' dir='ltr'><strong>scriptores.</strong></span> <span class='ocrx_word' id='word_1_45' title='bbox 1302 899 1305 909; x_wconf 95' lang='lat'><em>.</em></span> 
     </span>
    </p>

    <p class='ocr_par' dir='ltr' id='par_1_2' title="bbox 367 955 1431 1993">
     <span class='ocr_line' id='line_1_7' title="bbox 408 955 1429 1035; baseline -0.003 -17"><span class='ocrx_word' id='word_1_46' title='bbox 408 960 436 1035; x_wconf 76' lang='grc'>5.</span> <span class='ocrx_word' id='word_1_47' title='bbox 452 959 546 1018; x_wconf 86' lang='lat' dir='ltr'>XVII.</span> <span class='ocrx_word' id='word_1_48' title='bbox 563 957 708 1032; x_wconf 83' lang='lat' dir='ltr'>Secundo,</span> <span class='ocrx_word' id='word_1_49' title='bbox 718 957 883 1032; x_wconf 76' lang='lat' dir='ltr'><strong>praemissis</strong></span> <span class='ocrx_word' id='word_1_50' title='bbox 897 956 1030 1013; x_wconf 91' lang='lat' dir='ltr'>omnium</span> <span class='ocrx_word' id='word_1_51' title='bbox 1044 955 1229 1014; x_wconf 87' lang='lat' dir='ltr'>eeclesiarum</span> <span class='ocrx_word' id='word_1_52' title='bbox 1247 962 1358 1030; x_wconf 89' lang='lat' dir='ltr'>patrum</span> <span class='ocrx_word' id='word_1_53' title='bbox 1381 961 1429 1015; x_wconf 91' lang='lat' dir='ltr'>sin·</span> 
     </span>
     <span class='ocr_line' id='line_1_8' title="bbox 368 1051 1429 1134; baseline -0.003 -19"><span class='ocrx_word' id='word_1_54' title='bbox 368 1056 445 1134; x_wconf 88' lang='lat' dir='ltr'>gulis</span> <span class='ocrx_word' id='word_1_55' title='bbox 472 1057 641 1130; x_wconf 84' lang='lat' dir='ltr'>sententiis,</span> <span class='ocrx_word' id='word_1_56' title='bbox 666 1067 742 1130; x_wconf 86' lang='lat' dir='ltr'>quae</span> <span class='ocrx_word' id='word_1_57' title='bbox 767 1053 863 1112; x_wconf 81' lang='lat' dir='ltr'>Btbiie</span> <span class='ocrx_word' id='word_1_58' title='bbox 888 1051 1174 1112; x_wconf 59' lang='lat' dir='ltr'>Deuterodanonica</span> <span class='ocrx_word' id='word_1_59' title='bbox 1199 1055 1305 1112; x_wconf 90' lang='lat' dir='ltr'>veteris</span> <span class='ocrx_word' id='word_1_60' title='bbox 1322 1053 1429 1113; x_wconf 82' lang='lat' dir='ltr'>foederis</span> 
     </span>
     <span class='ocr_line' id='line_1_9' title="bbox 367 1149 1429 1230; baseline -0.002 -17"><span class='ocrx_word' id='word_1_61' title='bbox 367 1153 575 1230; x_wconf 76' lang='lat' dir='ltr'>respiciebant,</span> <span class='ocrx_word' id='word_1_62' title='bbox 592 1153 637 1211; x_wconf 88' lang='lat' dir='ltr'>ias</span> <span class='ocrx_word' id='word_1_63' title='bbox 651 1155 706 1211; x_wconf 86' lang='lat' dir='ltr'>erit</span> <span class='ocrx_word' id='word_1_64' title='bbox 719 1151 825 1228; x_wconf 92' lang='lat' dir='ltr'>dicere,</span> <span class='ocrx_word' id='word_1_65' title='bbox 840 1153 931 1210; x_wconf 92' lang='lat' dir='ltr'><strong>immo</strong></span> <span class='ocrx_word' id='word_1_66' title='bbox 956 1149 1110 1210; x_wconf 82' lang='lat' dir='ltr'>audentius</span> <span class='ocrx_word' id='word_1_67' title='bbox 1127 1151 1236 1226; x_wconf 86' lang='lat' dir='ltr'>dicam,</span> <span class='ocrx_word' id='word_1_68' title='bbox 1251 1154 1379 1227; x_wconf 86' lang='lat' dir='ltr'>antiquos</span> <span class='ocrx_word' id='word_1_69' title='bbox 1390 1152 1429 1211; x_wconf 89' lang='lat' dir='ltr'>do</span> 
     </span>
     <span class='ocr_line' id='line_1_10' title="bbox 367 1237 1431 1326; baseline -0.003 -14"><span class='ocrx_word' id='word_1_70' title='bbox 367 1259 461 1312; x_wconf 83' lang='lat' dir='ltr'>atores</span> <span class='ocrx_word' id='word_1_71' title='bbox 478 1237 594 1310; x_wconf 76' lang='lat' dir='ltr'>nostras</span> <span class='ocrx_word' id='word_1_72' title='bbox 612 1250 776 1326; x_wconf 72' lang='lat' dir='ltr'>Scripturas</span> <span class='ocrx_word' id='word_1_73' title='bbox 798 1251 903 1324; x_wconf 84' lang='lat' dir='ltr'>majori</span> <span class='ocrx_word' id='word_1_74' title='bbox 922 1249 1109 1307; x_wconf 85' lang='lat' dir='ltr'>veneratione</span> <span class='ocrx_word' id='word_1_75' title='bbox 1122 1247 1273 1324; x_wconf 78' lang='lat' dir='ltr'>affecisse,</span> <span class='ocrx_word' id='word_1_76' title='bbox 1293 1263 1376 1324; x_wconf 81' lang='lat' dir='ltr'>quan</span> <span class='ocrx_word' id='word_1_77' title='bbox 1385 1251 1431 1309; x_wconf 81' lang='lat' dir='ltr'>ile</span> 
     </span>
     <span class='ocr_line' id='line_1_11' title="bbox 367 1345 1430 1425; baseline -0.006 -15"><span class='ocrx_word' id='word_1_78' title='bbox 367 1351 521 1425; x_wconf 82' lang='lat' dir='ltr'>acutiores,</span> <span class='ocrx_word' id='word_1_79' title='bbox 535 1350 585 1424; x_wconf 85' lang='lat' dir='ltr'><strong>qui</strong></span> <span class='ocrx_word' id='word_1_80' title='bbox 600 1348 670 1406; x_wconf 92' lang='lat' dir='ltr'>dum</span> <span class='ocrx_word' id='word_1_81' title='bbox 682 1353 814 1405; x_wconf 82' lang='lat' dir='ltr'>veterum</span> <span class='ocrx_word' id='word_1_82' title='bbox 828 1353 944 1421; x_wconf 87' lang='lat' dir='ltr'>patrum</span> <span class='ocrx_word' id='word_1_83' title='bbox 961 1345 1144 1404; x_wconf 88' lang='lat' dir='ltr'><strong>solummodo</strong></span> <span class='ocrx_word' id='word_1_84' title='bbox 1160 1345 1342 1420; x_wconf 86' lang='lat' dir='ltr'>(posthabite</span> <span class='ocrx_word' id='word_1_85' title='bbox 1362 1347 1430 1406; x_wconf 83' lang='lat' dir='ltr'>Chri·</span> 
     </span>
     <span class='ocr_line' id='line_1_12' title="bbox 368 1443 1430 1521; baseline -0.002 -14"><span class='ocrx_word' id='word_1_86' title='bbox 368 1449 407 1507; x_wconf 91' lang='lat' dir='ltr'>sti</span> <span class='ocrx_word' id='word_1_87' title='bbox 420 1446 565 1506; x_wconf 81' lang='lat' dir='ltr'>Ecclesiae</span> <span class='ocrx_word' id='word_1_88' title='bbox 592 1447 714 1504; x_wconf 86' lang='lat' dir='ltr'>recentis</span> <span class='ocrx_word' id='word_1_89' title='bbox 736 1443 884 1519; x_wconf 84' lang='lat' dir='ltr'>doctrina,</span> <span class='ocrx_word' id='word_1_90' title='bbox 906 1459 981 1521; x_wconf 87' lang='lat' dir='ltr'>quae</span> <span class='ocrx_word' id='word_1_91' title='bbox 1002 1457 1063 1502; x_wconf 91' lang='lat' dir='ltr'>una</span> <span class='ocrx_word' id='word_1_92' title='bbox 1088 1449 1117 1502; x_wconf 89' lang='lat' dir='ltr'>et</span> <span class='ocrx_word' id='word_1_93' title='bbox 1138 1443 1240 1503; x_wconf 90' lang='lat' dir='ltr'>eedem</span> <span class='ocrx_word' id='word_1_94' title='bbox 1267 1451 1310 1504; x_wconf 90' lang='lat' dir='ltr'>est</span> <span class='ocrx_word' id='word_1_95' title='bbox 1331 1451 1430 1520; x_wconf 85' lang='lat' dir='ltr'>patrum</span> 
     </span>
     <span class='ocr_line' id='line_1_13' title="bbox 368 1541 1429 1618; baseline 0 -16"><span class='ocrx_word' id='word_1_96' title='bbox 368 1551 501 1604; x_wconf 86' lang='lat' dir='ltr'>veterum</span> <span class='ocrx_word' id='word_1_97' title='bbox 526 1550 556 1603; x_wconf 90' lang='lat' dir='ltr'>et</span> <span class='ocrx_word' id='word_1_98' title='bbox 578 1541 804 1618; x_wconf 80' lang='lat' dir='ltr'><strong>Apostoiommi</strong></span> <span class='ocrx_word' id='word_1_99' title='bbox 830 1547 978 1600; x_wconf 89' lang='lat' dir='ltr'>sectantur</span> <span class='ocrx_word' id='word_1_100' title='bbox 1001 1543 1215 1616; x_wconf 85' lang='lat' dir='ltr'>institutiones,</span> <span class='ocrx_word' id='word_1_101' title='bbox 1244 1543 1361 1600; x_wconf 88' lang='lat' dir='ltr'>minime</span> <span class='ocrx_word' id='word_1_102' title='bbox 1377 1559 1429 1602; x_wconf 88' lang='lat' dir='ltr'>sen·</span> 
     </span>
     <span class='ocr_line' id='line_1_14' title="bbox 369 1639 1431 1714; baseline -0.003 -13"><span class='ocrx_word' id='word_1_103' title='bbox 369 1643 447 1701; x_wconf 82' lang='lat' dir='ltr'>tium</span> <span class='ocrx_word' id='word_1_104' title='bbox 470 1657 502 1700; x_wconf 87' lang='lat' dir='ltr'>se</span> <span class='ocrx_word' id='word_1_105' title='bbox 523 1640 561 1700; x_wconf 89' lang='lat' dir='ltr'>ab</span> <span class='ocrx_word' id='word_1_106' title='bbox 583 1641 700 1699; x_wconf 93' lang='lat' dir='ltr'><strong>iliorum</strong></span> <span class='ocrx_word' id='word_1_107' title='bbox 724 1640 857 1698; x_wconf 90' lang='lat' dir='ltr'>doctrina</span> <span class='ocrx_word' id='word_1_108' title='bbox 879 1639 1039 1698; x_wconf 89' lang='lat' dir='ltr'>aberrasse.</span> <span class='ocrx_word' id='word_1_109' title='bbox 1065 1639 1173 1697; x_wconf 90' lang='lat' dir='ltr'>Parum</span> <span class='ocrx_word' id='word_1_110' title='bbox 1193 1645 1286 1714; x_wconf 90' lang='lat' dir='ltr'>esset,</span> <span class='ocrx_word' id='word_1_111' title='bbox 1302 1640 1431 1698; x_wconf 86' lang='lat' dir='ltr'>iiioshaoc</span> 
     </span>
     <span class='ocr_line' id='line_1_15' title="bbox 369 1735 1429 1812; baseline -0.003 -13"><span class='ocrx_word' id='word_1_112' title='bbox 369 1739 463 1798; x_wconf 88' lang='lat' dir='ltr'><strong>Bibiia</strong></span> <span class='ocrx_word' id='word_1_113' title='bbox 478 1741 576 1798; x_wconf 92' lang='lat' dir='ltr'>minus</span> <span class='ocrx_word' id='word_1_114' title='bbox 591 1744 744 1796; x_wconf 86' lang='lat' dir='ltr'>veneratos</span> <span class='ocrx_word' id='word_1_115' title='bbox 758 1753 838 1811; x_wconf 83' lang='lat' dir='ltr'>esse;</span> <span class='ocrx_word' id='word_1_116' title='bbox 852 1735 921 1795; x_wconf 91' lang='lat' dir='ltr'>huic</span> <span class='ocrx_word' id='word_1_117' title='bbox 936 1736 1021 1811; x_wconf 88' lang='lat' dir='ltr'>adde,</span> <span class='ocrx_word' id='word_1_118' title='bbox 1037 1736 1205 1812; x_wconf 83' lang='lat' dir='ltr'>repmbusse</span> <span class='ocrx_word' id='word_1_119' title='bbox 1214 1753 1249 1796; x_wconf 92' lang='lat' dir='ltr'>ac</span> <span class='ocrx_word' id='word_1_120' title='bbox 1265 1739 1376 1812; x_wconf 84' lang='lat' dir='ltr'>insuper</span> <span class='ocrx_word' id='word_1_121' title='bbox 1387 1755 1429 1796; x_wconf 91' lang='lat' dir='ltr'>nu·</span> 
     </span>
     <span class='ocr_line' id='line_1_16' title="bbox 369 1834 1429 1911; baseline -0.004 -15"><span class='ocrx_word' id='word_1_122' title='bbox 369 1853 450 1896; x_wconf 91' lang='lat' dir='ltr'>mero</span> <span class='ocrx_word' id='word_1_123' title='bbox 467 1835 609 1895; x_wconf 90' lang='lat' dir='ltr'>librorum</span> <span class='ocrx_word' id='word_1_124' title='bbox 627 1835 765 1909; x_wconf 91' lang='lat' dir='ltr'>iliorum,</span> <span class='ocrx_word' id='word_1_125' title='bbox 793 1836 843 1911; x_wconf 88' lang='lat' dir='ltr'><strong>qui</strong></span> <span class='ocrx_word' id='word_1_126' title='bbox 860 1835 1051 1893; x_wconf 88' lang='lat' dir='ltr'>commentitii</span> <span class='ocrx_word' id='word_1_127' title='bbox 1070 1840 1100 1894; x_wconf 92' lang='lat' dir='ltr'>et</span> <span class='ocrx_word' id='word_1_128' title='bbox 1118 1834 1201 1892; x_wconf 89' lang='lat' dir='ltr'>nothi</span> <span class='ocrx_word' id='word_1_129' title='bbox 1224 1840 1377 1910; x_wconf 89' lang='lat' dir='ltr'>vocantur,</span> <span class='ocrx_word' id='word_1_130' title='bbox 1395 1837 1429 1892; x_wconf 92' lang='lat' dir='ltr'><strong>in·</strong></span> 
     </span>
     <span class='ocr_line' id='line_1_17' title="bbox 370 1935 506 1993; baseline -0.007 0"><span class='ocrx_word' id='word_1_131' title='bbox 370 1935 506 1993; x_wconf 74' lang='lat' dir='ltr'>semhse.</span> 
     </span>
    </p>

    <p class='ocr_par' dir='ltr' id='par_1_3' title="bbox 368 2029 1433 4361">
     <span class='ocr_line' id='line_1_18' title="bbox 410 2029 1430 2108; baseline -0.002 -18"><span class='ocrx_word' id='word_1_132' title='bbox 410 2029 450 2090; x_wconf 89' lang='lat' dir='ltr'>Ut</span> <span class='ocrx_word' id='word_1_133' title='bbox 473 2037 571 2090; x_wconf 84' lang='lat' dir='ltr'>autam</span> <span class='ocrx_word' id='word_1_134' title='bbox 595 2030 633 2088; x_wconf 86' lang='lat' dir='ltr'>de</span> <span class='ocrx_word' id='word_1_135' title='bbox 651 2029 707 2089; x_wconf 91' lang='lat' dir='ltr'>hac</span> <span class='ocrx_word' id='word_1_136' title='bbox 724 2045 755 2088; x_wconf 92' lang='lat' dir='ltr'>re</span> <span class='ocrx_word' id='word_1_137' title='bbox 771 2033 901 2106; x_wconf 91' lang='lat' dir='ltr'><strong>ipsorum</strong></span> <span class='ocrx_word' id='word_1_138' title='bbox 920 2046 1002 2090; x_wconf 90' lang='lat' dir='ltr'>error</span> <span class='ocrx_word' id='word_1_139' title='bbox 1023 2031 1107 2090; x_wconf 89' lang='lat' dir='ltr'>nobis</span> <span class='ocrx_word' id='word_1_140' title='bbox 1131 2030 1266 2106; x_wconf 86' lang='lat' dir='ltr'>patefiat,</span> <span class='ocrx_word' id='word_1_141' title='bbox 1289 2029 1430 2108; x_wconf 86' lang='lat' dir='ltr'>disquiren-</span> 
     </span>
     <span class='ocr_line' id='line_1_19' title="bbox 368 2128 1430 2205; baseline 0.002 -19"><span class='ocrx_word' id='word_1_142' title='bbox 368 2129 489 2187; x_wconf 88' lang='lat' dir='ltr'>desunt</span> <span class='ocrx_word' id='word_1_143' title='bbox 510 2134 626 2204; x_wconf 90' lang='lat' dir='ltr'>patrum</span> <span class='ocrx_word' id='word_1_144' title='bbox 648 2129 747 2204; x_wconf 90' lang='lat' dir='ltr'>dicta,</span> <span class='ocrx_word' id='word_1_145' title='bbox 771 2128 818 2186; x_wconf 90' lang='lat' dir='ltr'>vci</span> <span class='ocrx_word' id='word_1_146' title='bbox 841 2130 981 2203; x_wconf 91' lang='lat' dir='ltr'>nomina,</span> <span class='ocrx_word' id='word_1_147' title='bbox 1005 2129 1111 2204; x_wconf 89' lang='lat' dir='ltr'>quibus</span> <span class='ocrx_word' id='word_1_148' title='bbox 1126 2129 1290 2205; x_wconf 80' lang='lat' dir='ltr'>Scripturas</span> <span class='ocrx_word' id='word_1_149' title='bbox 1305 2131 1357 2189; x_wconf 89' lang='lat' dir='ltr'>has</span> <span class='ocrx_word' id='word_1_150' title='bbox 1371 2129 1430 2188; x_wconf 88' lang='lat' dir='ltr'>Deu-</span> 
     </span>
     <span class='ocr_line' id='line_1_20' title="bbox 368 2227 1430 2304; baseline 0.001 -20"><span class='ocrx_word' id='word_1_151' title='bbox 368 2233 446 2285; x_wconf 85' lang='lat' dir='ltr'>teras</span> <span class='ocrx_word' id='word_1_152' title='bbox 466 2228 719 2304; x_wconf 82' lang='lat' dir='ltr'>cognominarunt.</span> <span class='ocrx_word' id='word_1_153' title='bbox 741 2227 776 2283; x_wconf 92' lang='lat' dir='ltr'>In</span> <span class='ocrx_word' id='word_1_154' title='bbox 798 2227 899 2301; x_wconf 90' lang='lat' dir='ltr'><strong>primis</strong></span> <span class='ocrx_word' id='word_1_155' title='bbox 913 2227 1063 2286; x_wconf 87' lang='lat' dir='ltr'>sciendum</span> <span class='ocrx_word' id='word_1_156' title='bbox 1080 2233 1124 2286; x_wconf 88' lang='lat' dir='ltr'>est</span> <span class='ocrx_word' id='word_1_157' title='bbox 1145 2230 1251 2303; x_wconf 90' lang='lat' dir='ltr'><strong>prioris</strong></span> <span class='ocrx_word' id='word_1_158' title='bbox 1269 2230 1332 2288; x_wconf 89' lang='lat' dir='ltr'>aevi</span> <span class='ocrx_word' id='word_1_159' title='bbox 1352 2233 1430 2304; x_wconf 84' lang='lat' dir='ltr'>putres</span> 
     </span>
     <span class='ocr_line' id='line_1_21' title="bbox 369 2324 1428 2401; baseline -0.002 -18"><span class='ocrx_word' id='word_1_160' title='bbox 369 2325 534 2400; x_wconf 88' lang='lat' dir='ltr'>Scripturas</span> <span class='ocrx_word' id='word_1_161' title='bbox 545 2327 686 2401; x_wconf 90' lang='lat' dir='ltr'>genuinas</span> <span class='ocrx_word' id='word_1_162' title='bbox 701 2324 738 2383; x_wconf 89' lang='lat' dir='ltr'>ab</span> <span class='ocrx_word' id='word_1_163' title='bbox 752 2325 829 2400; x_wconf 87' lang='lat' dir='ltr'>aiiis,</span> <span class='ocrx_word' id='word_1_164' title='bbox 844 2341 919 2401; x_wconf 88' lang='lat' dir='ltr'>quae</span> <span class='ocrx_word' id='word_1_165' title='bbox 932 2327 1047 2401; x_wconf 91' lang='lat' dir='ltr'>spuriae</span> <span class='ocrx_word' id='word_1_166' title='bbox 1060 2325 1268 2401; x_wconf 82' lang='lat' dir='ltr'>credebantur,</span> <span class='ocrx_word' id='word_1_167' title='bbox 1284 2327 1428 2384; x_wconf 85' lang='lat' dir='ltr'>secrevisse.</span> 
     </span>
     <span class='ocr_line' id='line_1_22' title="bbox 372 2421 1430 2498; baseline -0.003 -17"><span class='ocrx_word' id='word_1_168' title='bbox 372 2421 482 2481; x_wconf 86' lang='lat' dir='ltr'>Eadem</span> <span class='ocrx_word' id='word_1_169' title='bbox 497 2425 576 2480; x_wconf 90' lang='lat' dir='ltr'>enim</span> <span class='ocrx_word' id='word_1_170' title='bbox 599 2428 693 2481; x_wconf 88' lang='lat' dir='ltr'>aetate</span> <span class='ocrx_word' id='word_1_171' title='bbox 711 2424 805 2481; x_wconf 86' lang='lat' dir='ltr'><strong>cuivis</strong></span> <span class='ocrx_word' id='word_1_172' title='bbox 822 2438 881 2480; x_wconf 92' lang='lat' dir='ltr'>non</span> <span class='ocrx_word' id='word_1_173' title='bbox 898 2423 987 2498; x_wconf 86' lang='lat' dir='ltr'>latet,</span> <span class='ocrx_word' id='word_1_174' title='bbox 1008 2425 1116 2498; x_wconf 89' lang='lat' dir='ltr'>scripta</span> <span class='ocrx_word' id='word_1_175' title='bbox 1133 2423 1226 2483; x_wconf 86' lang='lat' dir='ltr'>muita</span> <span class='ocrx_word' id='word_1_176' title='bbox 1246 2427 1277 2482; x_wconf 93' lang='lat' dir='ltr'>in</span> <span class='ocrx_word' id='word_1_177' title='bbox 1293 2439 1389 2482; x_wconf 88' lang='lat' dir='ltr'>manus</span> <span class='ocrx_word' id='word_1_178' title='bbox 1405 2421 1430 2478; x_wconf 92' lang='lat' dir='ltr'>l-</span> 
     </span>
     <span class='ocr_line' id='line_1_23' title="bbox 374 2519 1432 2597; baseline -0.001 -19"><span class='ocrx_word' id='word_1_179' title='bbox 374 2521 484 2580; x_wconf 89' lang='lat' dir='ltr'>deiium</span> <span class='ocrx_word' id='word_1_180' title='bbox 496 2520 666 2595; x_wconf 89' lang='lat' dir='ltr'>devenisse,</span> <span class='ocrx_word' id='word_1_181' title='bbox 682 2520 729 2578; x_wconf 86' lang='lat' dir='ltr'>vei</span> <span class='ocrx_word' id='word_1_182' title='bbox 744 2520 847 2579; x_wconf 89' lang='lat' dir='ltr'>callide</span> <span class='ocrx_word' id='word_1_183' title='bbox 861 2523 892 2577; x_wconf 93' lang='lat' dir='ltr'>in</span> <span class='ocrx_word' id='word_1_184' title='bbox 904 2519 1012 2579; x_wconf 82' lang='lat' dir='ltr'>Gluisti</span> <span class='ocrx_word' id='word_1_185' title='bbox 1020 2521 1179 2580; x_wconf 84' lang='lat' dir='ltr'>Ecclesiam</span> <span class='ocrx_word' id='word_1_186' title='bbox 1191 2521 1362 2597; x_wconf 89' lang='lat' dir='ltr'>subrepisse,</span> <span class='ocrx_word' id='word_1_187' title='bbox 1374 2535 1432 2596; x_wconf 85' lang='lat' dir='ltr'>quae</span> 
     </span>
     <span class='ocr_line' id='line_1_24' title="bbox 370 2617 1431 2695; baseline -0.001 -19"><span class='ocrx_word' id='word_1_188' title='bbox 370 2617 456 2676; x_wconf 91' lang='lat' dir='ltr'>titulo</span> <span class='ocrx_word' id='word_1_189' title='bbox 473 2618 591 2676; x_wconf 89' lang='lat' dir='ltr'>divinae</span> <span class='ocrx_word' id='word_1_190' title='bbox 610 2619 810 2692; x_wconf 78' lang='lat' dir='ltr'><strong>inspirationis</strong></span> <span class='ocrx_word' id='word_1_191' title='bbox 830 2618 905 2677; x_wconf 85' lang='lat' dir='ltr'>falso</span> <span class='ocrx_word' id='word_1_192' title='bbox 929 2625 1051 2693; x_wconf 82' lang='lat' dir='ltr'>ornata,</span> <span class='ocrx_word' id='word_1_193' title='bbox 1069 2617 1274 2695; x_wconf 68' lang='lat' dir='ltr'>(judoeorum,</span> <span class='ocrx_word' id='word_1_194' title='bbox 1296 2619 1431 2677; x_wconf 77' lang='lat' dir='ltr'>harmuto</span> 
     </span>
     <span class='ocr_line' id='line_1_25' title="bbox 370 2714 1432 2792; baseline 0 -20"><span class='ocrx_word' id='word_1_195' title='bbox 370 2728 437 2772; x_wconf 90' lang='lat' dir='ltr'>rum</span> <span class='ocrx_word' id='word_1_196' title='bbox 452 2720 482 2772; x_wconf 90' lang='lat' dir='ltr'>et</span> <span class='ocrx_word' id='word_1_197' title='bbox 495 2717 650 2790; x_wconf 91' lang='lat' dir='ltr'><strong>impiorum</strong></span> <span class='ocrx_word' id='word_1_198' title='bbox 670 2714 761 2790; x_wconf 79' lang='lat' dir='ltr'>opus)</span> <span class='ocrx_word' id='word_1_199' title='bbox 777 2715 978 2791; x_wconf 84' lang='lat' dir='ltr'>Redemptoris</span> <span class='ocrx_word' id='word_1_200' title='bbox 992 2731 1109 2792; x_wconf 86' lang='lat' dir='ltr'>gregem</span> <span class='ocrx_word' id='word_1_201' title='bbox 1126 2723 1280 2791; x_wconf 88' lang='lat' dir='ltr'>sanctum,</span> <span class='ocrx_word' id='word_1_202' title='bbox 1302 2731 1397 2792; x_wconf 89' lang='lat' dir='ltr'><strong>pumm</strong></span> <span class='ocrx_word' id='word_1_203' title='bbox 1410 2719 1432 2772; x_wconf 91' lang='lat' dir='ltr'>et</span> 
     </span>
     <span class='ocr_line' id='line_1_26' title="bbox 369 2811 1431 2890; baseline -0.002 -20"><span class='ocrx_word' id='word_1_204' title='bbox 369 2824 462 2870; x_wconf 87' lang='lat' dir='ltr'>unum</span> <span class='ocrx_word' id='word_1_205' title='bbox 481 2813 565 2870; x_wconf 88' lang='lat' dir='ltr'>avia</span> <span class='ocrx_word' id='word_1_206' title='bbox 580 2814 712 2870; x_wconf 89' lang='lat' dir='ltr'>veritatis</span> <span class='ocrx_word' id='word_1_207' title='bbox 729 2815 760 2870; x_wconf 91' lang='lat' dir='ltr'>in</span> <span class='ocrx_word' id='word_1_208' title='bbox 783 2816 881 2872; x_wconf 86' lang='lat' dir='ltr'>varias</span> <span class='ocrx_word' id='word_1_209' title='bbox 896 2821 994 2890; x_wconf 89' lang='lat' dir='ltr'>partes</span> <span class='ocrx_word' id='word_1_210' title='bbox 1011 2814 1175 2889; x_wconf 82' lang='lat' dir='ltr'>deduxera3</span> <span class='ocrx_word' id='word_1_211' title='bbox 1190 2822 1220 2873; x_wconf 93' lang='lat' dir='ltr'>et</span> <span class='ocrx_word' id='word_1_212' title='bbox 1234 2831 1295 2874; x_wconf 91' lang='lat' dir='ltr'>non</span> <span class='ocrx_word' id='word_1_213' title='bbox 1314 2814 1398 2872; x_wconf 92' lang='lat' dir='ltr'>solum</span> <span class='ocrx_word' id='word_1_214' title='bbox 1409 2811 1431 2868; x_wconf 92' lang='lat' dir='ltr'>hi</span> 
     </span>
     <span class='ocr_line' id='line_1_27' title="bbox 369 2908 1432 2988; baseline 0.004 -22"><span class='ocrx_word' id='word_1_215' title='bbox 369 2925 478 2967; x_wconf 89' lang='lat' dir='ltr'>novem</span> <span class='ocrx_word' id='word_1_216' title='bbox 493 2908 656 2967; x_wconf 85' lang='lat' dir='ltr'>doctrinam</span> <span class='ocrx_word' id='word_1_217' title='bbox 674 2911 890 2986; x_wconf 85' lang='lat' dir='ltr'>praedicarunt,</span> <span class='ocrx_word' id='word_1_218' title='bbox 910 2927 1014 2971; x_wconf 89' lang='lat' dir='ltr'>verum</span> <span class='ocrx_word' id='word_1_219' title='bbox 1032 2915 1120 2970; x_wconf 91' lang='lat' dir='ltr'>etiam</span> <span class='ocrx_word' id='word_1_220' title='bbox 1138 2912 1303 2988; x_wconf 84' lang='lat' dir='ltr'>Scripturas</span> <span class='ocrx_word' id='word_1_221' title='bbox 1320 2912 1432 2984; x_wconf 83' lang='lat' dir='ltr'>deturpa-</span> 
     </span>
     <span class='ocr_line' id='line_1_28' title="bbox 369 3006 1431 3086; baseline -0.002 -20"><span class='ocrx_word' id='word_1_222' title='bbox 369 3006 442 3066; x_wconf 91' lang='lat' dir='ltr'>bant</span> <span class='ocrx_word' id='word_1_223' title='bbox 468 3010 621 3082; x_wconf 75' lang='lat' dir='ltr'>sinceras,</span> <span class='ocrx_word' id='word_1_224' title='bbox 642 3009 689 3066; x_wconf 91' lang='lat' dir='ltr'>vei</span> <span class='ocrx_word' id='word_1_225' title='bbox 716 3025 809 3067; x_wconf 88' lang='lat' dir='ltr'>noves</span> <span class='ocrx_word' id='word_1_226' title='bbox 831 3012 916 3068; x_wconf 90' lang='lat' dir='ltr'>novis</span> <span class='ocrx_word' id='word_1_227' title='bbox 942 3011 1108 3070; x_wconf 89' lang='lat' dir='ltr'>nominibus</span> <span class='ocrx_word' id='word_1_228' title='bbox 1132 3011 1279 3086; x_wconf 87' lang='lat' dir='ltr'>praeditas</span> <span class='ocrx_word' id='word_1_229' title='bbox 1307 3009 1431 3084; x_wconf 82' lang='lat' dir='ltr'>excogita·</span> 
     </span>
     <span class='ocr_line' id='line_1_29' title="bbox 370 3095 1432 3183; baseline -0.002 -19"><span class='ocrx_word' id='word_1_230' title='bbox 370 3112 450 3164; x_wconf 90' lang='lat' dir='ltr'>runt.</span> <span class='ocrx_word' id='word_1_231' title='bbox 467 3106 530 3165; x_wconf 88' lang='lat' dir='ltr'><strong>iioc</strong></span> <span class='ocrx_word' id='word_1_232' title='bbox 544 3107 575 3163; x_wconf 90' lang='lat' dir='ltr'>in</span> <span class='ocrx_word' id='word_1_233' title='bbox 590 3095 728 3181; x_wconf 80' lang='lat' dir='ltr'>negotio,</span> <span class='ocrx_word' id='word_1_234' title='bbox 744 3107 888 3166; x_wconf 78' lang='lat' dir='ltr'>Ecclesiae</span> <span class='ocrx_word' id='word_1_235' title='bbox 907 3108 1038 3182; x_wconf 91' lang='lat' dir='ltr'>patribus</span> <span class='ocrx_word' id='word_1_236' title='bbox 1056 3124 1126 3166; x_wconf 89' lang='lat' dir='ltr'>cura</span> <span class='ocrx_word' id='word_1_237' title='bbox 1147 3115 1176 3166; x_wconf 92' lang='lat' dir='ltr'>et</span> <span class='ocrx_word' id='word_1_238' title='bbox 1192 3107 1345 3183; x_wconf 88' lang='lat' dir='ltr'>prudentia</span> <span class='ocrx_word' id='word_1_239' title='bbox 1358 3105 1432 3164; x_wconf 84' lang='lat' dir='ltr'>muita</span> 
     </span>
     <span class='ocr_line' id='line_1_30' title="bbox 369 3203 1432 3280; baseline -0.003 -17"><span class='ocrx_word' id='word_1_240' title='bbox 369 3219 443 3280; x_wconf 89' lang='lat' dir='ltr'><strong>opus</strong></span> <span class='ocrx_word' id='word_1_241' title='bbox 462 3207 525 3262; x_wconf 87' lang='lat' dir='ltr'>erat</span> <span class='ocrx_word' id='word_1_242' title='bbox 542 3205 703 3278; x_wconf 87' lang='lat' dir='ltr'>inscriptis</span> <span class='ocrx_word' id='word_1_243' title='bbox 717 3207 794 3261; x_wconf 85' lang='lat' dir='ltr'>veris</span> <span class='ocrx_word' id='word_1_244' title='bbox 811 3219 830 3262; x_wconf 97' lang='lat' dir='ltr'>a</span> <span class='ocrx_word' id='word_1_245' title='bbox 849 3204 1144 3279; x_wconf 85' lang='lat' dir='ltr'>faisis‘secemendis,</span> <span class='ocrx_word' id='word_1_246' title='bbox 1162 3221 1237 3280; x_wconf 89' lang='lat' dir='ltr'>quae</span> <span class='ocrx_word' id='word_1_247' title='bbox 1253 3205 1292 3264; x_wconf 87' lang='lat' dir='ltr'>ab</span> <span class='ocrx_word' id='word_1_248' title='bbox 1306 3203 1432 3280; x_wconf 83' lang='lat' dir='ltr'><strong>Apostoiis</strong></span> 
     </span>
     <span class='ocr_line' id='line_1_31' title="bbox 370 3299 1433 3378; baseline -0.004 -18"><span class='ocrx_word' id='word_1_249' title='bbox 370 3300 505 3362; x_wconf 84' lang='lat' dir='ltr'>fidelibus</span> <span class='ocrx_word' id='word_1_250' title='bbox 525 3299 634 3359; x_wconf 87' lang='lat' dir='ltr'>tradita</span> <span class='ocrx_word' id='word_1_251' title='bbox 651 3307 744 3360; x_wconf 89' lang='lat' dir='ltr'>erant.</span> <span class='ocrx_word' id='word_1_252' title='bbox 767 3300 906 3378; x_wconf 83' lang='lat' dir='ltr'>Origenes</span> <span class='ocrx_word' id='word_1_253' title='bbox 929 3304 991 3377; x_wconf 89' lang='lat' dir='ltr'>ipse</span> <span class='ocrx_word' id='word_1_254' title='bbox 1014 3303 1097 3360; x_wconf 84' lang='lat' dir='ltr'>docet</span> <span class='ocrx_word' id='word_1_255' title='bbox 1123 3302 1217 3360; x_wconf 92' lang='lat' dir='ltr'>Bibiia</span> <span class='ocrx_word' id='word_1_256' title='bbox 1240 3303 1391 3376; x_wconf 91' lang='lat' dir='ltr'>nonnulla,</span> <span class='ocrx_word' id='word_1_257' title='bbox 1409 3305 1433 3357; x_wconf 85' lang='lat' dir='ltr'>ut</span> 
     </span>
     <span class='ocr_line' id='line_1_32' title="bbox 370 3396 1431 3475; baseline -0.003 -17"><span class='ocrx_word' id='word_1_258' title='bbox 370 3399 472 3458; x_wconf 79' lang='lat' dir='ltr'><strong>divim</strong></span> <span class='ocrx_word' id='word_1_259' title='bbox 486 3403 604 3474; x_wconf 84' lang='lat' dir='ltr'>accepta</span> <span class='ocrx_word' id='word_1_260' title='bbox 624 3400 800 3474; x_wconf 83' lang='lat' dir='ltr'>antiquitus,</span> <span class='ocrx_word' id='word_1_261' title='bbox 820 3399 935 3458; x_wconf 77' lang='lat' dir='ltr'>omnmo</span> <span class='ocrx_word' id='word_1_262' title='bbox 948 3399 1016 3457; x_wconf 89' lang='lat' dir='ltr'>inde</span> <span class='ocrx_word' id='word_1_263' title='bbox 1032 3396 1178 3458; x_wconf 87' lang='lat' dir='ltr'>haeretico</span> <span class='ocrx_word' id='word_1_264' title='bbox 1197 3405 1333 3475; x_wconf 87' lang='lat' dir='ltr'>corrupta</span> <span class='ocrx_word' id='word_1_265' title='bbox 1349 3398 1431 3470; x_wconf 87' lang='lat' dir='ltr'>luisse,</span> 
     </span>
     <span class='ocr_line' id='line_1_33' title="bbox 370 3495 1432 3577; baseline -0.004 -21"><span class='ocrx_word' id='word_1_266' title='bbox 370 3498 486 3576; x_wconf 87' lang='lat' dir='ltr'>aliaque</span> <span class='ocrx_word' id='word_1_267' title='bbox 502 3501 610 3575; x_wconf 88' lang='lat' dir='ltr'>pariter</span> <span class='ocrx_word' id='word_1_268' title='bbox 629 3501 718 3577; x_wconf 89' lang='lat' dir='ltr'>impia</span> <span class='ocrx_word' id='word_1_269' title='bbox 733 3515 823 3557; x_wconf 90' lang='lat' dir='ltr'>manu</span> <span class='ocrx_word' id='word_1_270' title='bbox 843 3505 983 3573; x_wconf 85' lang='lat' dir='ltr'>exarata,</span> <span class='ocrx_word' id='word_1_271' title='bbox 1005 3503 1038 3557; x_wconf 88' lang='lat' dir='ltr'>ut</span> <span class='ocrx_word' id='word_1_272' title='bbox 1063 3513 1164 3556; x_wconf 88' lang='lat' dir='ltr'>eorum</span> <span class='ocrx_word' id='word_1_273' title='bbox 1189 3498 1339 3556; x_wconf 89' lang='lat' dir='ltr'>authentia</span> <span class='ocrx_word' id='word_1_274' title='bbox 1360 3495 1432 3571; x_wconf 79' lang='lat' dir='ltr'>uulgo</span> 
     </span>
     <span class='ocr_line' id='line_1_34' title="bbox 371 3595 1432 3676; baseline -0.006 -20"><span class='ocrx_word' id='word_1_275' title='bbox 371 3600 592 3676; x_wconf 86' lang='lat' dir='ltr'>aestimaretur,</span> <span class='ocrx_word' id='word_1_276' title='bbox 613 3601 735 3675; x_wconf 85' lang='lat' dir='ltr'>aiicujus</span> <span class='ocrx_word' id='word_1_277' title='bbox 750 3597 929 3673; x_wconf 86' lang='lat' dir='ltr'>Prophetae,</span> <span class='ocrx_word' id='word_1_278' title='bbox 953 3597 1000 3654; x_wconf 90' lang='lat' dir='ltr'>vel</span> <span class='ocrx_word' id='word_1_279' title='bbox 1022 3596 1153 3672; x_wconf 79' lang='lat' dir='ltr'>Apostoli</span> <span class='ocrx_word' id='word_1_280' title='bbox 1176 3598 1294 3654; x_wconf 88' lang='lat' dir='ltr'>nomine</span> <span class='ocrx_word' id='word_1_281' title='bbox 1315 3595 1432 3668; x_wconf 88' lang='lat' dir='ltr'>inscripta</span> 
     </span>
     <span class='ocr_line' id='line_1_35' title="bbox 372 3691 1432 3771; baseline -0.008 -17"><span class='ocrx_word' id='word_1_282' title='bbox 372 3702 453 3771; x_wconf 74' lang='lat' dir='ltr'>sunt,</span> <span class='ocrx_word' id='word_1_283' title='bbox 466 3713 541 3771; x_wconf 90' lang='lat' dir='ltr'>quae</span> <span class='ocrx_word' id='word_1_284' title='bbox 551 3701 650 3758; x_wconf 89' lang='lat' dir='ltr'>omnia</span> <span class='ocrx_word' id='word_1_285' title='bbox 664 3697 823 3756; x_wconf 87' lang='lat' dir='ltr'>salvatoris</span> <span class='ocrx_word' id='word_1_286' title='bbox 835 3697 1007 3754; x_wconf 87' lang='lat' dir='ltr'>vaticinium</span> <span class='ocrx_word' id='word_1_287' title='bbox 1018 3694 1201 3769; x_wconf 86' lang='lat' dir='ltr'>complebant</span> <span class='ocrx_word' id='word_1_288' title='bbox 1211 3694 1343 3753; x_wconf 90' lang='lat' dir='ltr'>dicentis:</span> <span class='ocrx_word' id='word_1_289' title='bbox 1360 3691 1432 3749; x_wconf 71' lang='lat' dir='ltr'>«Sur-</span> 
     </span>
     <span class='ocr_line' id='line_1_36' title="bbox 372 3790 1432 3870; baseline -0.007 -16"><span class='ocrx_word' id='word_1_290' title='bbox 372 3800 442 3870; x_wconf 85' lang='lat' dir='ltr'>gent</span> <span class='ocrx_word' id='word_1_291' title='bbox 459 3796 688 3870; x_wconf 85' lang='lat' dir='ltr'>pseudo-Christi</span> <span class='ocrx_word' id='word_1_292' title='bbox 709 3802 738 3854; x_wconf 90' lang='lat' dir='ltr'>et</span> <span class='ocrx_word' id='word_1_293' title='bbox 764 3793 1058 3869; x_wconf 87' lang='lat' dir='ltr'>pseudo-Prophetae.</span> <span class='ocrx_word' id='word_1_294' title='bbox 1079 3793 1187 3852; x_wconf 66' lang='grc'><strong>1111111</strong></span> <span class='ocrx_word' id='word_1_295' title='bbox 1215 3795 1257 3852; x_wconf 87' lang='lat' dir='ltr'>rai</span> <span class='ocrx_word' id='word_1_296' title='bbox 1277 3790 1432 3867; x_wconf 86' lang='lat' dir='ltr'>prospiciens</span> 
     </span>
     <span class='ocr_line' id='line_1_37' title="bbox 372 3887 1432 3969; baseline -0.008 -20"><span class='ocrx_word' id='word_1_297' title='bbox 372 3889 512 3968; x_wconf 87' lang='lat' dir='ltr'>Origenes</span> <span class='ocrx_word' id='word_1_298' title='bbox 529 3896 602 3969; x_wconf 86' lang='lat' dir='ltr'>ipse,</span> <span class='ocrx_word' id='word_1_299' title='bbox 612 3897 644 3951; x_wconf 92' lang='lat' dir='ltr'>in</span> <span class='ocrx_word' id='word_1_300' title='bbox 655 3897 738 3968; x_wconf 89' lang='lat' dir='ltr'>cujus</span> <span class='ocrx_word' id='word_1_301' title='bbox 756 3907 861 3950; x_wconf 91' lang='lat' dir='ltr'>manus</span> <span class='ocrx_word' id='word_1_302' title='bbox 875 3890 1055 3966; x_wconf 90' lang='lat' dir='ltr'>hujusmodi,</span> <span class='ocrx_word' id='word_1_303' title='bbox 1069 3896 1098 3949; x_wconf 89' lang='lat' dir='ltr'>et</span> <span class='ocrx_word' id='word_1_304' title='bbox 1115 3892 1190 3948; x_wconf 89' lang='lat' dir='ltr'>varii</span> <span class='ocrx_word' id='word_1_305' title='bbox 1199 3892 1311 3968; x_wconf 89' lang='lat' dir='ltr'>generis</span> <span class='ocrx_word' id='word_1_306' title='bbox 1325 3887 1432 3959; x_wconf 87' lang='lat' dir='ltr'>Scriptu-</span> 
     </span>
     <span class='ocr_line' id='line_1_38' title="bbox 373 3984 1431 4067; baseline -0.012 -18"><span class='ocrx_word' id='word_1_307' title='bbox 373 4006 423 4050; x_wconf 90' lang='lat' dir='ltr'>ree</span> <span class='ocrx_word' id='word_1_308' title='bbox 436 3991 627 4067; x_wconf 87' lang='lat' dir='ltr'>devenerunt,</span> <span class='ocrx_word' id='word_1_309' title='bbox 642 3991 736 4049; x_wconf 90' lang='lat' dir='ltr'>Bibiia</span> <span class='ocrx_word' id='word_1_310' title='bbox 749 4005 833 4049; x_wconf 87' lang='lat' dir='ltr'>sacra</span> <span class='ocrx_word' id='word_1_311' title='bbox 846 3989 981 4047; x_wconf 85' lang='lat' dir='ltr'>distinxit</span> <span class='ocrx_word' id='word_1_312' title='bbox 994 3989 1025 4046; x_wconf 93' lang='lat' dir='ltr'>in</span> <span class='ocrx_word' id='word_1_313' title='bbox 1039 3989 1180 4064; x_wconf 89' lang='lat' dir='ltr'>genuina,</span> <span class='ocrx_word' id='word_1_314' title='bbox 1195 3987 1296 4062; x_wconf 88' lang='lat' dir='ltr'>notha,</span> <span class='ocrx_word' id='word_1_315' title='bbox 1310 3991 1337 4043; x_wconf 90' lang='lat' dir='ltr'>et</span> <span class='ocrx_word' id='word_1_316' title='bbox 1347 3984 1431 4041; x_wconf 76' lang='lat' dir='ltr'>mixte.</span> 
     </span>
     <span class='ocr_line' id='line_1_39' title="bbox 372 4080 1433 4166; baseline -0.013 -16"><span class='ocrx_word' id='word_1_317' title='bbox 372 4091 506 4150; x_wconf 86' lang='lat' dir='ltr'>Genuina</span> <span class='ocrx_word' id='word_1_318' title='bbox 522 4094 630 4166; x_wconf 89' lang='lat' dir='ltr'>scripta</span> <span class='ocrx_word' id='word_1_319' title='bbox 645 4091 683 4149; x_wconf 87' lang='lat' dir='ltr'>ab</span> <span class='ocrx_word' id='word_1_320' title='bbox 704 4093 767 4165; x_wconf 91' lang='lat' dir='ltr'><strong>ipso</strong></span> <span class='ocrx_word' id='word_1_321' title='bbox 781 4090 918 4148; x_wconf 89' lang='lat' dir='ltr'>dicuntur</span> <span class='ocrx_word' id='word_1_322' title='bbox 931 4089 1000 4164; x_wconf 89' lang='lat' dir='ltr'>iila,</span> <span class='ocrx_word' id='word_1_323' title='bbox 1021 4080 1147 4164; x_wconf 63' lang='grc'><strong>1111111)</strong></span> <span class='ocrx_word' id='word_1_324' title='bbox 1164 4086 1298 4145; x_wconf 90' lang='lat' dir='ltr'>omnibus</span> <span class='ocrx_word' id='word_1_325' title='bbox 1312 4083 1433 4157; x_wconf 86' lang='lat' dir='ltr'>accipiun-</span> 
     </span>
     <span class='ocr_line' id='line_1_40' title="bbox 373 4179 1432 4263; baseline -0.014 -17"><span class='ocrx_word' id='word_1_326' title='bbox 373 4193 436 4262; x_wconf 88' lang='lat' dir='ltr'>tur,</span> <span class='ocrx_word' id='word_1_327' title='bbox 462 4195 492 4247; x_wconf 91' lang='lat' dir='ltr'>et</span> <span class='ocrx_word' id='word_1_328' title='bbox 510 4194 675 4262; x_wconf 89' lang='lat' dir='ltr'>auctorem,</span> <span class='ocrx_word' id='word_1_329' title='bbox 693 4191 777 4263; x_wconf 88' lang='lat' dir='ltr'>cujus</span> <span class='ocrx_word' id='word_1_330' title='bbox 791 4186 991 4262; x_wconf 81' lang='lat' dir='ltr'>praeseferunt</span> <span class='ocrx_word' id='word_1_331' title='bbox 1003 4189 1261 4262; x_wconf 86' lang='lat' dir='ltr'>nomen,jactant.</span> <span class='ocrx_word' id='word_1_332' title='bbox 1284 4179 1366 4241; x_wconf 85' lang='lat' dir='ltr'>Nothi</span> <span class='ocrx_word' id='word_1_333' title='bbox 1378 4190 1432 4234; x_wconf 85' lang='lat' dir='ltr'>vero</span> 
     </span>
     <span class='ocr_line' id='line_1_41' title="bbox 374 4273 1431 4361; baseline -0.012 -17"><span class='ocrx_word' id='word_1_334' title='bbox 374 4291 443 4345; x_wconf 83' lang='lat' dir='ltr'>sunt</span> <span class='ocrx_word' id='word_1_335' title='bbox 467 4287 489 4343; x_wconf 90' lang='lat' dir='ltr'>ii</span> <span class='ocrx_word' id='word_1_336' title='bbox 507 4285 595 4361; x_wconf 90' lang='lat' dir='ltr'><strong>iibri,</strong></span> <span class='ocrx_word' id='word_1_337' title='bbox 614 4287 665 4361; x_wconf 87' lang='lat' dir='ltr'><strong>qui</strong></span> <span class='ocrx_word' id='word_1_338' title='bbox 690 4287 809 4344; x_wconf 91' lang='lat' dir='ltr'>omniuo</span> <span class='ocrx_word' id='word_1_339' title='bbox 830 4284 867 4342; x_wconf 87' lang='lat' dir='ltr'>ab</span> <span class='ocrx_word' id='word_1_340' title='bbox 894 4285 1029 4343; x_wconf 91' lang='lat' dir='ltr'>omnibus</span> <span class='ocrx_word' id='word_1_341' title='bbox 1058 4282 1247 4359; x_wconf 83' lang='lat' dir='ltr'>reprobantur</span> <span class='ocrx_word' id='word_1_342' title='bbox 1266 4286 1298 4339; x_wconf 91' lang='lat' dir='ltr'>ut</span> <span class='ocrx_word' id='word_1_343' title='bbox 1317 4273 1431 4344; x_wconf 75' lang='lat' dir='ltr'>mutet,</span> 
     </span>
    </p>
   </div>
   <div class='ocr_carea' id='block_1_2' title="bbox 0 0 1522 5178">
    <p class='ocr_par' dir='ltr' id='par_1_4' title="bbox 0 0 1522 5178">
     <span class='ocr_line' id='line_1_42' title="bbox 0 0 1522 5178; baseline 0 0"><span class='ocrx_word' id='word_1_344' title='bbox 0 0 1522 5178; x_wconf 95' lang='lat' dir='ltr'> </span> 
     </span>
    </p>
   </div>
  </div>
 </body>
</html>
