3086 5182
825 383 984 434 '‘32⁸¹'-

364 485 525 572 appellatur
542 491 638 570 sajet,
662 494 799 568 locusque
826 492 912 552 valde
931 491 1078 567 difficilis,
1097 494 1149 567 qui
1167 494 1268 568 utique
1286 495 1444 567 provocare

366 599 479 668 potarat
497 594 655 668 potentiam
670 590 835 650 lioloiemis
858 592 959 666 suique
981 592 1135 650 exereitus.
1158 589 1240 650 Illius
1253 591 1444 666 topographia

366 692 564 750 contormemr
583 690 668 765 plane
687 689 783 748 verbis
803 688 940 748 historiae
959 689 1072 748 iudith.
1101 688 1164 748 liae
1185 706 1255 749 uero
1276 691 1308 746 in
1328 690 1445 748 multata

365 789 502 850 rbmntm
523 789 626 865 degere
648 787 738 848 imme
757 789 986 865 quadringentae
1009 788 1138 848 familiae
1166 788 1373 848 hebraeorum.
1406 787 1446 844 Er
1533 762 1534 840 ἶ

364 900 399 948 eo
419 889 483 946 loco
503 886 589 963 longe
606 887 723 964 quidem
739 890 821 947 visus
843 887 1039 962 expendiau,
1064 893 1094 946 et
1114 889 1198 962 qnasi
1224 888 1286 946 iata
1302 888 1447 945 montium

364 984 498 1060 planitias
512 985 597 1043 oeulo
612 983 765 1060 obiicitur3
787 984 869 1042 lacus
882 983 1043 1043 Tiberiadis
1062 985 1100 1042 ab
1112 987 1295 1044 extremitato
1305 985 1348 1044 acl
1360 984 1448 1042 aliam

365 1085 518 1158 inspicitur
537 1090 566 1142 et
590 1089 692 1142 acutus
715 1083 801 1142 oculo
826 1088 939 1142 montes
966 1098 1082 1158 quoque
1111 1083 1236 1142 Gbilaad
1257 1083 1297 1142 ad
1320 1081 1446 1158 quadra·

337 1194 340 1202 ·
365 1186 447 1259 ginta
464 1183 557 1240 millia
577 1197 715 1269 passuum
736 1180 900 1256 speculatur
923 1181 975 1256 li).
991 1205 1004 1232 ι»
1025 1181 1170 1255 Superiori
1183 1197 1358 1257 aevosuper
1373 1181 1449 1240 huuc

365 1289 494 1340 montem
508 1299 561 1341 arx
575 1284 717 1340 instructa
730 1280 802 1356 fuit,
817 1295 851 1339 ae
865 1279 973 1338 ibidem
987 1279 1212 1340 christianorum
1225 1281 1377 1356 praesidia
1387 1277 1448 1338 iue-

365 1387 432 1440 rant
448 1380 599 1440 collocata.
627 1380 857 1455 circumquaque
876 1378 930 1438 hos
954 1383 1068 1438 montes
1091 1380 1288 1438 &amadati
1311 1379 1449 1438 videntur

365 1480 471 1538 milites
490 1478 657 1538 Holoiemis
676 1481 707 1536 in
728 1477 880 1536 latitudine
897 1493 986 1552 sopra
996 1477 1134 1536 Dothaim
1156 1483 1186 1536 et
1203 1492 1296 1552 usque
1318 1473 1447 1552 adun,

365 1582 396 1635 et
414 1579 445 1634 in
471 1575 651 1653 longitudine
682 1591 700 1634 a
726 1575 860 1636 Bctbuiia
883 1591 976 1651 usque
1002 1575 1040 1634 ad
1073 1573 1284 1648 Chiamouem‚
1317 1579 1354 1633 ut
1382 1574 1451 1650 legit
1534 1537 1535 1630 h

367 1691 487 1751 graecus
505 1675 660 1750 interpres.
685 1674 861 1750 Huiusmodi
880 1680 979 1732 autem
1000 1673 1143 1732 divisione
1160 1675 1306 1732 exereitus
1326 1675 1452 1732 ahenea

366 1779 525 1848 montana,
548 1789 624 1849 quae
642 1789 659 1831 a
676 1772 810 1830 Bethulia
828 1787 943 1848 quaque
962 1787 1065 1832 versus
1086 1772 1144 1830 iate
1159 1787 1192 1832 se
1214 1787 1245 1830 se
1264 1771 1450 1846 extmdunt,

366 1871 538 1945 expenditur
552 1871 645 1946 iliad,
664 1869 743 1946 quod
755 1876 821 1945 post
834 1870 951 1928 eaedem
965 1870 1131 1928 Holofernis
1145 1870 1251 1930 dicitur
1265 1872 1361 1944 capite
1376 1887 1429 1928 xv.
1441 1889 1449 1928 z

338 1973 342 1978 '
371 1966 454 2024 «Per
476 1967 538 2026 dies
556 1974 653 2026 autam
676 1969 797 2043 mgr‘nta
816 1970 868 2026 vix
890 1957 1112 2027 eollectasunt
1121 1969 1214 2043 spolia
1231 1971 1418 2045 assyriorum
1434 1985 1454 2026 a

367 2065 474 2140 populo
490 2066 590 2125 lsrael.
609 2091 622 2116 n
644 2065 717 2124 cum
737 2069 815 2124 enim
835 2067 980 2126 israelitae
999 2069 1174 2126 invasissent
1193 2074 1289 2126 eastra
1311 2067 1453 2142 hostilia,

299 2185 302 2193 ’
366 2171 450 2223 tanto
469 2170 598 2240 tempore
614 2165 656 2224 eis
679 2179 752 2239 opus
766 2170 829 2222 erat
850 2164 888 2222 ad
911 2163 1104 2240 eolligeudum
1126 2167 1226 2222 omnia
1245 2167 1330 2223 vario
1345 2181 1454 2240 genere
1535 2161 1536 2176 ¹

367 2261 459 2335 spolia
479 2262 684 2337 inimicorum,
702 2267 845 2337 quantum
865 2268 928 2320 erat
940 2264 1150 2338 intervallum,
1168 2263 1247 2337 quod
1261 2263 1452 2338 comprobas

367 2360 451 2420 derat
473 2377 508 2418 ea
533 2363 615 2435 copia
635 2361 782 2436 militam,
806 2377 930 2436 quoram
951 2368 1048 2420 eastra
1069 2364 1101 2420 in
1123 2361 1271 2420 montibus
1287 2369 1318 2421 et
1339 2365 1372 2420 in
1392 2363 1454 2438 pla-

366 2459 437 2524 nitie
459 2461 554 2533 posita
575 2459 679 2518 faciem
694 2464 788 2518 terrae
808 2465 994 2536 operuerunt.
1019 2459 1138 2518 Flavius
1164 2475 1281 2535 quoqne
1307 2459 1386 2518 libro
1407 2477 1451 2518 rr.

367 2556 403 2615 de
424 2557 504 2616 Bello
523 2558 644 2616 ludaico
664 2557 761 2616 Tabor
782 2565 920 2632 montem,
939 2560 1002 2617 sive
1015 2557 1179 2634 itabyrium
1198 2557 1385 2634 describens,
1401 2559 1453 2618 Bc·
1536 2595 1537 2640 ,

365 2655 476 2714 thaliae
495 2662 682 2731 praeruptum
701 2659 797 2715 innuit
816 2659 905 2716 situm
927 2656 1066 2731 (etiamsi
1087 2658 1172 2716 sileat
1190 2657 1247 2716 boe
1269 2659 1403 2732 nomem)
1426 2665 1455 2716 et
1536 2655 1537 2702 i

372 2754 430 2810 alia
450 2753 539 2831 dicit,
561 2771 636 2830 quae
651 2771 722 2814 sane
735 2749 961 2830 aequiparantur
973 2755 1181 2831 topographiae
1193 2755 1283 2832 hujus
1297 2770 1402 2814 sacrae
1415 2754 1456 2810 hi-
1536 2739 1537 2748 ’

367 2852 491 2910 sturiae:
517 2852 764 2929 «Vespasianus,
786 2855 849 2929 ait,
869 2856 944 2912 iuter
957 2867 1043 2917 coras
1056 2853 1215 2912 obsidionis
1238 2852 1453 2929 (garualmrsis)

371 2948 550 3009 subcisivum
563 2965 635 3024 opus
649 2949 817 3026 aggreditur
831 2950 970 3010 adversus
983 2967 1052 3026 eos,
1071 2953 1125 3026 qui
1138 2955 1268 3010 montem
1288 2948 1454 3026 itabyrium

369 3054 582 3122 occupaverant
610 3049 685 3107 inter
705 3048 847 3125 Campum
877 3049 1019 3126 Magnum
1039 3056 1069 3108 et
1088 3049 1270 3126 Scytopolim
1296 3047 1453 3122 median,

368 3148 450 3219 cujus
471 3145 594 3204 altitudo
613 3147 734 3224 triginta
759 3147 862 3206 stadiis
887 3147 1020 3224 adsurgit
1039 3147 1256 3222 septentrionali
1270 3147 1361 3205 latere
1375 3149 1455 3206 inae·

365 3261 456 3304 cessa.
478 3247 514 3304 ln
532 3249 640 3305 veniae
660 3247 793 3321 planities
816 3249 921 3322 viginti
940 3263 991 3307 sex
1011 3248 1171 3308 stadiorum
1192 3253 1273 3322 petet
1287 3251 1351 3306 tom
1367 3263 1454 3306 muro

364 3343 580 3403 circumdata.»
604 3344 790 3421 itabyrium,
811 3347 952 3421 inquam,
974 3346 1050 3404 idem
1073 3352 1119 3404 est
1141 3361 1177 3404 aa
1192 3343 1313 3403 Thabor
1326 3347 1359 3402 in
1373 3343 1453 3404 trba

365 3439 513 3518 Zabulon,
535 3459 621 3518 quem
635 3441 823 3519 Septuaginta
836 3445 1005 3518 interpretes
1025 3461 1063 3502 ex
1078 3443 1204 3502 hebraeo
1219 3449 1388 3518 verteutae,
1404 3441 1453 3502 all·

364 3541 481 3614 quaudo
500 3541 638 3601 dixerunt
657 3542 795 3616 Thabor,
815 3549 845 3600 et
858 3543 931 3600 alias
945 3541 1118 3620 itabyrium.
1133 3542 1177 3600 De
1187 3543 1243 3600 hoc
1256 3549 1358 3600 monte
1371 3557 1450 3598 men·

364 3639 473 3695 tionem
500 3637 571 3698 lacit
585 3639 741 3718 Polybius,
759 3647 902 3716 vocatque
921 3640 1097 3718 Atabyrium
1120 3647 1183 3699 tum
1201 3655 1269 3698 cum
1291 3639 1452 3698 Antlriocbi

367 3741 468 3794 contra
486 3736 686 3798 Ptdomaeum
706 3744 807 3798 narrat
826 3740 1057 3816 expeditionem,
1079 3755 1115 3798 ae
1133 3739 1227 3798 multa
1245 3738 1357 3798 ibidem
1383 3737 1454 3796 dicit

365 3833 401 3893 de
421 3835 457 3892 iis
477 3834 548 3894 loeis
569 3840 739 3914 montanis,
761 3855 836 3914 quae
856 3840 1057 3898 auctoritatem
1078 3837 1259 3896 libri-iudith
1271 3836 1433 3913 adaugent.

406 4008 440 4072 (1)
456 4011 574 4086 consulas
590 4013 757 4062 Borehardum
768 4013 792 4062 in
803 4015 955 4076 Geographia
966 4014 1126 4076 Palaestinae,
1138 4013 1182 4076 qui
1193 4013 1334 4074 illususque
1350 4011 1449 4073 peregri·

365 4092 438 4140 natus
452 4093 507 4154 est,
524 4095 548 4141 et
564 4095 645 4142 lowct
659 4092 843 4156 disquisitiones
852 4096 959 4158 syriacas
969 4109 1024 4157 pag.
1042 4099 1094 4144 ist.
1106 4097 1131 4144 et
1138 4097 1217 4143 came
1230 4094 1310 4156 Epist.
1322 4105 1378 4155 pag.
1393 4095 1445 4141 sti.

368 4173 429 4218 item
445 4171 543 4221 divinus
558 4174 643 4221 auctor
659 4174 721 4222 hane
736 4175 860 4237 scripsisse
877 4176 1004 4225 historiam
1020 4175 1117 4224 uidetur
1134 4175 1159 4222 ia
1174 4174 1227 4235 ipsa
1243 4173 1377 4234 Bethulia;
1394 4173 1445 4220 inea

364 4252 431 4300 enim
447 4255 561 4304 montana
578 4255 643 4303 circa
659 4255 725 4304 iilam
742 4257 867 4307 civilatem
882 4257 1013 4316 enunciat,
1030 4256 1102 4305 sicuti
1118 4255 1175 4304 inde
1191 4255 1270 4304 oculis
1286 4255 1340 4304 suis
1354 4252 1449 4314 objieie

366 4331 461 4382 ituatur.
