3094 5184
810 327 970 378 ...42-

351 434 471 496 uitlmus
501 433 630 510 ejusdem
654 435 824 494 auctoritate
854 447 924 494 usus
955 433 1068 494 luisset.
1106 458 1120 486 α
1136 433 1182 494 iu
1200 435 1313 512 vigitiis
1338 441 1390 502 ios

352 535 429 609 mis,
449 538 479 592 st
497 531 644 592 dormiens
662 532 783 608 soribls,
797 540 827 592 et
845 535 982 608 proponis
997 532 1071 592 mibi
1085 533 1212 610 librum,
1228 536 1273 612 qul
1290 537 1337 597 sub
1351 555 1392 600 no·

352 633 430 689 mine
446 629 553 689 Esdrse
574 636 659 706 ate,
680 636 709 692 et
726 631 869 691 similibus
888 633 947 691 tuis
969 632 1095 710 legitur,
1123 631 1178 690 ubi
1200 634 1326 708 seriptum
1342 643 1392 696 est:

352 727 445 790 ·Post
458 733 580 788 mortem
591 728 689 788 utilius
702 745 756 805 pro
767 729 832 789 allis
846 729 952 790 audeat
965 729 1115 806 deprecari
1122 747 1144 788 :-
1159 745 1245 806 quem
1254 746 1302 808 ego
1310 731 1395 794 librum

352 840 503 901 nunquam
525 825 594 902 legi.
618 826 695 900 Quid
713 829 792 887 sulm
814 841 930 888 neeesse
949 829 982 886 iu
1000 843 1106 886 manus
1123 843 1254 904 sumere,
1281 829 1398 904 quodie

352 922 441 982 olesia
461 939 520 982 non
540 925 677 1000 resipui»
699 923 737 984 Et
757 925 799 984 sio
810 923 934 984 defletis
951 923 1176 984 revelationibus
1194 923 1399 986 Peirlsrehsrurn

353 1019 480 1097 dissuti,
499 1038 573 1099 quas
590 1023 787 1100 Hieronymus
795 1023 873 1085 idem
885 1023 1079 1099 vigilantium
1091 1022 1225 1084 hortetur
1237 1027 1269 1082 ut
1279 1022 1400 1084 diseatln

351 1125 396 1180 ter
420 1120 556 1180 mulieres
578 1123 720 1182 textrinas
744 1122 914 1182 osnmndos.
942 1121 1094 1182 Praeterea
1119 1121 1208 1180 dictio
1229 1119 1314 1180 latim
1332 1119 1402 1200 hujus

355 1213 426 1274 libri
446 1231 565 1291 prorsus
587 1219 684 1278 variat
703 1234 722 1280 a
743 1219 944 1296 simplicitate,
966 1235 1025 1297 que
1037 1219 1182 1280 eminebat
1196 1220 1403 1280 vetisluhut·
1488 1206 1489 1286 l

352 1311 479 1374 bliorum
501 1317 606 1374 versio.
628 1317 701 1376 item
721 1319 753 1376 in
772 1317 862 1378 nullis
881 1321 994 1395 gressis
1020 1317 1168 1378 oodldbus
1187 1318 1290 1395 legitur
1304 1324 1405 1395 quartu

353 1410 463 1474 Esdrse
477 1413 563 1488 liber,
586 1415 686 1491 sicuti,
707 1419 740 1474 ut
751 1414 830 1474 inira
848 1415 978 1493 dioetur,
997 1417 1100 1474 tertius
1113 1413 1405 1475 Machabueorumnul·

353 1509 406 1570 libi
424 1512 580 1574 latinorum
600 1513 733 1573 ooffiourn
752 1513 885 1574 babetur.
908 1513 1038 1592 Denique
1057 1515 1094 1574 F.
1118 1514 1247 1574 loannes
1270 1513 1406 1574 lientsuius
1491 1541 1492 1544 ¹

355 1618 388 1674 in
406 1629 460 1672 sua
477 1613 571 1673 Btblia
585 1627 693 1672 excuss
701 1627 778 1671 anno
798 1619 885 1671 1547.
904 1614 965 1672 eit:
980 1611 1164 1672 «Universos
1181 1618 1303 1688 quatuor
1318 1610 1407 1670 lisdree

355 1712 444 1774 libros
472 1711 573 1770 reatori
600 1709 774 1770 nsummus
803 1725 981 1786 mquam
1002 1711 1035 1770 m
1058 1710 1242 1786 paucissimis
1271 1711 1408 1768 menum

354 1811 412 1886 ptis
430 1811 548 1868 tertium
568 1809 776 1883 invenerimus,
794 1812 932 1884 quartum
954 1821 1024 1866 vero
1041 1807 1150 1883 uulbs,
1170 1807 1258 1866 sicuti
1269 1820 1305 1864 ue
1316 1807 1408 1882 peret
1494 1807 1495 1810 ’

353 1905 491 1982 quidem,
513 1919 550 1964 ne
569 1903 666 1964 dinam
688 1905 720 1962 in
739 1903 889 1980 hobrssis3
910 1906 983 1980 quin
997 1909 1028 1964 et
1042 1904 1242 1980 Hieronymus
1254 1904 1312 1978 ipss
1327 1904 1356 1962 iu
1369 1901 1410 1962 hs
1495 1882 1496 1907 ¹

354 2018 420 2062 rum
440 2001 582 2060 librorum
601 1999 780 2076 praelatione
796 2007 916 2078 monet,
937 2017 975 2062 ne
993 2003 1060 2078 quis
1080 2001 1311 2079 spoorypborum
1330 2006 1412 2060 siuet

357 2115 401 2158 iv.
423 2099 491 2158 viuri
510 2100 631 2158 smnus
652 2097 844 2160 numus.»
1497 2073 1498 2104 ¹

394 2197 479 2256 diros
495 2203 593 2256 sutem
609 2198 728 2256 tertium
746 2195 991 2259 Msohebseorum
1012 2197 1120 2258 librum
1142 2197 1357 2276 apocryphum,
1367 2211 1412 2258 su·

351 2299 401 2372 jus
425 2295 547 2355 historia
567 2293 642 2354 duos
665 2296 776 2370 priores
796 2294 957 2355 Cenonieos
976 2302 1185 2373 praeoooupst,
1206 2298 1284 2356 inter
1296 2295 1414 2356 ffisnsr
1499 2325 1500 2328 π

355 2399 437 2452 ratur
457 2395 615 2468 saevities,
636 2407 695 2468 qua
712 2392 895 2453 Ptolemaeus
912 2393 1081 2472 Philopator
1096 2393 1237 2454 hebraeos
1253 2395 1286 2454 iu
1301 2394 1414 2470 Aegypto

356 2491 432 2550 male
456 2490 576 2567 olfecit,
595 2506 671 2568 quse
692 2506 738 2550 res
758 2491 881 2552 destruit
901 2492 1041 2569 quidquid
1059 2492 1180 2553 Flavius
1196 2493 1260 2552 suis
1276 2493 1308 2550 in
1320 2493 1417 2567 seriptis

355 2588 392 2648 de
412 2588 588 2665 ludaeorum
614 2589 754 2650 sonuum
778 2589 989 2666 nanqirittiiete
1014 2591 1047 2650 in
1068 2588 1204 2668 Aegypto
1227 2603 1248 2648 s
1270 2587 1415 2648 Ptolmiseo

355 2685 545 2762 Philadelpho
567 2686 605 2746 ad
628 2692 754 2748 eeutem
778 2703 863 2747 susm
885 2703 998 2764 usque,
1019 2689 1181 2763 posteritati
1202 2688 1344 2748 consessit
1363 2684 1417 2760 (im-

355 2785 468 2860 perium
489 2785 567 2844 enim
593 2783 684 2844 subiit
711 2784 882 2860 Philopator
905 2791 971 2861 post
992 2786 1183 2864 Evergetem,
1205 2787 1294 2861 justa
1319 2781 1418 2844 sossi

355 2880 547 2958 Chronioorr).
569 2881 721 2942 Praetores
740 2885 771 2941 in
791 2882 879 2960 hrijus
899 2883 1038 2943 historiae
1059 2885 1146 2960 gestis
1174 2882 1278 2944 sedulo
1308 2881 1419 2942 wimod·

355 2982 502 3042 vertendis
522 2981 607 3042 iseile
627 2989 749 3058 exoeptu
768 2983 841 3058 erit,
867 2982 945 3042 huno
969 2982 1078 3044 librum
1098 2998 1207 3042 nexum
1230 2999 1295 3044 esso
1316 2997 1416 3056 rerum,

355 3095 430 3156 quae
450 3081 519 3140 hius
540 3079 608 3140 inde
631 3079 668 3140 ab
690 3080 756 3140 eliis
779 3081 861 3140 libris
885 3083 977 3141 suoris
1001 3081 1101 3140 furtim
1123 3085 1259 3157 sumptae
1279 3085 1356 3140 sunt
1380 3079 1419 3138 ln·

355 3193 443 3254 super
465 3177 658 3254 Philopatoris
685 3180 820 3254 animus,
845 3180 897 3256 qul
918 3179 959 3238 ibi
986 3179 1139 3238 exhibetur
1161 3185 1266 3238 ooniru
1279 3176 1417 3248 hebraeos,

355 3277 518 3335 maximum
536 3275 688 3336 affinitatis
702 3275 812 3351 profert
826 3275 964 3337 historiae
977 3276 1098 3352 Esther,
1124 3277 1297 3352 praesertim
1309 3273 1358 3334 ubi
1370 3274 1420 3347 rgi-

330 3418 333 3422 -
355 3379 403 3434 tur
422 3373 459 3433 de
477 3376 591 3450 impio,
613 3380 642 3434 et
660 3375 826 3435 iuoousulto
845 3381 947 3444 eontra
966 3374 1083 3434 eosdem
1098 3374 1222 3451 judaeos
1241 3373 1360 3434 Assueri
1381 3367 1420 3428 de

358 3479 458 3548 orote,
488 3489 564 3549 quise
584 3474 720 3534 videntur
741 3491 778 3534 ex
796 3475 848 3535 ills
868 3473 1018 3550 Scriptura
1037 3475 1212 3533 oouoinnute
1231 3489 1306 3532 osse.
1329 3465 1422 3534 smit-

357 3570 472 3629 tudines
492 3571 634 3646 quaedam
655 3588 673 3631 a
692 3571 826 3632 barbarie
844 3579 996 3649 scytarum
1016 3573 1141 3648 petitae,
1162 3577 1244 3631 etex
1265 3567 1422 3629 erudelitote

356 3667 540 3742 Phalaridis,
563 3668 599 3726 de
618 3684 677 3744 quo
696 3670 728 3728 in
745 3669 853 3747 Pythis
864 3668 984 3730 Pindari
998 3669 1052 3730 ode
1067 3685 1090 3728 1.
1111 3669 1220 3728 mentio
1239 3666 1286 3743 sit,
1307 3664 1421 3724 inunum

357 3764 437 3825 illius
459 3770 609 3824 auomrem
633 3768 664 3824 in
684 3767 831 3844 moribus,
852 3775 882 3828 et
903 3782 1076 3845 graecorum
1105 3766 1208 3842 rebus,
1237 3779 1313 3840 quse
1334 3759 1422 3822 edne

356 3863 427 3923 dum
446 3863 485 3922 ab
503 3862 694 3924 hebraeorum
716 3864 820 3924 studiis
835 3870 864 3924 et
881 3863 1136 3925 consuetudinibus
1156 3861 1304 3928 scribendi
1324 3857 1424 3918 ebbor·

357 3968 441 4038 rent,
463 3966 613 4020 versatum
631 3977 714 4038 esse,
735 3979 828 4039 neque
848 3979 943 4022 sermo
966 3961 1047 4022 illius
1070 3975 1191 4038 grossus
1219 3958 1340 4018 omnino
1363 3967 1423 4014 oon·

360 4058 502 4119 lormutur
524 4060 626 4118 ceteris
649 4058 805 4135 Scripturis
830 4060 1003 4134 helleniois,
1034 4073 1150 4143 noque,
1178 4055 1258 4134 quod
1279 4054 1424 4114 observatu

256 4176 260 4186 ¹
355 4157 484 4234 dignum
503 4163 572 4234 est,
608 4158 715 4234 legitur
734 4157 818 4216 ullibi
837 4161 867 4216 in
896 4157 1023 4232 anitquis
1043 4156 1141 4216 latinis
1160 4152 1342 4222 versionibus
1362 4147 1425 4209 Seri·

357 4259 507 4332 ptursrorr
520 4297 531 4330 ,
550 4269 625 4330 quae
638 4257 668 4312 in
678 4253 848 4329 primordiis
868 4253 1018 4312 christiani
1039 4255 1137 4312 aevis
1159 4250 1347 4326 Septuaginta
1359 4259 1418 4306 oon·
