3070 5180
537 393 591 418 ,-
612 377 667 420 XXl
689 393 730 403 -··

103 480 176 584 qui
201 474 386 556 infideles
417 477 523 583 ipsos
542 475 696 571 sciant,
727 492 766 553 et
797 475 954 554 valeant
977 478 1095 556 sacris
1123 479 1178 557 iu⁴

101 611 255 690 stitutis
284 610 523 706 instituere,
560 608 969 716 Christicolarumque
1010 610 1178 720 collegio

100 770 173 850 per
205 743 432 824 doctrinam
463 743 701 824 christianae
727 741 853 840 fidei,
888 771 933 822 ac
960 746 1179 853 susceptio-

100 905 196 956 nem
223 879 325 957 sacri
350 876 597 985 Baptismatis
624 901 847 983 aggregare.
881 875 937 953 Ut
966 877 1088 984 igitur
1116 904 1180 986 pe·

100 1010 193 1088 ritia
223 1010 454 1117 linguarum
481 1006 711 1116 hujusmodi
739 1009 863 1116 possit
895 1008 1081 1092 habiliter
1106 1038 1180 1120 per

100 1144 382 1224 instructionis
407 1142 621 1222 efficaciam
655 1141 855 1238 obtineri,
885 1144 963 1221 hoc
983 1169 1094 1222 sacro
1116 1142 1182 1225 ad·

97 1277 306 1384 probante
331 1275 524 1374 coneilio,
547 1274 703 1354 scholas
719 1276 762 1352 in
780 1273 1091 1383 subscriptarum
1110 1275 1182 1358 lin-

100 1437 279 1518 guarum
298 1408 484 1517 gentibus
505 1409 773 1516 ubicumque,
798 1435 1002 1490 romanam
1028 1411 1198 1496 curiam·

102 1541 281 1624 residere
308 1543 545 1650 contingat,
585 1569 769 1621 necnon
798 1541 841 1620 in
873 1543 1111 1650 parisiensi,
1141 1563 1212 1625 et·
1248 1615 1251 1622 .

103 1678 350 1774 oxoniensi,
382 1693 422 1756 et
449 1675 718 1774 bononiensi,
747 1690 785 1756 et
813 1676 1074 1756 salamantino
1105 1695 1187 1757 stu·

105 1809 184 1890 diis
198 1808 449 1916 providimus
467 1808 696 1917 erigendas3
712 1824 951 1908 statuentes,
964 1827 1010 1888 ut
1028 1809 1071 1888 in
1085 1838 1183 1920 quo-

104 1943 208 2023 libet
236 1943 418 2020 locorum
449 1940 628 2048 ipsorum
657 1959 874 2022 teneantur
900 1943 976 2021 viri
998 1945 1181 2026 catholici

106 2075 376 2156 sufficientem
402 2075 595 2154 habentes
624 2075 866 2172 hebraicae,
901 2075 1108 2174 arabicae,
1144 2095 1183 2156 et

108 2207 301 2290 chaldeae
341 2209 570 2316 linguarum
612 2209 823 2305 notitiam,
872 2206 955 2288 duo
998 2205 1184 2292 videlicet

109 2341 433 2450 uniuscujusque
459 2342 600 2450 periti,
630 2342 703 2450 qui
728 2341 882 2422 scholas
904 2358 1043 2450 regant
1066 2340 1181 2440 inibi,

109 2494 148 2556 et
180 2475 308 2555 libros
340 2473 391 2554 de
426 2474 573 2582 linguis
606 2475 700 2582 ipsis
732 2475 775 2554 in
812 2475 981 2555 latinum
1014 2473 1213 2555 fideliter·

109 2607 397 2688 transferentes
410 2608 507 2688 alios
522 2608 679 2716 linguas
693 2610 796 2718 ipsas
811 2609 977 2690 sollicite
996 2608 1182 2708 doceant,

110 2769 335 2851 earumque
351 2743 537 2851 peritiam
555 2740 731 2824 studiose
754 2745 797 2822 in
815 2744 903 2824 illos
921 2746 1185 2826 instructione

110 2875 420 2975 transfundant,
451 2893 498 2955 ut
524 2879 735 2976 instructi,
764 2895 803 2956 et
829 2877 960 2958 edocti
992 2878 1186 2958 sufficien-

109 3027 171 3090 ter
196 3013 240 3090 in
259 3011 407 3120 linguis
429 3010 663 3119 hujusmodi
682 3011 856 3092 fructum
884 3029 1086 3121 speratum
1101 3039 1187 3120 pos·

111 3145 215 3242 sint,
242 3147 329 3224 Deo
353 3162 545 3244 anctore,
574 3142 827 3253 producere,
853 3145 972 3226 lidem
998 3173 1186 3254 propaga·

111 3279 191 3357 turi
218 3278 430 3358 salubriter
454 3281 498 3358 in
522 3280 629 3386 ipsos
651 3277 824 3388 populos
850 3277 1028 3359 infideles
1054 3297 1169 3360 ete.»

164 3413 227 3490 Ex
261 3439 310 3492 eo
339 3429 519 3522 tempore
543 3410 793 3494 ecclesiastici
825 3411 1008 3493 doctores
1030 3413 1187 3494 Consti-

112 3545 259 3625 tutioni
280 3546 548 3628 Clementinae
576 3547 784 3645 obsecuti,
815 3548 857 3625 in
882 3548 1038 3654 linguas
1061 3548 1186 3626 orien-

111 3679 229 3780 tales,
258 3695 297 3759 et
324 3709 482 3789 graecas
513 3681 815 3778 incubuerunt,
847 3679 1064 3788 discipulos
1090 3707 1184 3759 suos

113 3811 196 3894 illas
215 3813 480 3912 edocuerunt3
497 3832 537 3894 et
549 3843 634 3894 non
644 3830 802 3894 tantum
814 3815 857 3892 in
869 3811 1083 3920 praedictis
1100 3814 1185 3891 uni·

113 3946 365 4028 versitatibus
394 3948 491 4028 haec
526 3946 656 4028 studia
693 3946 1008 4045 excolebantur,
1046 3974 1186 4026 verum

114 4082 228 4160 etiam
246 4081 291 4160 in
306 4080 451 4189 lyceis,
474 4098 513 4162 et
532 4082 770 4182 seminariis,
789 4081 957 4187 aliisque
979 4080 1076 4159 locis
1090 4079 1185 4156 istae

114 4213 393 4302 ediscebantur
419 4216 590 4322 linguae.
623 4215 732 4294 Inter
762 4215 852 4294 illos
878 4215 1028 4294 clarent
1063 4213 1185 4318 Lyra·
