3070 5180
582 411 624 421 ..
644 395 679 436 χ,
703 411 743 422 ..

109 519 224 570 num
255 492 534 600 interpretatio
569 509 767 572 censetur.
803 493 1021 602 Apostolus
1053 497 1201 578 Paulus

108 623 166 702 ad
199 625 433 704 Corinthios
462 625 518 731 (1)
536 625 692 704 scribit:
717 658 736 698 «
750 624 830 703 Alii
847 625 1013 733 quidem
1031 628 1197 736 (datur)

107 759 305 864 operatio
326 759 544 856 virtutum,
568 758 635 838 alii
659 760 894 867 prophetia,
924 760 990 840 alii
1012 761 1198 842 discretio

107 891 361 998 spirituum,
387 892 454 970 alii
470 919 616 1000 genera
637 892 891 1001 linguarum,
921 895 987 974 alii
1004 897 1200 1003 interpre-

108 1025 222 1103 tatio
250 1051 545 1103 sermonum.»
576 1025 679 1104 Cum
708 1053 803 1105 vero
836 1028 935 1106 haec
957 1028 1000 1104 in
1026 1029 1197 1109 Ecclesia

108 1153 261 1236 divina
280 1159 515 1238 charismata
538 1159 766 1238 communia
784 1158 994 1258 desierint,
1024 1162 1198 1242 ecclesia-

110 1291 209 1370 stici
231 1289 417 1371 doctores
433 1292 578 1370 harum
597 1292 825 1399 linguarum
851 1312 1109 1402 agnoscentes
1128 1323 1198 1374 ne-

111 1424 365 1522 cessitatem,
398 1427 502 1506 hanc
538 1425 766 1506 facultatem
795 1426 953 1525 studio,
988 1446 1027 1508 et
1061 1429 1197 1508 labore

114 1557 198 1638 sibi
221 1577 529 1666 compararunt,
559 1559 715 1640 easdem
742 1559 959 1669 discipulos
986 1589 1080 1640 suos
1103 1559 1198 1641 edo·

117 1709 320 1792 cuerunt;
342 1710 382 1771 et
398 1712 522 1800 prout
542 1721 667 1801 opus,
693 1695 892 1792 homines,
915 1696 1025 1792 loca,
1049 1713 1089 1774 et
1104 1713 1198 1776 tem-

118 1853 225 1932 pora
238 1825 510 1932 postulabant,
526 1826 705 1906 fidelium
719 1828 830 1908 bono
848 1830 953 1908 hanc
969 1830 1197 1938 linguarum

119 1959 309 2066 peritiam
339 1959 721 2060 accommodabant5
764 1980 981 2068 tantaeque
1015 1963 1197 2043 utilitatis

121 2093 233 2172 hanc
251 2094 555 2200 acquisitionem
577 2097 857 2192 aestimarunt,
879 2113 927 2174 ut
942 2097 1197 2176 vehementer

123 2225 236 2323 illos,
260 2225 398 2306 adeas
420 2225 700 2334 perdiscendas
726 2230 985 2308 hortarentur
1004 2258 1013 2326 ;
1044 2247 1083 2306 et
1116 2255 1198 2335 spe

125 2359 216 2438 ciali
233 2358 398 2466 quidem
418 2361 595 2459 ratione,
616 2390 709 2440 oum
729 2360 779 2441 de
795 2361 998 2442 veteribus
1017 2360 1197 2468 Scriptu-

127 2493 180 2570 ris
205 2511 348 2572 contra
365 2493 558 2574 hebraeos
582 2494 832 2574 dissererent.
864 2494 937 2574 His
951 2521 1127 2601 namque
1152 2495 1196 2572 in

125 2626 240 2706 libris
270 2629 550 2734 prophetieee
581 2626 717 2708 divina
743 2628 936 2709 electione
959 2627 1197 2735 reprobatus

127 2759 305 2868 populus
336 2759 438 2857 iste,
477 2761 624 2840 horum
662 2761 932 2868 aegyptiacam
974 2761 1196 2839 versionem

130 2892 366 3000 respuebat,
402 2894 516 3000 quasi
548 2895 591 2972 in
621 2894 878 2973 translatione
907 2920 992 2972 non
1021 2891 1198 2972 eamdem

128 3053 269 3105 eorum
301 3026 507 3134 originali,
537 3027 608 3105 ubi
635 3029 811 3135 primum
839 3025 1027 3133 descripti
1060 3043 1193 3122 erant,

127 3153 449 3266 respondentem.
462 3161 590 3241 Testis
613 3162 734 3270 hujus
751 3162 810 3240 rei
828 3179 886 3241 est
904 3161 1086 3240 tustinus
1100 3187 1196 3238 mar-

128 3311 215 3400 tyr,
246 3296 318 3401 qui
345 3296 388 3373 in
415 3294 573 3403 dialogo
602 3325 694 3374 cum
718 3295 927 3402 Triphone
949 3293 1097 3402 judaeo
1133 3322 1197 3372 ca-

132 3444 197 3505 vet
217 3427 439 3534 aliquando
467 3446 624 3508 textum
646 3427 942 3536 Scripturarum
976 3426 1199 3507 alexandri-

131 3589 229 3638 num
253 3560 448 3667 proferat,
476 3580 515 3642 et
538 3564 708 3670 Aquilae
730 3565 866 3671 potius
886 3562 1046 3642 hebraei
1074 3561 1197 3641 inter·

130 3695 394 3798 pretationem
422 3714 564 3775 contra
580 3695 747 3804 judaeos
769 3696 884 3804 legit,
915 3697 1067 3802 quippe
1092 3721 1197 3800 quae

133 3827 312 3906 lontibus
340 3828 392 3906 ab
419 3829 495 3907 illis
518 3829 743 3908 habebatur
772 3855 1018 3936 congruens,
1048 3843 1088 3906 et
1106 3855 1197 3906 oon·

132 3979 192 4039 tra
220 3957 380 4040 eosdem
406 3963 568 4041 minime
596 3990 667 4041 sua
698 3961 1010 4042 imminuebatur
1037 3959 1196 4040 ratioci-

134 4095 255 4172 natio.
288 4096 558 4206 Hieronymus
574 4097 722 4202 pariter
741 4097 820 4176 hoe
837 4094 934 4176 dicit
953 4095 995 4172 in
1020 4092 1196 4174 aemulos

167 4257 206 4334 (t)
227 4257 253 4316 r.
270 4257 548 4318 mmmmm.
568 4267 615 4316 ιο.
645 4283 648 4288 -
