3094 5176
834 317 1014 392 *amp-¹2

388 453 476 516 modo
496 463 599 532 greeae
612 441 730 528 quidem
744 449 819 510 haee
830 467 991 512 consonare
1012 447 1183 529 eontingai,
1202 443 1326 532 hebraipe
1343 461 1416 522 anian

385 555 501 630 penitas
520 551 630 610 distent
653 549 826 625 (Africanus
848 550 929 626 ait);
950 565 1005 626 ego
1018 565 1088 609 vero
1110 549 1265 627 (Origenes
1281 557 1417 632 responderi

382 651 472 710 eiiam
492 663 563 708 num
583 647 696 706 dubito.
719 647 796 707 Nam
815 653 844 706 et
859 663 914 724 ego
927 646 964 707 de
977 646 1033 706 hoo
1049 649 1115 708 loeo
1127 647 1265 708 sollicitus
1282 667 1340 710 sam
1351 695 1359 727 ,
1371 663 1420 712 too

383 749 495 824 etipse
514 747 624 806 diutina
643 745 814 823 haererem,
834 763 894 804 non
907 763 1017 822 pausos
1029 746 1169 807 hebraeos
1189 748 1331 825 oonsqui,
1349 753 1422 810 seisoi
1500 739 1501 820 l

382 845 617 928 taus—quomodo
636 845 715 921 apud
732 847 811 921 ipsos
831 845 998 905 nominetur
1017 850 1104 920 apim
1122 849 1242 923 prinas,
1261 853 1290 906 et
1307 851 1422 924 quomodo

298 957 302 964 ·
383 943 486 1004 dicant
504 943 605 1018 πρῖζειν
620 946 747 1022 primm
766 945 836 1004 item
856 961 915 1020 qua
930 961 1001 1004 vooe
1021 943 1145 1004 reddant
1165 954 1256 1020 exim
1275 943 1382 1006 saliam
1391 965 1423 1008 or·

386 1043 502 1120 wem,
518 1047 547 1101 et
566 1042 712 1120 quomodo
731 1041 845 1102 dicatur
866 1041 970 1121 οχῑζεη
991 1041 1119 1102 sabinia.
1141 1043 1188 1102 liii
1207 1049 1301 1104 eumin
1319 1045 1425 1107 menan
1500 1043 1501 1050 '

383 1144 519 1218 ignorare
539 1154 570 1200 se
590 1157 709 1219 graecas
730 1157 816 1201 voees
832 1144 937 1218 prinas
956 1147 986 1200 et
1004 1141 1141 1218 rabinos,
1158 1148 1188 1202 ei
1201 1143 1280 1218 ipsas
1292 1143 1426 1221 sibiposae

383 1240 457 1300 bani
476 1239 591 1299 ostendi
619 1239 756 1316 arborea,
786 1249 820 1299 ut
839 1242 946 1300 seirent
971 1257 1114 1317 quasnam
1137 1243 1178 1300 eis
1198 1240 1326 1302 uibunnt
1351 1260 1425 1302 roos.

385 1339 448 1416 Ego
467 1355 539 1398 vero
558 1351 618 1397 non
638 1338 771 1398 dubitavi
794 1337 909 1408 (annea
928 1342 1007 1400 enim
1026 1340 1152 1416 veritas)
1178 1343 1243 1416 ipsa
1262 1339 1337 1416 ligna
1353 1343 1379 1400 in
1393 1359 1427 1400 eo

386 1447 452 1496 rum
473 1445 628 1514 conspectu
658 1437 812 1497 adducere.
835 1437 919 1497 Alius
939 1446 1038 1498 nutem
1057 1437 1192 1514 dicebat,
1223 1455 1296 1515 quae
1313 1455 1428 1516 nnsqum

385 1538 537 1594 nominata
556 1541 626 1594 sunt
644 1537 677 1594 iu
697 1535 871 1612 Seriphrris,
893 1553 925 1598 se
943 1554 1003 1596 nou
1016 1553 1101 1614 posse
1114 1537 1263 1598 adimere
1274 1538 1429 1614 quenadmo

386 1634 457 1693 dum
478 1634 613 1693 dieantur
633 1633 778 1694 hebraioe.
800 1636 874 1694 Item
893 1636 1009 1696 dieehni
1027 1639 1117 1696 mam
1137 1654 1155 1696 a
1174 1638 1383 1712 sapientissimis
1397 1635 1428 1695 di·

386 1736 497 1793 etionss
516 1733 673 1793 nonnullas
693 1733 850 1811 aliquando
869 1733 981 1812 quaeri.
998 1734 1029 1796 si
1049 1753 1138 1813 ergo,
1159 1736 1343 1812 inquiebant,
1361 1735 1429 1794 alim·

386 1833 417 1891 bi
445 1837 526 1908 potes
546 1831 698 1892 ostendere
727 1835 900 1893 nominatim
923 1837 955 1894 in
983 1836 1082 1912 aliqua
1110 1835 1261 1912 Scriptura
1283 1837 1431 1912 merome
1500 1823 1501 1840 ¹

385 1929 540 2007 achinom,
561 1930 603 1990 ibi
621 1937 699 1991 neree
725 1933 908 2009 invenietur,
930 1932 1009 2010 quod
1028 1935 1216 2010 quaerimus,
1245 1939 1277 1992 et
1300 1948 1352 2008 ea,
1376 1949 1431 2007 qum

388 2029 457 2088 inde
470 2031 574 2106 orihrr,
589 2033 742 2090 nominum
762 2030 916 2092 derivatio.
932 2031 1047 2092 sivero
1066 2029 1171 2091 nullibi
1189 2033 1353 2090 nominatae
1367 2037 1430 2105 sunt,

387 2127 418 2186 id
438 2141 554 2204 quosque
573 2144 627 2186 nos
647 2129 729 2188 latei.
751 2129 833 2188 liaeo
857 2131 948 2206 igitur
967 2145 1035 2190 oum
1055 2129 1094 2188 ab
1114 2127 1269 2204 hebraeis,
1290 2128 1429 2204 quibuscum

388 2227 727 2288 eonsuetudinemhabui
738 2228 891 2288 h'utoriam
903 2241 964 2287 non
978 2227 1213 2304 agnosoeutibus,
1228 2228 1307 2286 dicta
1318 2229 1379 2286 siut.
1390 2228 1430 2285 lie

387 2323 458 2402 ligio
477 2325 596 2402 quidem
615 2325 690 2384 mibi
709 2333 753 2386 eat
766 2327 975 2402 pronunciare,
996 2333 1095 2386 utrum
1114 2326 1193 2402 apud
1205 2321 1344 2384 habraam
1355 2325 1431 2383 simiis

389 2427 541 2482 nominum
563 2419 706 2483 derivatio
726 2431 857 2484 servetur
870 2437 924 2484 neo
942 2439 991 2484 ne.
1006 2421 1052 2484 Tu
1067 2436 1137 2483 vero
1157 2435 1210 2482 our
1231 2439 1291 2483 nou
1309 2421 1432 2482 mandr-

390 2524 507 2582 maris?
530 2548 543 2572 «ι
557 2521 682 2583 sonasse
701 2523 778 2584 nosd
789 2525 803 2582 i
814 2548 827 2574 »
845 2524 965 2600 Sapiens
979 2523 1121 2599 valdeque
1133 2537 1187 2598 par
1200 2535 1365 2597 responsum
1379 2519 1434 2578 ini
1500 2537 1501 2584 i

387 2635 482 2697 cano,
503 2622 682 2698 excogitavit
700 2621 840 2698 Origenes
858 2623 937 2682 eirea
949 2638 985 2682 oa
1001 2618 1166 2698 voeabula,
1186 2626 1221 2680 ut
1235 2618 1432 2697 q'usdemddeu
1500 2595 1501 2640 ¹

389 2735 459 2796 erge
479 2719 557 2778 hane
576 2719 727 2780 historiam
747 2720 888 2780 firmaret.

428 2815 480 2875 Sin
492 2833 563 2875 vero
575 2833 630 2876 nos
644 2833 807 2877 mononem
821 2818 997 2897 hebraeum,
1012 2821 1076 2880 sive
1089 2815 1265 2880 abdimum
1277 2815 1432 2894 pfflcfflfflflr

388 2912 495 2974 harum
514 2914 583 2976 iude
595 2931 702 2976 vocum
717 2915 844 2994 fontem,
861 2919 992 2978 eamdem
1010 2917 1205 2995 proferentem
1223 2915 1434 2994 signidrab'oaem

391 3031 427 3074 ao
446 3029 604 3092 graecum,
625 3018 669 3076 oti
689 3017 827 3094 leguntur
846 3021 878 3078 in
898 3019 1109 3098 Septuaginta,
1139 3029 1242 3078 eruere
1261 3016 1434 3084 voluerimus,

388 3103 549 3190 quidquam
570 3114 694 3174 fortasse
714 3115 865 3193 analogiae
880 3118 910 3174 iu
924 3119 1063 3177 mnritieis
1076 3117 1184 3193 linguis
1197 3121 1328 3192 exurget.
1342 3113 1373 3171 In
1384 3111 1434 3169 Pro

390 3211 497 3270 verbiis
517 3225 666 3288 namque,
688 3217 718 3272 et
730 3212 788 3272 hoo
800 3215 890 3274 relate
903 3214 943 3274 nd
957 3213 1102 3291 soliano,
1123 3213 1231 3290 iegitur
1251 3215 1434 3278 numantino

389 3307 494 3368 adobin
512 3309 655 3386 eladius,
678 3309 789 3388 noller,
803 3315 872 3372 item
886 3311 1035 3372 ahaidaioe
1049 3319 1079 3371 ei
1091 3307 1222 3388 arabice,
1234 3315 1318 3388 ouJua
1326 3312 1434 3380 inlapsu

388 3409 461 3466 tatio
480 3405 777 3472 coudrrmishabetur
789 3408 910 3468 dictioni
924 3408 1083 3469 hellenioae
1095 3407 1245 3483 eandm,
1262 3404 1388 3479 medae,
1404 3403 1433 3459 iit

388 3503 518 3562 Danielis
535 3505 614 3564 diota
636 3508 756 3581 exponit
774 3505 916 3566 dioentia:
942 3533 956 3557 ιι
970 3507 1100 3584 Angelus
1120 3505 1239 3564 Domini
1264 3507 1374 3578 aeoepta
1386 3513 1433 3558 sen·

390 3604 483 3660 tenda
495 3601 534 3660 ab
547 3619 602 3679 eo,
623 3605 737 3664 scindet
751 3611 779 3664 te
791 3604 929 3664 medimna.
946 3629 958 3657 »ι
975 3605 1051 3665 item
1065 3605 1103 3664 de
1116 3605 1208 3664 altero
1220 3601 1360 3662 vocabulo
1366 3599 1435 3676 prbi

388 3704 548 3780 seuprizo,
559 3703 981 3764 illodeduoeudoaborientaii
990 3706 1106 3781 eloquio
1118 3711 1183 3770 tili
1195 3701 1318 3782 pharan
1330 3695 1433 3761 adrui

386 3797 511 3876 pharoni
528 3800 698 3879 saporavit,
715 3803 869 3880 aquinati,
890 3801 970 3880 quod
982 3803 1093 3863 indioat
1110 3803 1206 3881 angeli
1235 3801 1377 3880 gladium,
1394 3809 1436 3872 qli

389 3897 462 3957 dieit
474 3897 642 3975 Propheta:
668 3900 771 3961 «Seoet
783 3908 813 3960 te
828 3901 967 3961 mediam.
983 3926 996 3953 »
1019 3901 1099 3961 Haeo
1119 3900 1289 3980 hypothesis
1300 3943 1309 3976 ,
1321 3911 1387 3974 quoe
1400 3907 1437 3950 it·

390 3999 471 4056 rituti
491 3995 590 4056 affinis
611 4001 753 4076 apparet,
773 4001 893 4076 majoris
913 4001 1053 4060 momenti
1066 3999 1136 4076 det,
1156 4014 1225 4060 oum
1237 4001 1269 4058 in
1282 3995 1393 4074 noym
1402 4004 1437 4048 ti·

387 4095 467 4154 stare
485 4093 624 4172 probetur
653 4097 740 4174 hujus
770 4099 884 4174 generis
911 4097 1054 4174 arbores,
1084 4097 1170 4158 sicuti
1198 4099 1230 4155 in
1259 4094 1364 4172 grands
1385 4090 1438 4148 soii

370 4191 505 4260 ,smirnos
525 4200 555 4253 ot
563 4197 669 4272 priuos
687 4195 790 4255 eadem
809 4196 1021 4274 significatione
1041 4196 1198 4274 praeditae.
1217 4195 1355 4266 Sebinno,
1367 4199 1436 4264 iiiiii

389 4289 475 4350 latini
492 4290 647 4353 lentiscum
666 4293 805 4354 dixeram
820 4338 830 4371 ‚
844 4297 975 4356 resinosa
997 4303 1027 4355 et
1047 4311 1160 4372 semper
1178 4293 1280 4354 viridh
1292 4293 1323 4352 in
1335 4284 1435 4348 otium
