3022 5178
552 405 732 456 *157-

117 511 226 572 ostendit
243 515 329 571 etiam
352 514 382 570 in
401 515 491 572 saeris
512 513 616 574 litteris
636 517 727 590 ipsius
745 515 897 588 Trinitatis
917 533 1072 578 numerum
1086 522 1182 600 expri-

115 614 157 669 mi.
180 611 332 687 Postquam
351 611 478 686 plurima
500 611 692 688 eScripturis
714 615 848 690 exempla
870 614 958 692 hujus
981 617 1096 676 Triadis
1116 635 1183 677 cen·

114 711 178 785 suit,
192 707 356 785 subjungit:
377 733 389 759 «
402 709 474 768 Tres
487 709 606 769 fuerunt
619 713 764 786 sapientes
777 711 936 789 foeminae,
951 713 1117 792 Thacuites,
1132 715 1184 776 Su·

113 808 239 880 namins,
259 805 396 882 Abigtiil3
413 811 489 876 Τρεῖς
505 811 626 878 γυναῖκες
640 808 806 881 προφήτιδες,
825 811 1047 882 reposuissem,
1064 815 1183 885 Μαριάμ,

112 902 229 977 scaffen,
243 901 337 956 'iactis
347 905 472 964 i.e.Tres
484 907 619 966 mulieres
629 907 874 985 prophetissae,ae
883 913 1115 988 tympanistriae,
1123 911 1184 969 Ma-

112 1004 164 1078 ria,
182 1001 327 1080 Debbora,
342 1003 480 1063 Judith.»
498 1004 603 1064 Paucis
616 1006 675 1064 iliis
689 1005 797 1082 verbis,
810 1007 913 1066 Judith
929 1009 1012 1084 libri,
1029 1009 1141 1068 Cantici
1155 1015 1184 1068 et

111 1098 287 1178 Prophetiae,
317 1117 392 1178 quae
420 1101 487 1160 libri
510 1102 695 1162 divinitatem
715 1105 988 1180 innuunt‚asacro
1012 1106 1130 1165 doctore
1149 1105 1184 1166 iit

110 1199 213 1256 mentio.
235 1197 308 1258 Item
326 1199 507 1275 Epiphanius
521 1200 683 1276 perfectum
701 1217 763 1260 esse
778 1205 974 1278 septenarium
994 1219 1148 1262 numerum
1167 1221 1183 1262 e

109 1293 203 1353 divims
219 1295 301 1354 libris
320 1295 465 1373 probans,
489 1296 525 1355 de
544 1297 790 1356 Machabaeorum
808 1297 987 1376 martyribus
999 1301 1055 1359 ait:
1076 1324 1088 1349 «
1100 1300 1184 1354 Ἑπτά

108 1393 186 1455 παῖδες
204 1393 248 1451 τήν
262 1393 399 1468 ’Λντιόχου
420 1393 555 1467 τυραννίδα
574 1393 734 1466 raedemptor
749 1438 757 1471 ,
772 1397 829 1454 he.
848 1396 962 1472 Septem
979 1399 1061 1472 pueri
1079 1396 1182 1455 Antio·

109 1487 149 1547 ehi
159 1491 341 1568 tyrannidem
355 1491 531 1568 dejecemrnt.
545 1519 557 1544 υ
575 1494 610 1552 In
623 1495 693 1551 vitis
708 1493 920 1570 Prophetarum
933 1495 970 1553 de
979 1495 1126 1553 Hieremia
1139 1495 1181 1553 lo·

109 1591 181 1646 cutus
196 1594 315 1648 narrat:
334 1621 345 1633 ·
360 1590 511 1663 Quomodo
529 1590 674 1668 Propheta
693 1590 790 1668 idem,
823 1608 922 1651 arcam
940 1593 1029 1669 legis,
1053 1607 1183 1668 quaeque

108 1686 184 1745 inea
208 1689 431 1749 conunebantur
446 1693 571 1768 eripuit,
591 1697 678 1768 atque
696 1694 728 1751 in
748 1708 854 1751 saxum
874 1691 1011 1768 absorpta
1026 1690 1179 1750 condidit»

109 1785 183 1842 sicuti
195 1783 441 1847 Machabaeorum
465 1789 610 1849 secundus
623 1805 687 1864 cap.
704 1807 743 1848 11.
759 1796 892 1849 testatum.
909 1791 983 1850 item
998 1791 1073 1848 iihro
1089 1807 1113 1847 1.
1131 1788 1182 1847 ad·

109 1896 198 1942 versus
211 1881 344 1944 haereses
354 1886 550 1946 Ebioneorum
558 1904 640 1947 num.
653 1906 684 1946 x.
696 1905 723 1947 c.
735 1896 783 1947 25.
800 1889 910 1947 «Immo
919 1895 948 1947 et
956 1892 987 1948 in
998 1888 1180 1963 Macedonia,

110 1977 269 2056 Cypriorum
284 1989 314 2042 et
328 1983 511 2045 Rhodiorum
526 2002 618 2063 genus
631 1985 795 2062 habitavit,
809 1987 887 2046 unde
900 1993 929 2046 et
941 1986 1108 2045 Alexander
1122 2003 1183 2044 ma-

108 2077 167 2136 oedo
181 2077 216 2156 (i)
229 2081 372 2157 prOdf'isse
381 2083 503 2142 dicitur:
516 2115 528 2127 ·
539 2085 591 2138 Kar*
612 2082 704 2138 τούτου
718 2081 792 2138 ἕνεκα
805 2083 942 2156 ἐμφέρεται
959 2085 984 2136 ἐν
1000 2087 1054 2140 τοῖς
1074 2089 1186 2138 Manac-

110 2173 193 2243 βαῖοις,
213 2175 251 2232 ὅτι
278 2178 375 2248 ε’ξῆλθε
390 2186 494 2253 σπέρμα
511 2181 536 2234 ἔκ
556 2185 600 2244 τῆς
614 2184 664 2254 ’γῆς
688 2180 839 2256 herclemi.
857 2197 883 2238 θ.
899 2180 936 2240 Εἴ
951 2179 989 2238 Ob
1006 2180 1062 2238 hoc
1075 2180 1182 2239 dicitur

108 2273 331 2354 mtiachabaers,
347 2281 485 2355 quoniam
501 2280 593 2338 exivit
610 2294 707 2337 semen
721 2294 758 2337 ex
772 2283 851 2337 terra
864 2277 1057 2336 Cifflensiom.
1073 2302 1085 2327 »
1102 2277 1185 2334 Haec

107 2385 120 2428 e
136 2371 210 2434 libris
230 2375 388 2452 Epiphanii
403 2377 439 2436 de
453 2377 645 2436 Deuterorum
660 2375 821 2436 Bibliorum
840 2375 993 2434 divinitate
1011 2374 1180 2450 hausimus3

107 2467 178 2542 pium
197 2479 294 2534 autem
313 2476 440 2550 cupienti
456 2477 638 2550 sintpraesto
657 2473 736 2532 illius
749 2475 875 2548 scripta3
897 2471 982 2531 nohis
1000 2470 1118 2552 quidem
1135 2487 1181 2530 re·

107 2565 157 2627 lata
173 2572 297 2647 exempli
323 2587 411 2630 eausa
428 2547 582 2632 satisfiunt.
599 2572 736 2648 Superest
752 2578 850 2631 autem
864 2569 1086 2646 disquirendum
1100 2570 1182 2645 quid-

107 2665 167 2739 quid
182 2667 217 2728 dc
235 2669 355 2730 Conone
367 2670 535 2729 divinorum
549 2669 710 2729 Bibliorum
727 2669 835 2745 pluries
853 2669 968 2728 edocuit
981 2668 1069 2727 divus
1082 2667 1179 2726 Pater.

137 2761 169 2821 ln
185 2765 257 2826 libro
276 2767 314 2826 de
331 2767 512 2828 Ponderibus
533 2773 562 2826 et
579 2769 724 2827 mensuris
742 2783 807 2842 cap.
830 2783 861 2826 v.
887 2765 923 2826 de
944 2765 1179 2842 Septuagintavi-

105 2860 150 2919 raii
162 2865 349 2924 translatione
358 2865 634 2942 locutus,Canonem
647 2881 798 2924 sacrorum
807 2865 969 2924 Bibliorum
984 2866 1117 2924 inseruit.
1133 2865 1183 2922 lu·

105 2960 159 3032 quit
178 2965 255 3021 enim
273 2962 416 3022 hebraeos
433 2965 540 3040 viginti
560 2969 670 3040 septem
685 2961 902 3039 Scripturarum
915 2963 1018 3038 libros,
1033 2962 1182 3021 nonnuliis

106 3071 136 3113 er
156 3056 199 3118 his
216 3062 393 3137 geminatis,
410 3062 517 3138 viginti
534 3060 608 3119 duos
620 3063 817 3135 composuisse
831 3064 920 3136 juxta
936 3076 1037 3118 eorum
1057 3061 1181 3133 litteras3

107 3167 135 3210 ac
149 3156 196 3214 ubi
216 3159 330 3217 censuit
347 3159 448 3218 doctor
468 3158 522 3216 hos
543 3157 633 3216 libros
653 3165 702 3216 22.
719 3157 890 3234 subjungit:
911 3157 1021 3230 «Quod
1040 3158 1119 3214 euim
1138 3161 1182 3215 at-

107 3251 170 3312 tinet
187 3255 224 3314 ad
241 3257 316 3316 duos
334 3257 420 3332 illos,
442 3259 494 3333 qui
511 3255 644 3316 versibus
665 3256 795 3314 distincti
812 3261 899 3330 sunt,
917 3254 1080 3314 Salomonis
1100 3252 1181 3310 vide·

107 3349 164 3411 iicet
183 3353 361 3432 Sapientiam
380 3363 409 3415 ct
429 3355 531 3416 Siraoh
551 3355 677 3431 librum3
702 3357 819 3414 tametsi
844 3355 950 3430 utiles,
980 3369 1014 3412 ae
1040 3353 1182 3412 fructuosi

107 3448 168 3528 sim,
182 3453 211 3510 in
223 3453 439 3529 scripturarum
450 3469 617 3529 numerum,
630 3469 706 3529 quae
719 3459 801 3511 ratae
814 3452 971 3526 hahentur,
986 3449 1066 3509 haud
1080 3465 1182 3508 nume-

108 3553 228 3608 rantur.»
239 3550 332 3612 Pauio
340 3557 407 3627 post
416 3550 471 3612 hos
485 3551 575 3610 libros
585 3550 769 3630 apocryphos
779 3557 875 3610 vocat.
888 3548 998 3608 Deinde
1009 3563 1074 3622 cap.
1082 3562 1180 3604 xxrrr.

106 3639 137 3700 de
152 3661 237 3721 opere
258 3665 310 3707 sex
337 3649 451 3708 dicrum
471 3651 594 3726 mystice
620 3649 734 3708 locutus
755 3648 890 3708 eumdem
908 3646 1056 3706 Canonem
1080 3645 1184 3720 repetit

103 3740 180 3812 justa
201 3745 390 3805 hebraeorum
412 3752 550 3806 mentem.
567 3746 680 3806 Pariter
702 3746 842 3805 adversus
853 3744 986 3804 haereses
998 3743 1050 3802 lib.
1063 3757 1086 3799 1.
1103 3758 1134 3799 n.
1151 3748 1181 3798 6.

106 3851 162 3914 cap.
181 3851 208 3900 o.
225 3851 323 3920 aperte
339 3844 463 3904 infertur
476 3845 533 3903 hoc
550 3847 582 3902 in
599 3845 742 3903 librorum
759 3860 871 3903 canone
885 3860 916 3902 se
930 3841 1105 3919 iudaeorum
1119 3840 1182 3914 opi-

108 3937 234 4000 nionibus
248 3942 456 4002 conformasse.
472 3943 606 4020 Namque
618 3942 660 4001 ibi
675 3947 818 4001 memorat
836 3942 953 4001 illorum
967 3939 1069 4013 libros,
1082 3935 1183 3996 dicens

107 4049 164 4093 tos:
181 4039 251 4098 «Ad
265 4041 338 4101 illud
353 4058 445 4120 usque
459 4048 587 4119 tempus,
602 4057 660 4117 quo
678 4056 715 4098 en
728 4039 905 4118 babylonica
916 4039 1056 4097 servitute
1069 4034 1182 4092 reversi

109 4141 190 4212 sunt,
203 4137 257 4197 hos
275 4145 304 4198 et
323 4138 505 4216 Prophetas,
520 4144 549 4198 et
562 4137 774 4214 Prophetarum
787 4137 877 4198 libros
895 4135 1044 4210 habuisse,
1059 4131 1182 4200 scilieet,

135 4325 166 4386 (1)
188 4331 383 4383 infaceti.
