3094 5176
560 429 600 444 -
620 407 658 461 95
679 431 718 444 .-

103 517 172 596 lilla,
188 519 348 580 secundum
363 517 441 594 quod
453 523 636 596 pracceptum
650 521 696 578 est
707 515 750 577 llil
764 532 782 594 a
795 514 885 575 ileon·
899 515 976 578 illud
989 520 1116 594 primum
1130 535 1180 580 aa·

5 614 8 652 ;
103 617 239 678 ,abutum
263 614 436 695 exemplar,
457 615 536 692 quod
559 630 678 693 graecus
700 614 776 674 dlnlt
795 613 954 688 01⁹³·'tt0‘i0l
975 615 1178 696 dutitiam

7 742 9 750 v
103 695 122 776 i]
139 733 165 776 c.
188 719 291 776 conto
306 717 470 794 scriptam,
492 713 581 792 vulgo
595 713 692 774 innuit
708 713 855 790 exemplar
882 713 1034 792 cmucdam
1050 715 1178 792 Scriptu-

9 830 12 850 ¹
103 827 164 891 rac,
179 816 243 875 siue
256 813 462 890 descriptume
479 814 563 888 copia
580 811 732 890 originali;
747 819 777 872 ct
789 809 845 872 hoc
863 812 989 889 explicat
1002 816 1180 890 grauiam

102 913 287 974 amanuensis
307 917 336 972 et
359 910 507 988 epistolae.
531 908 715 970 versiculum
737 915 834 970 antem
854 912 982 986 primum
1001 911 1110 989 hujus,
1132 927 1179 974 aa·

103 1012 203 1089 guitur
221 1025 281 1070 non
299 1011 474 1070 constituere
489 1013 600 1085 partem
625 1008 796 1086 integralem
817 1008 965 1086 ejusdem,
987 1013 1050 1070 sive
1069 1009 1179 1072 loetum

1 1109 16 1150 ³²
104 1107 267 1170 Hieremiae
287 1107 465 1184 Prophetae,
487 1108 550 1166 slve
570 1109 696 1168 auctoris
716 1109 812 1184 sacri,
834 1109 885 1184 qul
900 1107 1051 1185 epistolam
1069 1108 1178 1170 contla·

104 1209 169 1284 vit,
191 1206 242 1267 sed
260 1207 356 1283 potius
375 1219 439 1266 esse
460 1206 607 1282 glossam,
628 1205 669 1264 ibi
687 1205 778 1266 veluti
792 1206 933 1282 dimam,
954 1208 1124 1284 incomptam
1141 1207 1179 1268 ab

8 1354 11 1368 .
105 1304 204 1382 ulpio
223 1301 319 1364 scriba
338 1302 484 1382 hebraeo,
507 1307 558 1363 aut
577 1314 706 1380 graeco,
732 1306 804 1380 qui,
825 1319 892 1363 cum
912 1302 989 1364 absit
1014 1303 1105 1364 codex
1126 1304 1177 1364 hc·

1 1407 18 1452 u
104 1401 242 1479 braicos,
263 1415 280 1461 c
299 1416 358 1478 quo
377 1403 569 1478 transcriptae
585 1407 654 1461 sant
673 1399 729 1461 hac
748 1402 881 1480 litterae,
903 1402 1044 1480 rabieque
1063 1405 1178 1463 tauhun

104 1503 230 1578 supersit
249 1497 439 1579 Septuaginta
457 1502 646 1577 interpretum
670 1499 852 1577 translatio,
880 1515 954 1577 quaa
979 1500 1045 1562 illas
1066 1499 1104 1560 ad
1123 1515 1177 1561 nos

8 1592 10 1600 '
103 1613 195 1676 usqua
215 1597 422 1677 demandavit,
444 1596 559 1658 decerni
573 1597 683 1675 nequit.
704 1598 788 1658 Circa
803 1605 899 1660 autem
914 1598 1002 1675 huJus
1016 1599 1178 1674 inscriptio·

16 1708 17 1712 ’
104 1697 149 1757 uls
171 1697 400 1774 aucwmtatem,
425 1696 499 1756 mlhl
526 1696 673 1757 uideretur
699 1696 895 1772 comparanda
919 1696 978 1756 illis
998 1695 1131 1773 pluribus
1150 1701 1179 1758 et

1 1803 20 1834 ν·
104 1795 186 1854 vario
207 1811 310 1873 genere
330 1794 585 1872 inscriptionibus,
613 1809 687 1871 quaa
711 1795 795 1854 initio
814 1793 998 1855 Psalmorum
1020 1795 1177 1872 leguntur,

11 1963 14 1968 ¹
103 1907 228 1970 quarum
240 1893 418 1970 nonnullae,
440 1893 554 1953 collatis
567 1892 1181 1972 interseethebrciolsetgraecanlclsbe·

1 2007 21 2052 u
103 1993 257 2068 ptuaginta
275 1989 445 2068 codicibus,
466 1995 606 2068 variam,
627 2007 661 2052 co
682 1993 776 2068 magis
798 1991 877 2068 quod
894 1993 926 2050 in
948 1991 1097 2052 nonnuliis
1117 2007 1179 2052 ma-

103 2091 258 2167 nuscriptis
273 2089 452 2151 desideratur
467 2089 540 2151 hacc
554 2090 691 2167 epistolae
707 2091 874 2167 inscriptio,
895 2095 929 2150 ut
942 2093 1025 2150 testis
1040 2089 1177 2167 (imus,

10 2193 21 2252 ἱ·
103 2187 210 2265 aliique
232 2187 282 2265 (i).
305 2189 343 2249 Et
362 2188 418 2248 hoc
437 2192 520 2250 satis.

0 2316 23 2350 .·
142 2285 204 2346 Nos
224 2301 294 2347 varo
313 2290 409 2364 potius
430 2289 546 2348 solliciti
567 2289 603 2348 de
620 2295 702 2366 parte
721 2290 856 2367 integrali
872 2289 978 2350 harum
992 2289 1178 2364 litterarum,

1 2420 22 2450 ·,
104 2385 180 2446 idest
192 2385 229 2446 de
243 2387 344 2447 divina
358 2387 526 2448 earumdem
540 2391 711 2449 auctoritate
724 2395 752 2449 et
765 2389 888 2465 ratione,
904 2390 1041 2450 novimus
1054 2402 1104 2447 ecs
1117 2402 1179 2446 ma·

1 2495 26 2560 5¹5·
102 2485 183 2544 xime
205 2487 315 2545 uersari
335 2485 371 2546 de
389 2485 573 2546 offendiculis
593 2485 701 2546 crebris
722 2494 751 2547 et
770 2490 906 2564 magnis,
933 2489 964 2546 ln
984 2501 1059 2563 quae
1079 2484 1181 2546 ieviter

1 2609 24 2658 p
102 2583 290 2660 impegissent
308 2583 426 2644 hebraei
447 2586 521 2645 inter
541 2587 679 2663 assyrios.
702 2585 775 2646 (lum
799 2589 876 2645 enim
898 2585 1070 2645 advertisset
1093 2589 1180 2644 antea

9 2699 13 2756 s
102 2679 233 2758 Scriptor
254 2682 428 2759 jadaeorum
453 2686 651 2759 captivitatem
673 2685 703 2742 ln
725 2686 866 2762 assyriis,
894 2683 932 2743 ob
955 2684 1055 2744 oculos
1079 2696 1180 2742 eorum

11 2803 25 2856 ‚e
103 2779 205 2856 objicit
224 2777 348 2840 urhlloia
365 2783 484 2856 omnia,
506 2780 611 2858 quibus
631 2780 669 2841 cb
688 2781 812 2842 ethnicis
832 2779 1013 2842 fabricantur
1033 2779 1131 2855 idola,
1152 2785 1182 2838 et

23 2907 26 2917 ·
104 2883 188 2938 actus
208 2893 308 2938 comm
327 2884 356 2939 et
376 2879 504 2956 cultum3
526 2887 555 2940 et
573 2881 645 2940 adeo
657 2883 688 2938 in
705 2881 769 2956 his,
791 2880 971 2941 ethnicorum
992 2879 1138 2940 insaniam
1152 2884 1181 2937 et

1 3009 26 3060 Ψ,
104 2975 311 3036 scurrilitatem
339 2976 501 3053 describit,
528 2985 561 3037 ut
585 2980 616 3036 in
641 2995 692 3037 cor
721 2981 814 3056 gentis
844 2994 914 3038 suae
939 2976 1045 3037 fundat
1067 2992 1182 3036 omnem

10 3113 26 3152 ,Ψ
105 3073 258 3150 gentillum
273 3076 382 3132 rituum
397 3073 607 3149 reprobationis
622 3083 651 3134 et
665 3075 888 3134 abominationis
902 3091 1030 3134 sensum.
1042 3075 1180 3150 Quisquis

103 3171 183 3231 hanc
202 3171 301 3248 legens
322 3171 472 3248 epistolam
485 3215 493 3247 ,
508 3169 571 3231 fleri
592 3189 651 3231 non
676 3177 788 3248 potest,
809 3187 847 3231 ne
867 3171 963 3232 ridens
984 3172 1106 3246 despuat
1127 3172 1181 3230 hu·

1 3307 26 3361 t·
98 3266 233 3345 jusmodi
254 3267 407 3327 hominum
429 3271 603 3346 ignaviam,
625 3271 676 3346 qul
696 3272 795 3327 omnia
814 3269 891 3328 bona
911 3285 991 3345 sua,
1012 3274 1042 3327 et
1066 3269 1180 3328 semoti·

2 3391 25 3448 ,ξ
103 3379 174 3442 psas
195 3381 309 3442 quoque
330 3365 459 3426 referunt
480 3366 517 3425 ad
538 3367 655 3426 inanem
675 3365 889 3442 substantiam,
907 3369 954 3425 cui
969 3365 1051 3425 nulia
1064 3372 1108 3425 est
1126 3367 1185 3423 vlr-

103 3470 175 3538 tus,
196 3479 289 3541 neque
309 3465 401 3525 multo
421 3467 518 3525 miuus
535 3467 576 3524 eis
591 3465 684 3542 bene,
702 3481 756 3524 neo
770 3465 846 3524 male
861 3464 966 3542 agendi
979 3464 1040 3525 ulla
1055 3469 1184 3541 praestat

2 3610 24 3647 Ψ)
104 3562 163 3622 vis.
186 3561 303 3635 Quanta
323 3579 410 3640 porro
431 3565 553 3624 veritate
572 3565 700 3641 polleant
719 3561 775 3624 hae
791 3565 924 3640 litterae,
946 3579 1092 3640 quamque
1112 3576 1181 3622 oon·

3 3647 15 3734 ζ’
103 3675 198 3738 gruac
217 3659 310 3737 liant,
331 3663 381 3738 qui
401 3668 531 3722 uetustas
552 3664 732 3740 assyriorum
752 3662 889 3722 historias
910 3662 1064 3721 contulerit
1077 3662 1113 3719 iis
1128 3659 1182 3718 ibl-

102 3757 174 3818 dem
189 3759 334 3836 narratis,
357 3767 454 3837 aperte
472 3759 528 3820 hoo
544 3763 685 3839 percipit,
706 3766 739 3820 ut
757 3762 829 3820 satis
845 3761 968 3819 novistis
983 3776 1020 3819 en
1033 3758 1182 3818 Herodoto

103 3854 252 3933 allisque,
272 3863 302 3916 ct
322 3873 339 3916 c
359 3856 515 3934 Scripturis
533 3858 810 3934 Proto-Gauouiois,
832 3863 862 3918 et
881 3858 1010 3918 maxime
1030 3873 1067 3916 cx
1080 3855 1182 3916 eodem

11 4005 17 4019 .
100 3954 241 4031 Daniele,
255 3970 322 4014 cum
335 3953 493 4016 Baltaasari
507 3956 687 4032 exprobrans
699 3957 877 4032 impietates,
892 3954 997 4032 quibus
1012 3958 1184 4029 peccaverat

3 4024 17 4131 'J
102 4055 139 4112 in
158 4049 272 4130 Deum,
293 4051 383 4113 dicit:
408 4051 446 4129 (a)
472 4051 554 4113 aSed
568 4053 723 4116 adversum
743 4053 954 4113 dominatorem
970 4051 1043 4112 coeli
1055 4050 1185 4112 elevatus

4 4179 11 4212 ,ν
101 4167 138 4212 es
154 4193 296 4212 ......
315 4151 391 4212 Deos
411 4166 526 4228 quoquc
547 4158 719 4230 argenteos,
741 4159 770 4212 et
790 4167 912 4228 aurcos,
934 4156 963 4210 et
983 4165 1102 4224 aereos,
1124 4146 1182 4206 fcr-

4 4343 7 4374 ;
134 4363 170 4427 (i)
184 4361 268 4413 critici
280 4365 342 4415 sacri
354 4365 413 4415 iarn.
426 4367 456 4414 V.
470 4389 500 4402 -
513 4363 546 4425 (a)
564 4366 625 4414 Dan.
641 4379 662 4414 r.
675 4367 706 4414 V.
721 4373 758 4416 2³.
