3086 5182
568 379 747 430 -tot-

21 491 22 498 ’
114 483 153 542 ab
176 483 371 546 eruditissimo
396 481 568 545 blanchinio
596 483 733 546 illustrati
758 487 788 544 in
814 485 956 548 vindieiis
981 486 1124 566 vulgatae
1148 489 1195 549 lii·

113 580 241 642 bllorum
264 582 410 643 editionis.
440 583 476 642 In
503 581 549 642 bis
577 597 664 661 porro
688 583 836 646 codicibus
864 591 966 646 notatu
987 584 1109 664 dignum
1131 592 1195 663 est,

19 715 21 730 ι
112 695 268 740 numemm
291 686 321 740 et
343 679 476 742 ordinem
502 682 562 742 iere
583 683 718 743 eumdem
739 699 803 744 esse
825 700 860 743 ae
881 685 913 743 in
935 683 1027 744 altero
1046 682 1197 744 Amiotioo

18 815 25 830 ι.
113 786 229 854 praeter
251 779 405 855 Paulmos,
427 782 478 858 qni
494 783 622 857 excerpti
635 788 725 859 sunt,
745 787 779 843 ut
799 780 841 842 ibi
856 787 995 858 notatur,
1016 780 1053 840 de
1072 780 1197 841 mansla-

20 869 26 928 ἰ
114 879 195 937 tione
217 877 407 956 Septuaginta
428 881 617 956 interpretum
638 895 657 940 a
675 879 745 940 divo
766 880 947 960 Hieronymo
969 879 1132 940 emendate.
1160 879 1196 938 In

113 978 245 1056 utrisque
266 978 447 1040 desideratur
465 977 538 1039 liber
559 979 697 1057 Baruch,
718 985 748 1040 et
768 978 886 1040 additus
905 984 950 1039 est
970 978 1106 1039 Psalmus
1125 985 1193 1039 151.

112 1093 181 1136 cum
190 1077 292 1136 eadem
304 1079 491 1154 inscriptione
504 1077 700 1158 apocryphos,
713 1081 758 1139 uti
768 1079 876 1156 iegitur
885 1081 917 1137 in
930 1077 1029 1138 codice
1043 1078 1193 1137 amiatino.

15 1169 16 1208 Τ
113 1176 149 1236 ln
165 1176 264 1236 codiee
276 1176 489 1237 vindobonensi
503 1179 618 1254 signato
632 1179 669 1238 ll.
693 1187 742 1238 22.
764 1180 815 1256 qui
833 1178 962 1255 ejusdem
979 1177 1077 1237 Caroli
1095 1176 1197 1253 Magni

113 1289 223 1335 nomen
245 1275 413 1353 praesefert,
434 1282 498 1336 eta
518 1276 638 1336 Radone
661 1275 766 1337 abbate
787 1277 928 1354 coHatus,
949 1276 1083 1336 eumdem
1096 1289 1196 1333 nume·

113 1389 182 1432 rum
204 1371 345 1432 librorum
363 1373 460 1434 tradit.
479 1373 589 1434 Psalmi
602 1376 688 1435 initio
701 1374 808 1435 codicis
821 1374 1019 1435 inscribuntur
1036 1389 1074 1433 ex
1091 1373 1197 1432 versio-

12 1485 15 1524 ι
110 1487 150 1529 ne
173 1473 343 1548 aegyptiaca
364 1473 522 1547 translati,
543 1487 604 1533 una
623 1488 691 1532 oum
708 1473 826 1533 Psalmo
847 1471 1016 1550 apocrypho
1031 1477 1098 1529 iti.
1117 1468 1194 1529 Seri·

111 1573 217 1644 pturae
243 1569 385 1630 Deuterae
410 1572 442 1630 in
470 1569 529 1631 line
559 1569 627 1631 iibri
658 1570 787 1632 listlraris
816 1577 881 1647 post
909 1569 1193 1644 Proto-canonicos,

10 1683 28 1725 n
105 1671 274 1746 junguntur
295 1668 403 1746 absque
425 1669 488 1729 ulla
512 1675 603 1748 nota;
625 1675 654 1731 et
673 1671 754 1731 deest
773 1670 846 1729 liber
862 1667 987 1729 bameh.
1010 1665 1108 1728 Codex
1122 1664 1195 1726 alter

9 1811 11 1825 .
112 1767 360 1845 Hieronymianaa
379 1770 522 1828 versionis
542 1769 638 1830 Guvee
662 1770 741 1846 apud
764 1769 916 1830 Salernum
938 1766 977 1829 ad
998 1764 1129 1828 eamdem
1150 1779 1194 1824 ae

8 1865 28 1924 ²:
111 1870 204 1924 tatem
232 1865 416 1944 referendus,
444 1882 545 1928 omues
568 1871 671 1929 citatos
692 1868 781 1928 libros
808 1870 925 1928 mixtim
946 1865 1057 1943 profert
1081 1868 1195 1940 praeter

111 1963 241 2026 Barucb.
263 1964 372 2026 Psalmi
393 1965 593 2026 inscribuntur
612 1971 700 2044 Juxta
721 1967 847 2044 ltaiam3
874 1965 925 2028 sed
948 1968 980 2025 in
1008 1963 1066 2025 tine
1086 1962 1194 2024 codicis

8 2063 27 2123 'e'
112 2062 251 2142 leguntur
269 2067 357 2142 juxta
376 2065 548 2143 Hieronymi
571 2067 744 2125 versionem.

6 2179 28 2224 ιι
152 2163 228 2224 item
247 2163 320 2224 aiter
340 2165 537 2224 casanatensis
557 2165 635 2224 circa
653 2161 785 2223 eamdem
805 2169 929 2222 aetatem
946 2159 991 2221 lit.
1006 2159 1040 2218 Β.
1056 2173 1108 2218 nu.
1119 2158 1144 2217 1.
1161 2163 1190 2216 8.

21 2279 25 2316 e
113 2261 219 2322 citatas
234 2261 397 2338 Scripturas
410 2265 573 2340 promiscue
586 2263 730 2339 continet,
744 2263 792 2322 cui
805 2261 885 2321 deest
896 2258 1027 2337 Barucb,
1043 2265 1073 2318 et
1083 2255 1194 2316 Psalmi

4 2371 10 2406 v
111 2357 269 2420 traduntur
284 2363 372 2438 juxta
391 2362 541 2438 antiquam
567 2377 603 2420 ex
629 2367 678 2420 ⁷0.
702 2362 877 2420 versionem.
902 2358 1016 2418 Pariter
1036 2358 1068 2415 in
1088 2352 1193 2414 biblio·

3 2477 25 2525 ι·-
112 2455 201 2518 theca
223 2457 355 2535 angelica
374 2457 466 2519 codex
486 2458 724 2518 membranaceus
744 2457 788 2517 lit.
796 2457 836 2517 T.
849 2473 931 2516 num.
945 2455 971 2514 1.
990 2462 1020 2514 9.
1043 2457 1124 2514 extat
1143 2449 1193 2511 ad·

16 2609 18 2618 ,
111 2553 234 2614 modum
259 2557 407 2633 antiquus.
432 2555 544 2616 Ibidem
569 2557 649 2617 deest
669 2554 742 2616 liber
765 2555 891 2616 Baruch.
905 2553 953 2614 'Hi
977 2553 1058 2613 citati
1077 2549 1192 2610 codices

7 2665 22 2720 a·
112 2653 256 2711 versionis
294 2653 540 2732 Hieronymianae
573 2655 732 2731 generatim
768 2653 906 2712 videntur
941 2651 1013 2711 alios
1048 2653 1193 2709 vetustate

114 2765 271 2826 superare,
294 2768 417 2828 quorum
438 2755 541 2829 eopia,
562 2750 666 2813 deiude
679 2767 751 2812 cura
769 2751 953 2828 potIssimum
971 2753 1001 2809 et
1013 2747 1109 2809 studio
1127 2761 1189 2806 mo·

111 2847 275 2908 nachorum
299 2866 325 2910 s.
344 2851 491 2912 Benedicti
507 2851 623 2911 saeculo
637 2867 669 2911 x.
685 2867 732 2910 ιιι.
750 2855 805 2910 etc.
827 2851 860 2909 in
877 2849 998 2910 ecclesia
1019 2844 1193 2908 occidentali

113 2947 237 3024 volgata
256 2953 310 3008 est.

2 3069 11 3114 ι,
153 3041 239 3104 Circo
264 3061 335 3118 vero
358 3044 516 3106 celebratos
542 3045 656 3106 codices
678 3045 895 3106 observandum
916 3051 985 3122 est,
1010 3045 1137 3122 primum
1159 3047 1194 3102 ut

109 3141 194 3220 dlxi,
215 3145 246 3202 in
263 3144 310 3204 iris
328 3144 508 3205 desideratur
525 3143 598 3204 iiber
616 3144 748 3222 Barueb3
769 3145 820 3205 sed
836 3144 893 3204 boc
907 3159 968 3204 non
981 3145 1110 3219 udrum,
1125 3155 1193 3200 oum

1 3235 3 3242 ⁴
111 3256 138 3300 s.
161 3241 357 3321 Hieronymus
379 3243 467 3320 hujus
488 3242 554 3302 iibri
577 3244 739 3302 versionem
763 3245 922 3320 tr·ansegit;
950 3247 1077 3302 ettamen
1099 3240 1192 3299 laten

112 3336 187 3398 duro
208 3345 253 3402 est
275 3339 391 3400 eosdem
414 3340 596 3418 monachos,
618 3341 703 3401 sium
725 3345 754 3400 at
779 3341 852 3401 aiios
870 3342 1044 3416 scriptores,
1070 3338 1120 3413 qui
1144 3351 1193 3395 eos

111 3435 226 3496 codices
246 3438 480 3499 transcribendos
504 3445 664 3515 curarunt,
686 3441 811 3514 citasse,
832 3442 861 3498 et
883 3442 918 3498 ut
940 3437 1073 3496 divinam
1096 3439 1194 3495 aucto

112 3535 230 3594 ritatem
255 3537 414 3613 appellasse
438 3537 553 3598 Beruoh
578 3537 695 3597 librum.
720 3535 756 3596 Id
779 3542 901 3614 egerunt
927 3534 1105 3609 lietbertus,
1133 3531 1192 3593 ita-

1 3678 9 3716 ,
111 3629 219 3710 banus,
233 3634 427 3713 lindolphus,
448 3635 550 3696 Petrus
559 3636 741 3713 Damianos,
761 3633 847 3694 divus
865 3623 1050 3709 Bernardus,
1071 3631 1190 3707 aliique,

111 3737 147 3791 ut
169 3730 256 3792 Parte
279 3751 302 3793 1.
326 3749 367 3794 ex
392 3749 491 3794 eorum
516 3737 631 3812 scriptis
655 3735 775 3812 protuli.
800 3733 941 3794 Nonnulli
959 3739 1058 3792 nmen
1081 3729 1194 3790 codices

2 3875 6 3913 ,
111 3829 161 3889 vel
183 3834 356 3892 recentiores
378 3833 425 3892 vei
450 3835 624 3893 accuratiori
647 3850 737 3894 manu
759 3834 896 3909 descripti
916 3831 1037 3891 uadunt
1059 3828 1138 3889 bunc
1158 3827 1193 3888 ii·
1273 3865 1276 3876 ι

110 3925 209 3986 brom.
231 3929 267 3988 ln
284 3945 384 3990 museo
401 3947 527 4007 namque
544 3931 726 4009 britannico,
744 3935 788 3992 uti
803 3932 932 4008 excerpsi
951 3933 983 3990 ln
995 3929 1090 3988 indice
1103 3929 1194 4004 iilius,

112 4024 172 4084 duo
192 4030 390 4105 manuscripta
404 4029 575 4108 Hieronymi
596 4033 760 4090 versionem
781 4033 949 4108 continent,
971 4036 1000 4090 et
1021 4029 1129 4088 librum
1141 4027 1195 4084 Bu·

112 4124 188 4183 roob
203 4131 268 4202 post
281 4127 457 4188 Hieremiam
471 4127 567 4204 (sicuti
580 4127 749 4204 antiquitus)
762 4127 928 4202 ostendunt,
941 4142 1034 4186 unum
1046 4131 1193 4198 nminat,

110 4228 141 4282 et
159 4223 284 4284 aiterum
305 4233 382 4286 2798
404 4228 538 4304 signata,
559 4242 652 4304 quae,
675 4225 790 4284 saeculo
810 4242 841 4283 ιι.
864 4224 912 4284 vei
932 4225 1027 4298 ultra,
1050 4222 1194 4296 descripta

110 4319 358 4386 temptantum
379 4328 450 4386 item
467 4325 558 4387 codex
581 4324 741 4384 Bibliorum
764 4325 794 4382 in
818 4323 994 4382 bibliotheca
1007 4321 1194 4381 casanatensi
