3070 5180
559 427 600 438 -
622 412 655 454 rx
676 429 715 439 -
1101 445 1116 466 ,

100 527 186 607 cta,
210 536 317 616 quae
330 527 561 616 opportuno
573 511 710 616 potuit
722 537 795 617 per
817 510 956 590 orbem
975 529 1172 593 terrarum

99 641 392 740 disseminari,
435 669 508 750 per
546 643 673 722 varias
715 645 977 752 interpretum
1022 649 1177 756 linguas

100 776 224 883 longe
249 776 409 882 lateque
431 773 603 874 diffusa,
627 777 892 857 innotesceret
916 781 1103 884 gentibus
1126 781 1176 861 ad

98 908 299 1004 salutem,
329 937 450 1015 quam
485 909 658 1016 legentes
689 910 790 988 nihil
814 910 922 989 aliud
952 932 1173 1020 appetunt,

97 1069 228 1147 quam
263 1041 549 1150 cogitationes,
579 1059 618 1122 et
654 1043 900 1122 voluntatem
934 1045 1120 1143 illorum,
1154 1075 1177 1126 a

97 1172 258 1280 quibus
269 1176 494 1282 conscripta
516 1192 574 1254 est
589 1237 599 1273 ‚
614 1177 817 1272 invenire,
848 1195 887 1255 et
904 1205 977 1284 per
997 1177 1085 1255 illos
1106 1206 1177 1257 vo-

98 1306 302 1386 luntatem
335 1308 435 1406 Dei,
466 1307 687 1388 secundum
719 1337 841 1417 quam
874 1311 970 1388 tales
995 1311 1177 1392 homines

100 1438 265 1518 locutos
290 1438 544 1518 credimus.»

158 1573 270 1652 Haeo
297 1591 496 1680 postrema
527 1573 688 1681 eloquia
714 1601 834 1672 vero,
873 1576 1049 1683 inspecta
1090 1575 1177 1653 illo-

102 1733 195 1784 rum
231 1704 388 1803 indole,
414 1704 560 1785 distare
587 1733 609 1784 a
636 1708 882 1816 primigeniis
918 1709 994 1786 illis
1028 1709 1176 1816 linguis

104 1839 398 1936 hebraeorum,
427 1857 467 1918 et
492 1839 798 1940 chaldaeorum,
825 1843 1066 1950 apertissime
1081 1871 1177 1922 oon·

104 1990 183 2051 stat
215 1989 305 2050 tum
344 1975 630 2052 sententiarum
660 1975 726 2072 vi,
755 1993 842 2053 tum
878 1975 1092 2054 verborum
1125 1978 1189 2054 si·'

104 2105 383 2212 gnificatione,
402 2108 475 2186 etsi
494 2105 631 2214 quoad
649 2107 908 2186 substantiam
937 2107 1073 2187 eadem
1092 2110 1178 2187 ubi·

107 2268 189 2347 que
212 2241 307 2320 sint.
334 2241 393 2320 Ita
414 2241 543 2320 versio
565 2239 838 2337 alexandrina,
855 2258 894 2318 et
914 2239 1070 2346 Scripta
1088 2269 1178 2348 apo

107 2375 263 2472 stolica,
291 2375 441 2454 etiamsi
464 2403 697 2483 graecorum
711 2374 848 2480 lingua
869 2391 1042 2472 exarata,
1063 2402 1176 2481 prae-

107 2508 244 2586 sertim
268 2524 362 2587 sunt
385 2509 452 2587 hie
478 2505 849 2605 animadvertenda,
879 2535 983 2615 quae
1005 2506 1086 2587 fere
1107 2508 1178 2586 lu-

107 2639 303 2721 daeorum
315 2643 450 2749 phrasi
467 2643 602 2749 potius
622 2639 917 2748 adaequantur,
934 2668 1057 2747 quam
1076 2669 1179 2720 oom-

109 2775 224 2853 rnuni
244 2765 478 2881 graecorum
493 2773 682 2874 dictioni;
713 2803 759 2853 ao
777 2799 873 2882 prae
891 2775 1031 2852 ceteris
1056 2775 1193 2854 latina.

107 2907 268 3014 lingua,
300 2937 382 3014 qua
407 2909 598 3016 leguntur
621 2907 779 2987 divinae
805 2909 900 2986 istae
926 2905 1176 3015 Scripturae,

108 3059 147 3119 et
160 3057 298 3120 nostra
312 3039 471 3121 dicendi
482 3043 584 3121 ratio
599 3040 798 3121 notandae
810 3057 1028 3148 sunt,quae
1042 3040 1092 3118 ab
1107 3041 1180 3116 ori·

108 3173 311 3280 ginalibus
324 3201 446 3282 qnam
464 3175 690 3282 longissime
708 3175 877 3272 absunt,
898 3189 944 3251 ut
964 3172 1084 3278 vulgo
1101 3173 1178 3250 hoc

107 3305 151 3384 in
182 3306 512 3386 translationibus
539 3335 590 3386 ex
621 3336 715 3386 una·
729 3306 780 3386 ad
809 3307 970 3385 alteram
1003 3306 1179 3412 linguam

108 3439 269 3518 evenire
289 3440 401 3518 solet.
425 3440 497 3520 His
517 3438 638 3520 addas
656 3468 839 3548 quoque,
862 3439 1017 3546 Scripta
1035 3439 1107 3516 ista
1124 3438 1180 3515 in·

109 3572 280 3680 spirata,
313 3592 472 3680 praeter
497 3575 714 3653 maximum
743 3571 974 3652 eorumdem
1003 3598 1180 3651 momen·

109 3723 198 3782 tum
223 3706 267 3783 in
290 3706 436 3785 Christi
463 3707 656 3804 Ecclesia,
687 3735 769 3786 esse
790 3733 955 3814 quoque
978 3703 1176 3800 difficilia,

110 3855 151 3916 et
173 3837 369 3936 obscura,
395 3866 569 3951 quorum
589 3841 837 3948 potissimum
858 3865 977 3917 causa
999 3838 1050 3918 ab
1077 3855 1180 3916 aeta·

110 3973 162 4049 tis
187 3970 460 4077 longitudine,
488 4001 571 4079 qua
599 3971 744 4052 tradita
762 3989 873 4069 sunt,
894 3972 1110 4078 repetitur,
1140 3986 1179 4048 et

113 4104 189 4182 loci
218 4105 544 4204 circumstantiis,
573 4123 613 4185 et
637 4107 831 4204 virorum,
863 4106 935 4212 qui
962 4104 1086 4184 veluti
1110 4129 1180 4180 au-

114 4254 243 4318 ctores
262 4239 481 4319 Bibliorum
501 4241 666 4322 istorum
689 4237 934 4337 secundarii,
951 4265 1017 4318 seu
1039 4234 1181 4316 divini·
