3086 5182
588 343 623 356 ...
648 319 683 373 41
708 343 747 358 .-

132 426 338 490 animadvertit
357 427 510 490 honestum
530 431 562 490 in
582 431 739 492 lloioiame
760 447 889 492 amorem
909 433 1056 511 exulare,
1078 447 1113 495 ae
1128 433 1209 497 licito

9 545 13 586 1
133 527 202 588 dein
221 533 428 606 stratagemate
446 529 490 589 uti
509 529 636 590 voluisse
648 529 819 592 luditham:
845 530 939 591 uideo
958 531 1080 594 civilius
1092 533 1210 610 politica

134 625 303 686 adoratione
322 641 421 686 eoram
441 643 475 688 ao
490 644 544 704 pro
563 645 644 688 mure
664 629 849 690 orientalium
867 631 1210 706 sequerenturque

132 725 304 802 obsequium
323 741 403 785 mere
421 727 572 802 politicum
592 727 743 804 professa,
765 727 816 788 uiri
837 728 977 804 agebatur
997 727 1033 788 de
1056 743 1145 789 eausa
1161 745 1210 806 pu·

132 825 207 882 triae
226 830 256 884 et
274 823 443 902 religionis,
460 827 574 901 juravit
593 841 645 900 per
665 824 1006 902 Nabuchodonosorum,
1028 831 1057 885 et
1076 825 1209 886 Hululer·

131 935 220 997 nem,
241 922 313 998 quin
333 922 364 980 111
384 923 421 982 iis
440 923 549 982 numen
570 923 689 1000 aliquod
709 929 947 1000 reeugnoseeret,
968 924 1012 982 uti
1031 923 1139 1000 loseph
1159 941 1210 1000 per

132 1018 258 1078 salutem
277 1017 460 1096 Pharaonis,
481 1019 568 1080 Anna
587 1026 681 1082 muter
700 1019 863 1097 Samuelis,
893 1019 1043 1097 illistam,
1069 1019 1209 1098 Abigail,

18 1139 21 1179 1
133 1115 233 1177 Abner
252 1119 415 1193 ρε111111111
434 1118 586 1178 hormuum
608 1122 767 1195 jurarunt,
795 1133 830 1178 ae
850 1117 951 1178 divino
972 1117 1081 1195 Spiritu
1101 1116 1209 1196 dueta,

9 1245 10 1274 1
93 1295 98 1307 .
132 1217 252 1292 eiusque
271 1215 381 1276 auxilio
400 1216 512 1276 eundae
530 1231 584 1292 pro
603 1217 768 1293 ρ1111111,ε1
791 1217 931 1294 reiigione
950 1217 980 1276 in
1002 1214 1098 1276 media
1115 1231 1147 1276 se
1160 1233 1209 1292 pe·

133 1311 227 1372 rieule
236 1313 356 1389 intulit,
370 1327 422 1389 per
434 1299 590 1374 turmulam
604 1313 778 1374 urbanitatis
790 1327 878 1378 sensu
891 1311 968 1373 bonu
986 1312 1079 1374 dixit:
1097 1312 1211 1386 -Quut

133 1411 204 1488 quid
223 1411 266 1472 1111
286 1411 445 1489 placuerit,
466 1412 522 1472 hoe
541 1413 614 1472 milri
634 1415 689 1474 erit
702 1415 863 1490 optimum:
885 1443 898 1457 ·
919 1424 954 1472 ae
973 1411 1090 1472 diversa
1102 1428 1121 1472 a
1133 1427 1210 1472 eum·

16 1523 18 1530 ·
133 1511 215 1570 munt
236 1523 317 1570 more
331 1515 360 1570 et
373 1512 541 1570 oeconomia
553 1510 711 1588 munuiiu,
732 1526 807 1588 quae
826 1511 951 1588 speeiem
965 1511 1160 1572 simulationis
1180 1517 1210 1570 et

22 1635 25 1674 ;
133 1607 277 1668 mandauit
295 1606 424 1683 habent,
445 1609 505 1685 agit
524 1607 678 1685 locutaque
690 1607 787 1668 luit.»

173 1702 317 1764 advenas
338 1707 475 1782 iusuper,
503 1705 646 1782 judaeos,
676 1709 710 1768 ut
728 1705 835 1783 legitur
862 1721 897 1766 ea
916 1707 947 1766 in
967 1705 1113 1781 humela,
1139 1711 1210 1766 tune

132 1801 270 1875 temporis
284 1799 337 1860 Del
347 1801 476 1878 uultum,
490 1803 621 1878 proprias
635 1802 724 1882 leges,
739 1819 818 1879 opes,
834 1801 922 1880 illius,
936 1803 1111 1879 libertatem,
1128 1819 1207 1862 uum·

133 1898 220 1958 moda
229 1900 328 1957 omnia
339 1913 539 1977 propugnatne
549 1907 651 1962 eontra
665 1899 984 1964 Nabuchodonosorum
996 1901 1126 1977 Ochum,
1142 1903 1209 1978 qui,

134 2001 217 2074 putre
236 2003 265 2056 et
283 1998 407 2075 satrapis
427 1999 510 2076 regni
529 1999 653 2075 invitis,
682 1999 821 2060 thronum
841 2015 992 2076 persarum
1017 2001 1106 2074 impie
1125 2013 1210 2058 ouuu·

19 2081 22 2093 ¹
132 2091 509 2173 purgamentorum
523 2095 695 2173 destruens,
715 2096 856 2157 ludeeam
875 2099 984 2157 invasit
1003 2097 1117 2172 auimo,
1131 2093 1211 2154 iliius

133 2191 244 2254 ineolas
264 2193 399 2254 omnihus
418 2193 573 2269 praedietis
586 2194 670 2254 bonis
683 2194 819 2274 privandi
835 2199 864 2254 et
878 2194 1019 2271 amplum
1032 2193 1086 2254 Dei
1096 2191 1212 2252 diruan-

134 2289 184 2368 di,
206 2305 280 2367 quae
300 2290 417 2369 quidem
437 2293 537 2353 omnia
555 2291 637 2352 nulio
655 2291 744 2352 modu
763 2291 898 2354 abdicare
916 2295 1051 2368 poterent
1069 2289 1210 2365 hebraei,

131 2391 295 2464 quinimmo
314 2392 395 2448 omni
410 2391 478 2466 jure
497 2389 685 2452 vindicanda.
707 2390 745 2450 lit
758 2389 796 2450 ule
816 2389 872 2450 hue
891 2388 1023 2450 illemeus
1037 2385 1210 2450 Alexandri-

134 2503 191 2546 nus
211 2486 389 2548 Strumatum
409 2487 484 2547 libro
499 2503 544 2548 tv.
559 2488 650 2549 liade
663 2487 854 2550 haemuilere
866 2486 1001 2548 disserit:
1028 2511 1040 2537 α
1053 2485 1110 2546 Sed
1123 2487 1212 2546 etlam

15 2619 17 2628 =
133 2582 256 2662 iudith,
273 2601 352 2662 quae
372 2591 573 2646 eonsummata
598 2586 655 2646 luit
680 2587 757 2654 inter
776 2586 937 2661 mulieres,
961 2599 1028 2644 eum
1048 2581 1213 2644 assaturis

25 2724 27 2732 .
134 2683 343 2761 eirmmsessa,
365 2687 482 2761 preeata
502 2685 633 2746 seniores
648 2683 811 2762 ingreditur
836 2683 955 2760 quidem
973 2683 1006 2742 iu
1025 2687 1122 2744 eastra
1143 2682 1213 2742 ulie·

132 2781 327 2860 trigenas-um,
356 2797 443 2842 omne
461 2781 623 2859 peneuiam
648 2787 856 2859 contemnens,
886 2782 1059 2858 propatula
1087 2781 1212 2856 seipsum

134 2877 252 2938 undem
279 2879 411 2940 hostibus
430 2873 461 2940 in
481 2880 539 2941 ride
563 2875 639 2958 θείς
660 2885 790 2959 praemia
816 2887 912 2942 autem
932 2879 1000 2940 iidei
1020 2894 1089 2940 mox
1109 2879 1215 2954 aeelpit

132 2977 259 3055 mulier,
280 2993 347 3037 unm
367 2979 398 3037 in
420 2977 533 3038 lrostem
551 2978 621 3038 ildei
633 2995 665 3040 se
677 2979 824 3056 praeclare
844 2981 1000 3056 gessum
1021 2981 1051 3037 et
1069 2977 1161 3052 potita
1175 2976 1214 3035 sit

131 3075 228 3150 εερ11ε
237 3073 528 3136 ΗοΙο1111111.11)11111
536 3063 907 3154 Augustinus,quaestiona
915 3091 1001 3152 super
1009 3074 1110 3151 lasne,
1124 3071 1214 3133 verbu

11 3219 13 3228 .
134 3169 224 3248 dieii,
234 3187 311 3250 quae
321 3171 424 3233 luditis
437 3187 526 3250 opera
538 3172 747 3249 comprobent:
769 3197 782 3224 «
793 3171 867 3232 Cum
878 3175 991 3248 1111111111
1004 3170 1113 3230 beilum
1127 3169 1215 3228 homo

130 3271 230 3344 justus
246 3271 423 3348 susceperit,
445 3276 545 3331 utrum
566 3277 666 3347 aperta
684 3283 804 3347 pugna,
834 3275 933 3330 utrum
947 3267 1068 3330 tmtdits
1082 3268 1213 3341 artum,

135 3365 209 3426 11111
229 3369 386 3430 nerea.»
410 3369 485 3430 rtem
497 3369 573 3430 trau
589 3385 612 3428 1.
629 3369 668 3428 aa
682 3368 807 3428 uuna
826 3347 879 3428 riu
892 3381 919 3428 a.
935 3375 984 3428 11.
1000 3363 1103 3425 aaut:
1129 3363 1213 3424 «ua-

9 3461 11 3490 ‘
132 3477 282 3544 quaquam
293 3474 395 3527 eontra
408 3467 465 3528 hoe
476 3467 607 3528 iecerunt
617 3472 824 3546 praeseptum,
839 3465 918 3544 quot
928 3465 1040 3524 dietum
1050 3469 1115 3524 est:
1133 3477 1214 3520 -uou

20 3568 21 3576 ’
133 3563 267 3624 ueeides:
284 3567 361 3642 -qui
382 3565 442 3627 Deo
462 3571 580 3626 aratore
593 3565 669 3626 balla
687 3571 857 3643 gesseram,
879 3569 931 3624 aut
945 3575 1099 3640 personam
1113 3573 1213 3637 getan·

133 3667 178 3720 tes
195 3661 330 3737 publicae
349 3666 499 3740 potestatis
519 3663 680 3724 seeundum
699 3663 778 3741 teges
798 3666 881 3740 elue,
910 3660 1088 3736 1111111111
1112 3659 1214 3736 justis·

9 3757 12 3788 ⁹
133 3761 226 3820 simae
245 3763 366 3822 rationis
385 3763 558 3838 imperium,
584 3761 738 3822 soeierutm
751 3767 845 3822 morte
857 3761 1052 3836 punierunt.»
1083 3753 1215 3818 &malus

134 3857 166 3914 in
180 3856 259 3918 hune
273 3858 382 3918 librum
395 3858 441 3918 his
454 3859 612 3936 Augustini
626 3860 778 3920 seumntlia
792 3857 933 3934 plaudens
947 3857 1095 3933 sequitur:
1114 3853 1215 3914 «Cum

128 3958 245 4031 Jusmm
257 3951 387 4032 1111111111,
402 3954 568 4033 divinisque
580 3956 693 4034 legibus
707 3963 932 4016 eonsentaneum
945 3959 1009 4030 eat,
1025 3953 1091 4012 lieet
1102 3951 1215 4011 hostem

134 4051 207 4128 ubi,
223 4059 252 4113 et
265 4053 383 4131 quando
399 4069 461 4114 sese
477 4053 565 4114 ollert
580 4056 716 4129 occasio,
737 4069 859 4128 neema,
879 4067 914 4112 ae
926 4058 990 4112 arm
1003 4051 1136 4128 quisquis
1147 4064 1214 4108 eum

133 4157 238 4228 necat,
259 4151 377 4212 divinae
393 4153 524 4230 justitiae
545 4153 676 4212 minister
696 4157 750 4212 est.
773 4177 785 4204 1
809 4151 989 4212 Praeoitatus
1009 4148 1133 4223 denique
1153 4145 1216 4205 Ori·

11 4316 15 4342 ,
133 4263 235 4327 genes,
250 4265 317 4312 eum
330 4254 406 4312 tuter
424 4251 496 4312 aiios
511 4253 589 4312 viros
606 4248 724 4328 (11111111,
736 4256 884 4328 gesturum
897 4246 1001 4312 iudith
1014 4243 1216 4306 reatitudluem
