2964 5174
455 443 495 454 ...
518 420 573 472 145
597 443 637 456 ...

45 547 112 608 arras,
130 529 213 590 Isaiae
230 545 322 606 auans3
340 529 503 591 Hieremiae
518 546 586 591 mum
614 532 748 608 Baruch,
765 533 1041 614 lamentationibus,
1062 541 1091 597 ei

44 629 135 705 qistola
150 645 236 704 uuus;
249 628 354 688 delude
367 629 498 689 Ezechiel
517 636 546 688 et
563 629 703 706 Danielis,
719 629 792 689 liber
804 635 911 692 veteris
925 637 1091 694 testamenti

43 727 154 786 secundus
174 741 260 803 supra
276 729 468 804 vigesimum:
488 728 591 787 aNovl
611 731 778 789 testamenti
799 731 916 790 censitis
932 729 1014 791 libris
1037 734 1089 808 ait,

42 826 67 878 lt
77 827 97 878 a·
112 827 184 880 aetas
199 828 280 880 asna
298 823 351 895 ἔξω
368 826 413 900 (et
430 826 486 886 hoc
498 827 675 887 vocabulum
688 830 720 886 in
737 828 838 888 multis
851 828 1001 890 mdieihus
1018 829 1091 890 desi-

43 917 131 978 daralu
141 924 222 996 Juxta
241 921 409 999 Maurinos)
425 923 502 980 κιίθνν
522 925 547 980 ἐν
562 927 676 996 διυτέρῳ·
691 927 736 981 καὶ
753 925 805 982 ὅσα
820 929 867 1000 μὲν
883 925 909 980 ἐν
921 927 1091 992 'cauteriata

41 1017 64 1084 μή
77 1017 270 1090 ἀναγινώσκεται,
289 1023 373 1074 ταῦτα
392 1021 457 1092 μηδὲ
471 1021 539 1092 μετά
556 1023 653 1075 σιιιιτόν
668 1020 839 1092 dra-plancas,
862 1019 948 1083 καθνις
963 1021 1092 1086 ἤκουσας,

42 1108 54 1162 i.
65 1123 85 1164 e.
99 1109 210 1186 llallqua
224 1118 320 1171 autem
335 1115 434 1171 omnia
447 1117 535 1172 extro
548 1113 677 1172 secundo
690 1113 754 1177 loco
768 1112 947 1187 habeantur,
962 1118 991 1170 et
1004 1128 1091 1189 quae·

41 1219 135 1282 nuque
150 1211 179 1266 ln
195 1210 321 1269 ecclesiis
346 1226 406 1270 non
420 1210 573 1288 leguntur,
589 1210 662 1269 haec
675 1226 769 1286 neque
786 1212 924 1285 privatim
940 1211 1038 1286 legas,
1054 1213 1091 1269 sl·

40 1303 80 1361 auti
98 1305 233 1366 audivisti.
249 1333 261 1358 ν
280 1307 360 1368 llaec
378 1307 440 1367 divi
453 1307 556 1390 Cyrilli
570 1314 614 1368 est
626 1307 663 1368 de
678 1308 835 1383 scripturis
851 1307 960 1368 divinls
978 1313 1091 1368 senten

40 1399 81 1473 da,
97 1399 129 1458 ad
145 1418 230 1478 quam
255 1405 545 1464 animadvertendam
568 1421 673 1481 parum
699 1407 839 1480 temporis
867 1408 954 1465 iusto.
989 1405 1089 1464 Primo

40 1503 113 1556 matu
127 1499 243 1578 dignum
256 1510 319 1580 est,
335 1503 483 1586 doctorem
500 1504 661 1563 adolevisse
679 1519 713 1564 ac
729 1503 865 1563 edoctum
882 1503 972 1562 luisse
986 1504 1088 1563 Hiero·

40 1594 142 1674 solymis,
159 1605 187 1658 et
198 1603 393 1662 ministerium
407 1603 631 1679 praedicationis
644 1602 686 1661 ibi
699 1604 875 1678 suscepisse,
888 1617 963 1678 quae
976 1617 1022 1660 res
1036 1617 1088 1676 po·

39 1697 116 1752 ammo
131 1696 213 1774 hujus
227 1702 406 1775 quaestionis
421 1702 484 1760 loco
501 1699 746 1778 peruamahitur,
766 1701 817 1759 ubi
841 1700 979 1760 ecclesiae
999 1699 1088 1776 hujus

39 1791 157 1862 audentia
175 1795 229 1856 hoc
255 1800 285 1856 in
310 1802 427 1876 negotio
449 1799 575 1876 patellet.
597 1799 708 1858 Deinde
734 1799 871 1858 observes
888 1813 1004 1856 necesse
1033 1799 1089 1859 erit

39 1887 148 1966 quidquid
163 1895 222 1970 ipse
235 1896 307 1954 huic
321 1895 432 1956 Canonl
452 1897 616 1974 addiderit,
631 1897 742 1956 scillcet
761 1899 855 1956 inesse
869 1895 942 1955 alios
959 1894 1088 1971 Scriptu-

38 1999 70 2044 raa
85 1987 180 2067 libros,
203 2009 278 2069 quos
305 1995 509 2074 apocryphos,
531 2001 734 2054 controversos
754 2011 870 2070 nempe,
879 1997 1088 2068 nuncupat,et

38 2085 134 2146 secundo
154 2090 255 2150 ordine
272 2108 320 2152 eos
341 2092 398 2170 legi
417 2095 567 2169 praecipit.
590 2090 816 2150 Animadvertas
834 2107 949 2167 quoque
968 2090 1036 2148 volo
1053 2103 1088 2148 ea

37 2181 113 2242 verba:
130 2211 141 2236 ν
151 2187 355 2266 Quaecumque
377 2193 408 2249 ln
424 2191 552 2250 ecclesiis
566 2206 627 2248 uon
643 2189 796 2266 legamtur,
815 2188 867 2248 illa
882 2203 977 2264 neque
989 2189 1087 2263 priva·

36 2279 71 2336 im
82 2279 183 2359 legas.»
200 2287 395 2364 Nequaquam
409 2289 498 2348 libros
510 2294 626 2348 nostros
639 2286 940 2348 Dentato-canonicos
953 2300 1087 2362 arguere,

38 2388 203 2445 vaunnam
220 2387 313 2446 libros
331 2389 462 2465 spurios,
476 2390 596 2464 noxios,
613 2389 665 2465 qui
682 2387 720 2446 ab
740 2387 893 2447 haereticis
908 2386 1044 2461 etlmpiis
1057 2387 1088 2444 iu

37 2473 114 2540 Christi
130 2483 288 2546 Ecclesiam
307 2486 346 2545 ad
361 2486 492 2546 lldelium
519 2486 691 2546 scandalum
718 2485 983 2545 subinferebantur.
1008 2483 1089 2543 Libri

36 2581 107 2636 subm
122 2586 225 2660 noshl,
244 2589 320 2644 teste
337 2583 481 2661 Origene,
500 2591 529 2644 et
544 2585 725 2661 hieronymo
745 2587 777 2641 ln
796 2582 933 2644 omnibus
959 2581 1088 2642 eoelestis

36 2667 188 2758 '‘tibintur,
204 2689 235 2742 et
258 2684 320 2757 ipse
337 2682 466 2760 Gyrillns
481 2682 616 2759 legebat,
631 2682 703 2741 dum
716 2681 912 2741 Ecclesiastici
925 2685 955 2739 et
968 2679 1087 2755 Sapien-

36 2769 74 2828 ll'tt
94 2774 192 2854 libros,
213 2781 301 2856 quasi
323 2779 480 2840 verborum
502 2796 623 2840 suorum
646 2779 751 2855 robur,
775 2779 883 2855 pluries
907 2781 939 2836 in
957 2779 1087 2838 testimo·

35 2867 91 2929 aium
108 2879 234 2954 vocavit,
257 2884 291 2936 ut
299 2882 363 2954 jam
380 2878 505 2938 vidistis.
526 2878 649 2953 Insuper
661 2876 790 2938 notanda
805 2883 889 2936 sunt:
909 2900 922 2927 «
934 2875 992 2936 lios
1006 2875 1086 2934 solos

35 2967 159 3049 mediare,
179 2991 255 3052 quos
277 2983 306 3036 et
323 2978 355 3034 in
371 2976 501 3036 Ecclesia
520 2993 588 3036 cum
604 2982 684 3036 certa
703 2975 812 3036 fiducia
828 2974 964 3052 legimus.
980 2972 1001 3024 ν’
1011 2973 1084 3034 Ver·

33 3057 299 3150 1’ἃνιετνίιιινρῥνισίνις
325 3089 391 3134 mam
411 3073 548 3133 libertate
565 3074 694 3147 scilicet,
723 3088 784 3131 non
802 3072 912 3131 frustm
924 3071 973 3130 hlc
997 3071 1087 3146 adpo·

33 3159 147 3226 slusam.
165 3170 242 3228 Nam
262 3173 319 3230 ista
336 3171 468 3231 indicant
484 3186 600 3247 quoque
613 3170 691 3246 apud
701 3169 909 3229 Christilldeles
926 3167 1087 3245 hierosoly-

32 3271 119 3322 nomm
135 3267 189 3344 legi
207 3268 374 3345 Scripturas
387 3269 702 3345 maurocenorum,
716 3284 791 3345 quas
803 3268 942 3343 privatim
957 3265 1016 3342 legi
1028 3271 1087 3324 sta·

32 3354 87 3430 tuit3
103 3376 166 3422 uam
183 3381 252 3426 cum
263 3364 300 3424 ah
318 3365 466 3441 hebraeis,
485 3369 537 3442 qul
553 3366 640 3426 multi
651 3371 779 3426 erant-et
792 3363 939 3440 pollebant
948 3364 979 3421 iu
990 3377 1025 3421 ea
1042 3377 1086 3422 re·

31 3451 109 3532 illle,
126 3469 327 3538 respuerentur
345 3480 363 3522 a
380 3463 497 3524 canone
514 3479 618 3539 sacro,
637 3464 732 3522 voluit
749 3462 877 3539 Cyrlllus
899 3476 949 3520 eas
969 3474 987 3517 a
1012 3459 1088 3518 chri·

32 3551 109 3612 slahis
123 3559 235 3632 publice
253 3576 313 3620 non
334 3562 416 3638 legi3
436 3561 571 3620 meditari
591 3577 662 3620 vero
681 3561 861 3636 praecipiens
882 3564 998 3618 tantum
1019 3557 1087 3618 illas

30 3643 180 3732 stritrturas,
198 3675 275 3734 quae
294 3659 332 3718 ab
348 3660 484 3719 omnibus
504 3666 585 3720 ratae
603 3658 808 3733 habebantur,
829 3664 862 3718 ut
884 3657 1026 3716 divinitus
1041 3657 1086 3714 in·

31 3747 129 3818 slliftlue
146 3755 332 3834 legebantur,
349 3764 378 3816 et
397 3757 519 3834 llduoia,
539 3764 568 3817 et
581 3758 714 3818 libertate
730 3773 830 3816 coram
850 3756 986 3815 omnibus
1004 3771 1087 3830 prae·

29 3843 91 3916 cipue
104 3853 214 3926 judaeis
234 3856 455 3931 explicabantur
470 3873 572 3916 earum
591 3858 762 3916 sententiae.
783 3855 931 3929 Tandem,
946 3859 979 3912 ut
991 3854 1086 3911 omnl-

30 3935 69 3999 bus
81 3958 183 4011 constet
195 3953 299 4012 dlvurn
318 3956 485 4030 episcopum
503 3954 559 4013 hoc
576 3957 609 4011 in
627 3954 764 4031 dogmate
775 3959 859 4012 caute
872 3951 1087 4028 prudenterque

28 4049 536 4127 igerc,ut1nfmfusiusdqcemus‚
561 4058 590 4110 et
613 4067 675 4110 sese
697 4053 824 4127 regioni,
848 4047 895 4108 vel
924 4063 1025 4106 earum
1044 4048 1087 4104 in·

28 4139 81 4198 ⁰⁰¹ss
92 4151 322 4228 accommodare,
347 4153 439 4212 altera
458 4152 495 4211 de
508 4151 581 4212 olbis
594 4154 656 4226 ejus
670 4151 803 4209 doctina
822 4149 957 4226 legatur,
973 4147 1009 4205 de
1023 4161 1086 4202 car-

27 4235 94 4298 num
108 4259 226 4325 nempe,
238 4249 275 4310 de
288 4252 369 4326 vino,
384 4251 421 4312 de
435 4251 611 4310 abstinentia
625 4248 663 4307 ab
676 4250 724 4325 iis,
738 4249 817 4308 circo
829 4249 917 4306 etiam
931 4260 1012 4304 escas
1026 4242 1086 4300 ido

27 4329 186 4490 llsphlatas,
207 4347 244 4406 de
259 4351 419 4427 sanguine,
435 4349 471 4411 de
489 4349 651 4425 suffocato,
667 4349 789 4424 aliisque
810 4343 997 4422 hujusmodi,
1012 4355 1087 4416 quae

81 4452 124 4494 ors
137 4441 162 4500 l.
686 4453 722 4503 lo
