3022 5178
512 411 551 427 ⁴-
574 385 630 442 ²0⁵
653 413 693 426 —-

21 525 23 570 Ξ
88 511 139 562 lum
154 499 273 577 peritus,
287 499 317 558 et
334 497 544 558 ecclesiasticae
561 499 711 558 doetrinae
729 497 812 556 varia
830 499 963 574 scripsit,
979 501 1054 558 inter
1071 509 1146 575 quae

21 587 23 670 Ξ
86 615 183 659 carmen
201 599 235 657 de
250 599 420 674 virginitate
439 597 566 672 legitur,
582 596 633 654 ubi
651 595 689 654 de
708 593 828 654 Daniele
848 596 1009 674 Propheta,
1023 597 1144 673 judice,

21 687 22 692 ¹
85 713 112 756 ac
124 699 227 773 virgine
239 697 331 754 canit:

137 821 147 846 a
169 795 343 870 Scriptorum
363 799 496 852 veterum
511 792 622 868 liquido
638 799 827 852 monumenta
849 791 1001 869 feruntur,

165 893 245 966 Quod
261 893 364 952 Daniel
386 908 500 966 semper
518 893 602 967 virgo
619 889 783 950 floresceret
804 893 914 951 almus.
925 935 931 948 .
943 935 967 950 ..

167 990 218 1048 llic
236 1007 351 1066 quoque
370 990 513 1048 destruxit
530 987 592 1046 Beli
610 989 732 1047 delubra
746 989 884 1066 nefandi,

164 1088 342 1147 Fluminibus
360 1088 502 1146 scelerum
521 1089 623 1144 mortis
645 1087 815 1145 discrimina
832 1103 935 1163 passus

167 1185 260 1262 Atque
278 1185 443 1245 sacerdotes
462 1185 569 1261 populo
594 1185 649 1244 sub
664 1185 767 1244 fraude
790 1186 898 1244 sacelli.

165 1285 304 1361 Tempore
329 1287 371 1344 sic
396 1284 453 1344 alio
474 1286 595 1342 vincens
617 1285 726 1342 virtute
748 1283 905 1342 draconem

164 1383 332 1444 Horrendus
350 1373 444 1442 atram
458 1382 591 1459 jactabat
609 1383 742 1441 lancibus
763 1382 871 1459 ollam,

164 1481 239 1541 Dum
256 1483 343 1560 glutit
361 1483 473 1556 piceam
494 1480 618 1540 crudelis
639 1481 732 1541 hestia
753 1497 902 1557 massam,

164 1582 232 1641 Ilico
254 1587 431 1655 rumpuntur
449 1581 590 1638 multatae
606 1582 720 1640 viscera
737 1581 850 1640 belvae.
867 1605 879 1631 r

79 1677 163 1738 litero
179 1683 308 1739 carmine
327 1682 363 1739 de
378 1687 444 1740 octo
464 1679 675 1755 principalibus
697 1681 797 1755 vitiis,
816 1683 847 1738 in
865 1679 1013 1740 luxuriam
1034 1682 1148 1738 irruens

79 1776 166 1836 iudith
189 1779 305 1838 extollit
322 1778 379 1838 hoc
397 1779 499 1838 modo:
844 1766 868 1812 ⁴

133 1901 144 1926 «ι
166 1877 239 1950 Quid
258 1877 383 1936 referam
398 1876 500 1935 iudith
517 1892 656 1952 generosa
674 1879 763 1952 stirpe
782 1883 926 1952 creatam,

164 1975 365 2035 Postribulum
385 1977 461 2051 regis
478 1981 655 2048 temnentem
673 1983 788 2051 pectore
805 1992 899 2051 puro,

162 2073 198 2134 Et
215 2083 351 2150 stuprum
369 2075 485 2134 sceleris
502 2074 663 2133 calcantem
681 2074 768 2132 corde
785 2074 960 2149 profanum;

161 2173 282 2233 Civibus
301 2173 410 2232 ideirco
426 2173 529 2232 mortis
549 2172 719 2230 discrimina
738 2173 832 2246 passis

162 2273 249 2332 Casta
267 2279 452 2332 cruentatum
470 2273 596 2348 gestavit
616 2270 699 2329 fulva
721 2275 889 2345 tropaeum,

161 2373 313 2449 Integrum
333 2387 453 2430 servans
474 2370 581 2428 devota
598 2375 695 2427 mente
716 2369 897 2443 pudorem.»

108 2468 131 2544 S.
152 2469 231 2530 Vlll.
250 2469 338 2528 Anno
353 2469 461 2527 Christi
477 2477 534 2526 730
549 2467 693 2526 scrihebat
706 2467 784 2526 Beda
797 2469 916 2526 natione
930 2464 1075 2544 anglicus.
1088 2464 1149 2528 Sub

77 2565 215 2628 Benedicto
228 2575 261 2628 et
278 2567 422 2626 Ceolirido
435 2569 466 2623 in
480 2565 600 2624 Cantiae
618 2569 795 2624 monasterio
814 2565 967 2624 abhatibus
982 2569 1061 2625 vitae
1084 2583 1149 2626 san-

77 2666 157 2724 ctitati
176 2672 204 2725 et
222 2668 316 2726 saeris
340 2665 443 2723 litteris
461 2680 528 2722 cnm
549 2663 681 2739 profectu
700 2679 772 2738 opus
793 2663 944 2740 impendit.
968 2663 1151 2726 Plurimaet

77 2765 148 2821 vario
163 2780 270 2840 genere
286 2765 401 2838 scriptis
421 2762 588 2838 mandavit,
606 2769 635 2820 et
652 2765 780 2821 maxime
795 2757 827 2820 in
842 2773 993 2842 sacrorum
1010 2767 1151 2839 interpre-

76 2859 172 2918 tatione
191 2861 337 2920 librorum
358 2866 402 2920 est
419 2866 562 2919 versatus.
585 2860 667 2932 Quae
694 2867 792 2918 autem
813 2860 848 2919 de
869 2857 1025 2937 seripturis
1045 2864 1152 2921 veteris

75 2959 228 3018 testamenti
260 2957 551 3017 Deuteroiianonicis
582 2960 698 3033 scripsit
725 2958 807 3017 brevi
835 2944 985 3118 exponam
1007 2975 1150 3019 sermone.

75 3049 213 3133 Primum,
241 3059 275 3116 in
293 3056 402 3115 Tobiae
424 3055 532 3114 librum
550 3055 736 3132 allegoricam
752 3059 849 3132 exegit
865 3073 961 3132 ¹expos
986 3060 1102 3134 ionem,
1124 3065 1154 3120 et
1205 3091 1209 3100 ·

75 3151 141 3211 inter
160 3156 234 3214 alios
255 3153 420 3230 scripturae
437 3153 528 3212 libros
556 3155 731 3212 numeravit.
751 3153 793 3212 De
812 3155 891 3213 illius
910 3161 1006 3214 autem
1028 3156 1153 3213 auotori-

75 3253 136 3326 tate,
153 3253 190 3330 (1)
206 3257 239 3312 in
262 3254 383 3312 Cantica
398 3252 584 3312 canticorum
598 3253 673 3310 libro
687 3269 710 3310 1.
728 3251 799 3310 haec
813 3251 928 3310 scribit:
951 3251 1063 3324 «Quod
1083 3253 1155 3312 dicit
1253 3249 1255 3254 ’

74 3346 187 3408 liberum
205 3351 293 3412 nobis
323 3367 385 3410 esse
410 3367 503 3408 unum
524 3366 636 3425 semper
655 3366 761 3426 agere,
780 3366 847 3408 eum
864 3367 977 3425 semper
995 3355 1154 3426 utrumque

74 3449 230 3525 possimus,
262 3449 435 3508 contradicit
456 3447 634 3524 Prophetae,
656 3451 707 3524 qui
726 3446 787 3506 Deo
808 3448 930 3522 supplex
959 3448 1087 3523 loquitur
1109 3449 1154 3506 dl-

77 3557 153 3603 cens:
166 3578 178 3590 ·
192 3545 274 3622 Scio,
284 3547 426 3623 Domine,
442 3549 511 3622 quia
530 3563 590 3605 non
606 3549 644 3605 sit
659 3545 786 3608 hominis
801 3549 850 3604 via
870 3549 931 3621 ejus
944 3563 952 3620 3
966 3561 1020 3604 nec
1039 3547 1097 3604 viri
1110 3553 1155 3606 est

74 3647 102 3699 ut
118 3644 268 3720 ambulet,
290 3651 319 3704 et
332 3646 439 3722 dirigat
457 3661 574 3721 gressus
595 3661 673 3704 suos
688 3671 699 3694 n
718 3644 820 3719 Idem,
841 3645 873 3701 in
893 3645 968 3702 libro
987 3644 1024 3703 de
1051 3644 1155 3703 mundi

75 3742 232 3818 aetatibus,
254 3743 372 3802 exhibet
388 3743 540 3801 historiam
559 3742 663 3801 iudith
674 3743 770 3801 locum
791 3742 927 3801 habuisse
940 3743 995 3802 sub
1011 3741 1155 3818 Cambyse

73 3833 137 3913 Cyri
156 3839 231 3898 filio.
254 3842 289 3900 ln
306 3840 380 3899 libro
400 3843 494 3915 primo
514 3842 702 3915 expositionis
721 3840 831 3898 Esdrae
849 3857 913 3915 cap.
936 3857 989 3898 111.
1012 3839 1048 3897 de
1064 3841 1157 3898 altare

73 3933 123 3991 sub
140 3936 232 3996 Joaue
246 3943 276 3996 et
289 3938 465 3997 Zorobabele
480 3937 632 3997 aedificato
650 3938 780 3996 indicat:
801 3963 813 3988 «
829 3937 906 3996 Nam
921 3939 993 3999 etin
1006 3936 1081 3994 libro
1095 3936 1158 3994 Ma·

72 4029 268 4094 thebaeorum
279 4034 316 4111 (2)
328 4034 365 4094 de
378 4036 523 4112 lapidibus
536 4035 648 4094 factum
662 4035 822 4112 probatur,
836 4035 887 4093 uhi
901 4035 939 4094 ab
951 4034 1075 4093 ethnicis
1089 4049 1156 4109 pro-

72 4127 220 4208 fanatam,
241 4140 271 4192 et
289 4140 355 4210 post
368 4150 461 4194 annos
480 4151 532 4194 sex
544 4151 562 4193 a
575 4133 843 4194 JudaMachabaeo
860 4139 1034 4193 renovatum
1053 4130 1155 4206 luisse,

97 4321 130 4385 (1)
148 4324 212 4374 Tob.
225 4337 249 4373 c.
262 4327 303 4375 lv.
317 4353 347 4364 -
358 4325 392 4388 (2)
406 4331 426 4377 1.
439 4327 501 4376 illae.
512 4340 533 4375 o.
542 4327 584 4374 lv.
