3022 5178
828 327 1008 378 -210—

380 451 409 500 et
431 440 569 500 moderno
588 445 717 515 tempore
732 439 807 497 inter
820 436 984 512 Scripturas
1001 451 1101 496 sacras
1122 440 1224 496 sancta
1239 444 1376 498 enumerat
1386 441 1426 502 iic·

380 539 483 610 clesia,
503 537 628 612 legitque
643 550 692 594 cas
713 536 745 592 in
766 533 899 609 publico,
919 536 997 592 sicut
1019 537 1130 592 ceteras
1153 531 1312 608 Scripturas
1327 533 1428 596 tuou-

379 651 447 708 cas,
469 639 498 693 et
521 633 686 709 frequenter
703 647 819 708 quoquc
847 630 1003 690 orthodoxi
1028 631 1161 690 doctores
1179 630 1287 690 eisdem
1305 637 1429 694 urentis

379 737 410 792 in
428 729 614 810 dogmatibus
631 731 692 790 suis
709 735 849 804 utuntur,
863 735 919 788 etc.
936 753 949 780 »
966 728 1097 788 Tandem
1110 731 1142 786 in
1154 728 1230 787 iibro
1248 731 1344 804 quinto
1358 731 1389 806 it]
1401 731 1429 790 de

377 833 468 890 sac-ris
483 828 718 905 scriptorium
738 827 825 886 modo
840 827 877 887 de
893 826 995 886 Bibiiis
1012 826 1162 903 Deuteris,
1177 829 1347 886 enumeratis
1363 828 1429 887 tibris

360 927 462 1004 ‘juxta
480 926 628 1006 canonem
645 925 833 1001 hebraicum,
852 925 968 984 subdit:
989 921 1144 998 «Quartus
1159 922 1231 983 ordo
1247 925 1291 982 est
1305 923 1374 999 apud
1389 941 1431 984 nos

378 1017 667 1085 veteristestarnenti
686 1039 788 1084 eorum
809 1021 969 1098 librorum,
989 1024 1089 1098 quiin
1108 1021 1226 1081 canone
1242 1019 1370 1080 hebraico
1385 1037 1431 1080 non

374 1126 456 1198 sunt,
469 1135 595 1200 quorum
608 1121 720 1198 primus
733 1118 897 1197 Sapientiae
910 1119 982 1178 iiber
996 1123 1051 1194 est,
1069 1117 1214 1178 secundus
1226 1116 1431 1194 Ecclesiasticus,

374 1219 479 1280 tertius
491 1216 616 1295 Tobiae,
632 1221 755 1296 poenus
763 1215 888 1292 dudith,
904 1218 1023 1293 pinna
1038 1221 1069 1274 et
1085 1220 1185 1275 sextus
1197 1213 1430 1290 Macchabaeorum,

373 1331 448 1392 quos
466 1316 534 1378 iicet
549 1314 745 1392 tudaetdntra
764 1313 933 1392 apocrypha
950 1318 1103 1390 oepnent,
1117 1312 1245 1374 Ecdesin
1257 1317 1352 1374 umen
1367 1309 1430 1370 Chri·

371 1415 410 1473 sti
425 1427 476 1474 eos
487 1414 563 1474 inter
575 1409 692 1474 divinos
709 1410 800 1472 libros
814 1411 940 1472 honorat
959 1417 989 1470 st
1004 1409 1162 1486 praedicat.
1177 1433 1189 1458 »
1209 1407 1289 1468 liaeo
1304 1423 1340 1466 ex
1353 1407 1429 1468 Robr-
1493 1455 1494 1460 ,

369 1523 411 1570 no
428 1514 566 1585 exenta
580 1507 737 1570 satutant.

412 1605 440 1682 S.
462 1604 543 1668 XIV.
558 1604 767 1684 Theodulphus
782 1604 991 1668 aurelianensis
1003 1609 1156 1682 episcopus
1168 1606 1284 1681 scripsit
1294 1603 1431 1678 multatr-
1492 1669 1494 1672 ¹

370 1709 415 1764 ter
432 1719 507 1781 quae
527 1704 670 1767 nonnulla
691 1707 840 1780 warina,
855 1720 931 1782 quae
951 1703 1101 1781 humoque
1117 1705 1258 1778 temporis
1277 1704 1307 1760 in
1324 1701 1430 1760 Eoelua
1491 1737 1494 1746 ,

372 1806 528 1864 meatur.
550 1801 586 1860 In
606 1799 787 1863 Blbllotheca
808 1807 925 1878 pauurn
949 1801 1029 1862 iilius
1055 1806 1136 1860 extat
1161 1815 1296 1875 carmen,
1313 1798 1349 1874 (a)
1368 1799 1429 1874 quod

370 1900 536 1972 praeposuit
553 1900 585 1958 in
599 1896 696 1958 fronte
715 1897 888 1974 Bibliorurn,
903 1914 978 1975 quae
991 1897 1115 1960 describi
1128 1897 1206 1958 iecit.
1224 1895 1289 1956 uoc
1301 1897 1333 1954 in
1348 1897 1428 1955 curi·

369 2006 407 2051 ue
427 2000 581 2054 censemur
601 1993 766 2070 Scripturas
780 1999 886 2055 veteris
902 1996 1027 2056 foederis
1039 2011 1156 2071 omnes,
1175 2010 1250 2070 quas
1266 1995 1425 2070 inquirimus.
1493 2039 1494 2046 ,

376 2088 520 2150 Sicorim
543 2094 660 2168 incipit:
1001 2145 1003 2150 .

432 2211 445 2238 a
469 2187 616 2266 Quidquid
638 2189 676 2248 ab
693 2189 819 2250 hebraeo
833 2192 918 2250 stiius
939 2195 1060 2266 atticus,
1079 2199 1166 2268 atque
1184 2191 1294 2248 latinus
1339 2257 1342 2266 Ι

470 2285 618 2362 sumpsit,
630 2291 662 2346 in
680 2287 736 2348 hoc
753 2295 847 2348 totum
865 2289 964 2350 codice
978 2290 1069 2349 tector
1082 2289 1188 2348 habes:

471 2384 536 2455 Quo
551 2383 618 2457 loca
636 2388 731 2460 prima
749 2393 828 2446 tenet
843 2387 964 2448 Genesis
990 2387 1149 2468 primordia
1166 2386 1272 2446 mundi

469 2479 676 2560 Diluntumpue
702 2499 826 2560 mneos,
852 2467 989 2562 pesteque
1012 2501 1121 2562 magna
1138 2491 1298 2558 patrum.»

369 2578 535 2638 Numeratis
550 2595 621 2640 uuo
634 2579 716 2642 tibris
731 2583 877 2658 omnihus,
892 2585 943 2658 qui
956 2586 986 2641 iu
1000 2581 1117 2642 Conone
1132 2580 1325 2642 hebraeorum
1342 2577 1426 2637 haben

367 2683 428 2749 tut,
450 2675 487 2736 ad
506 2675 646 2738 Deuterus
665 2681 772 2738 transit
788 2680 835 2738 his
850 2679 962 2740 verbis:

432 2798 444 2822 α
468 2773 540 2834 Post
554 2773 627 2836 iiber
645 2783 689 2835 est
708 2780 837 2852 positus,
857 2780 904 2836 cui
921 2778 973 2837 dat
988 2777 1135 2854 Supicnua
1150 2766 1278 2850 nomen,

469 2871 553 2945 Quod
571 2871 678 2934 Christi
694 2874 852 2950 adimus,
871 2892 1006 2952 morsque
1023 2878 1145 2952 patescit
1162 2874 1214 2932 ibi.

466 2967 605 3032 Protinus
627 2976 743 3047 aptatur
762 2971 835 3030 liber
858 2972 1076 3032 Ecclesiasticus
1091 2973 1156 3046 isti,

467 3066 531 3138 Quo
548 3067 599 3143 pia
610 3072 679 3143 jura
699 3078 820 3144 sonunt,
834 3071 958 3146 iensque
975 3069 1060 3130 nors
1080 3075 1206 3144 patrum.

466 3160 544 3233 Hinc
561 3167 610 3240 pia
627 3171 795 3242 pauperies,
815 3171 907 3242 pietas
924 3174 953 3226 ct
967 3169 1093 3242 optima,
1110 3165 1195 3224 beato

467 3260 538 3335 Est,
555 3260 645 3336 chi,
667 3263 741 3324 libro
757 3266 811 3322 rite
825 3270 926 3328 notata
944 3271 1004 3324 tuo.

466 3356 609 3418 Scribitur
627 3363 750 3436 insignis
765 3360 867 3418 iudith
887 3376 956 3422 mox
975 3361 1102 3420 foemina
1120 3361 1206 3434 iacti,

464 3454 598 3516 incestus
617 3457 737 3532 cecidit,
759 3474 818 3532 qua
838 3458 974 3532 feriente,
992 3457 1084 3518 iuror.

467 3551 544 3612 iiiuc
561 3556 670 3628 gemini
687 3554 754 3614 iibri
764 3561 911 3630 ponuntur
929 3555 1192 3629 Machabaeorum,

466 3646 573 3722 Gesta,
591 3649 698 3725 quibus
715 3651 840 3716 fratrum
856 3658 980 3727 quatuor
998 3652 1077 3710 aima
1096 3650 1236 3710 sedem.»

366 3741 403 3798 Et
419 3750 575 3820 postquam
590 3750 660 3806 noui
680 3751 844 3812 testamenti
859 3749 1022 3824 Scripturas
1039 3751 1202 3824 censuerit,
1228 3749 1271 3806 sic
1287 3747 1324 3805 de
1340 3745 1380 3806 hit
1395 3741 1423 3798 le

366 3845 477 3901 dorem
496 3848 610 3906 mouet:

430 3960 445 3992 a
467 3935 542 3996 Sunt
560 3939 609 4000 hic
620 3943 690 4017 jura
710 3940 764 4001 Dei
781 3943 906 4002 enebris
925 3943 1067 4004 nudantia
1086 3941 1244 4018 mundum,

464 4033 665 4109 Splendidiora
686 4043 791 4116 astris,
810 4040 980 4101 candidiora
997 4043 1076 4102 nive.

390 4223 424 4286 (r)
442 4227 513 4276 Tem.
523 4229 543 4277 1.
554 4253 586 4272 ·-
596 4229 632 4293 (a)
643 4231 679 4280 ite
689 4229 714 4279 ia
726 4230 801 4293 aigne
811 4242 873 4292 saec.
885 4232 927 4306 ix.
