2964 5174
559 391 599 405 ..-
620 371 657 423 pp
678 393 719 406 ..-

102 484 141 540 ter
154 479 227 540 allus
240 477 319 538 bano
331 477 492 555 Prophetae
506 481 708 540 adamantem
721 479 809 557 legit:
828 503 841 529 «ι
854 478 881 532 ir
896 483 929 549 τῷ
940 481 1009 534 κοντοὶ
1022 481 1079 542 τούν
1089 480 1179 548 Ἑβδο-

94 579 206 648 μνίιιοντα
231 579 332 636 Δανινὶλ
348 577 497 650 φερόμενονε
519 577 653 649 εὐλογεῖτε
667 576 814 650 πνεύματα,
835 579 882 634 καί
895 578 994 634 δικαίαν
1013 579 1118 654 ψυχαῖς
1136 602 1181 636 πε-

96 669 199 742 φίστησι
221 669 267 730 τήν
294 670 416 744 διαφοςοὶν
435 670 599 739 πνευματος,
614 671 659 724 καί
677 669 790 742 ψυχῆς,
811 672 832 729 i.
847 687 872 730 e.
889 672 925 729 In
936 688 986 748 00,
1001 672 1080 748 quod
1088 676 1177 748 Juxta

94 767 282 847 Septuaginta
300 769 403 830 Daniel
426 769 530 830 affert:
549 770 587 846 (1)
603 801 615 814 ·
629 769 793 830 Benedicite
819 771 957 846 spiritus,
982 776 1011 829 et
1031 774 1179 846 justornm

94 869 225 925 ammae:
246 870 396 928 eonstituit
415 868 611 928 differentiam
636 869 754 944 spiritus
775 874 804 928 et
819 870 944 926 annuae,
964 851 978 918 νΙ
993 868 1017 926 Ε
1032 867 1107 927 libro
1120 868 1176 928 Ba·

93 965 163 1024 rueh
184 967 259 1026 haee
277 967 441 1044 subjungit:
462 968 524 1026 «Et
540 969 679 1043 quoniam
697 967 776 1026 iaota
796 968 964 1026 adoratione
980 969 1012 1024 in
1029 972 1108 1026 terra
1122 966 1176 1026 ali·

93 1066 175 1140 eujus
192 1064 297 1141 alieni,
316 1071 372 1124 eto.
387 1065 466 1126 Deus
479 1065 645 1144 ordinavit,
660 1072 693 1127 nt
705 1069 876 1142 ejicerentur
889 1066 981 1142 aliqui
1000 1072 1111 1124 eterra
1123 1081 1178 1126 sua

92 1167 120 1220 at
135 1159 250 1221 abirem
266 1165 298 1222 in
315 1169 438 1224 terram:
459 1165 517 1238 περί
537 1162 569 1226 ἧς
588 1164 744 1240 γέγραπται·
760 1162 836 1218 deror
849 1163 971 1236 Ἰσςαιίλ,
990 1162 1015 1217 τί
1033 1159 1073 1218 ὅτι
1096 1162 1121 1216 ἰν
1136 1165 1172 1238 γῇ

92 1261 136 1312 τοῖν
156 1258 257 1334 ἐχθροῖν
271 1258 315 1326 εἷς
334 1262 525 1332 συνιλογίσθης
540 1265 608 1336 μοτιί
630 1267 675 1318 τοῖν
692 1263 895 1330 καταβαινόντων
916 1261 953 1325 είς
971 1261 1045 1331 ᾅδου,
1069 1260 1179 1332 ίγκατί·

93 1355 167 1412 ητις
187 1354 275 1424 napis
297 1351 362 1427 ζωῆς
376 1356 419 1410 riv
433 1356 541 1429 Κύριον,
553 1358 574 1414 i.
591 1373 617 1416 e.
633 1355 677 1416 De
690 1372 749 1432 qua
764 1357 904 1433 seriptum
916 1353 1174 1430 esttaudilsrae13

93 1463 144 1508 eur
162 1450 243 1526 quod
260 1453 292 1510 in
303 1458 382 1512 terra
398 1455 584 1514 inimieorum
603 1455 655 1514 esi
672 1453 863 1530 Computatus
879 1469 910 1511 es
923 1467 991 1512 eum
1005 1451 1179 1512 descendeu-

94 1546 169 1608 tibus
187 1551 220 1608 in
236 1550 399 1628 infernum,
419 1553 598 1630 dereliquisti
618 1553 729 1613 fontem
748 1554 826 1611 vitae
845 1552 1041 1610 Dominum.»
1062 1548 1178 1609 Barueh

93 1645 210 1720 insuper
230 1647 298 1708 libri
316 1654 517 1711 auctoritatem
533 1651 570 1727 (a)
586 1667 623 1710 ex
640 1653 712 1710 viris
731 1649 937 1710 vetustioribus
952 1650 1058 1724 redigit
1077 1647 1178 1724 Orige·
1275 1732 1276 1736 γ

93 1757 161 1820 nes,
175 1744 249 1804 dum
262 1745 338 1806 libro
351 1748 478 1808 seeundo
497 1747 533 1808 de
553 1750 727 1826 Principiis,
745 1749 844 1808 relatis
864 1764 966 1808 eorum
980 1746 1177 1824 opinionibus,

92 1843 142 1916 qui
155 1841 302 1903 Mundum
315 1848 430 1922 proprie
448 1848 586 1922 appellari
600 1846 720 1924 globum
736 1847 840 1906 αιλανη·
860 1847 980 1922 volunt,
993 1846 1080 1904 dieii:
1100 1843 1176 1904 «ue-

94 1941 180 2015 uique
196 1943 287 2001 etiam
311 1943 428 2004 Baruoh
447 1945 609 2024 Prophetae
626 1946 733 2006 librum
751 1947 783 2004 in
803 1946 971 2005 assertionis
990 1943 1078 2019 huius
1097 1944 1178 2002 testi-

95 2040 227 2097 monium
245 2048 389 2100 vocant.»

133 2135 176 2196 De
190 2141 322 2198 oratione
336 2156 417 2200 saoer
430 2141 575 2218 Interpres
587 2139 624 2217 (3)
636 2156 700 2217 eap.
717 2158 748 2200 x.
764 2141 837 2200 haee
850 2139 952 2200 elibro
970 2137 1062 2198 Tobia
1075 2137 1176 2212 sumit,

93 2235 263 2296 lu¹suorum
278 2237 434 2298 verborum
454 2240 673 2316 auctoritatem,
688 2241 839 2316 inquiens:
859 2264 871 2290 ι
886 2239 967 2311 Quae
980 2236 1048 2295 inde
1060 2239 1176 2312 patant,

94 2333 171 2410 quod
186 2334 318 2411 Rapbael
336 2336 473 2396 obtulerit
487 2337 548 2398 Deo
566 2335 738 2396 rationabile
753 2337 924 2412 obsequium
941 2333 1050 2394 Tobiae
1069 2337 1098 2392 et
1112 2330 1177 2390 Sar

97 2447 155 2508 iiie,
174 2434 244 2504 μοτοί
258 2433 309 2506 γοίρ
322 2435 366 2493 τήν
381 2435 461 2506 εὐχήν
473 2436 620 2508 α’μφοτέμοιν
634 2434 792 2500 είσηνιονίθη,
806 2434 887 2507 φησίν
900 2433 916 2494 η’
933 2429 1180 2506 appropinquarem*

95 2529 244 2603 ἀμφοτέρων
268 2531 368 2588 ἔνοίπιον
389 2537 435 2597 τῆς
458 2537 534 2601 δόξης
557 2537 602 2588 τοῦ
623 2535 739 2606 μεγάλου
760 2534 889 2607 Ραφανίλ,
914 2532 957 2584 καί
978 2530 1113 2588 ἀπεστάλη
1138 2525 1180 2580 ἷᾶ·

97 2624 200 2679 enabat
222 2628 283 2687 τούς
304 2627 359 2690 δυό,
378 2628 423 2680 καί
441 2628 520 2688 οὗτος
540 2629 565 2682 δι’
579 2629 690 2701 Ραφαήλ
708 2632 818 2700 φανερῶν
835 2627 929 2680 ἑαυτοῦ
946 2625 978 2686 οἷς
996 2621 1113 2694 οίγγέλου
1130 2622 1175 2680 τήν

96 2718 163 2770 νατοί
181 2719 345 2790 πρόσταγμα
359 2722 404 2774 τοῦ
418 2717 480 2772 θεοῦ
493 2721 556 2792 πρὸς
575 2720 734 2793 α’μφοτέρους
750 2716 908 2790 οἰκονομίαν,
924 2719 1000 2790 φησί·
1021 2715 1066 2770 καί
1082 2735 1123 2768 νυν
1139 2710 1179 2766 ὃτι

93 2809 229 2882 τροσηύξοι
244 2810 289 2876 nri,
301 2814 344 2864 καὶ
363 2811 380 2872 η’
398 2813 482 2884 νύμφη
499 2814 546 2866 aar}
561 2811 656 2886 Σοίῤῥα,
667 2809 716 2884 ἑγαί
732 2810 900 2884 προσήγαγον
917 2831 946 2862 το
962 2807 1120 2881 μνημὸσινον
1132 2807 1178 2869 τῆς

95 2901 245 2975 τροτευχής
262 2903 327 2975 ὑμῶν
349 2903 449 2958 ε’·ιοίπιον
477 2907 524 2958 τοῦ
538 2903 625 2976 α’γιόυ.
645 2909 696 2958 Καὶ
710 2906 778 2976 μετα
799 2903 886 2976 ὀλίγα.
899 2902 965 2974 Ἐγοί
990 2902 1043 2974 εἶμι
1065 2895 1180 2972 Ραφανίλ

94 2991 130 3058 εἷς
144 2998 193 3048 τῶν
207 2995 274 3049 ἕπτοί
288 2997 407 3068 ἀγγέλων
430 2994 456 3052 οί
473 2997 716 3070 προσαναφέρουσι,
740 2999 785 3051 καί
801 2995 980 3066 είσποςευόντε
1006 2991 1107 3046 ίνοίπιον
1133 2992 1177 3049 τίς

92 3086 169 3152 δόξης
191 3089 238 3140 τοῦ
257 3087 343 3160 οἱγιόυ.
361 3091 436 3142 Karai
454 3091 497 3144 τίν
515 3091 594 3162 λόγον
612 3092 676 3162 γοῠν
691 3091 738 3143 τοῦ
762 3087 894 3160 rapuit,
919 3083 1022 3156 ἀγαθόν
1042 3079 1179 3157 προσευχννΙ

94 3177 162 3246 μετοί
176 3177 311 3242 νηστείας,
327 3181 372 3234 καί
385 3181 578 3253 ε’λοεμοσιίνης,
594 3182 638 3236 καί
659 3177 838 3244 δικαιοσύνης,
853 3181 874 3237 i.
891 3196 916 3238 e.
939 3177 1015 3236 Num
1034 3179 1100 3250 post
1115 3188 1179 3231 Orit-

92 3275 202 3334 tionem
220 3279 372 3354 utriusque
383 3280 591 3357 exauditaest,
605 3280 675 3340 dleit
687 3280 852 3356 Scriptura,
869 3277 906 3354 (4)
922 3277 1016 3335 oratio
1029 3279 1178 3331 utrorum-

91 3389 148 3450 que
175 3390 277 3436 ooram
303 3377 397 3456 gloria
417 3381 517 3456 magni
539 3379 691 3456 Raphael,
715 3384 744 3437 et
761 3379 867 3436 missus
881 3380 925 3434 est
944 3387 1050 3434 sanare
1062 3369 1176 3446 ambos,

92 3475 164 3548 quin
178 3479 208 3534 et
223 3476 284 3553 ipse
297 3474 429 3552 Raphael
448 3494 515 3536 cnm
530 3478 656 3554 explicat
672 3476 743 3553 quid
755 3478 817 3552 ipse
834 3475 920 3551 quasi
935 3470 1078 3548 Angelus,
1089 3473 1178 3545 juxta

93 3572 269 3632 mandatum
281 3573 346 3649 Dei,
363 3591 433 3654 erga
444 3582 583 3654 utrosque
601 3576 787 3654 praestiterit,
801 3572 890 3648 dicit,
907 3576 937 3630 et
949 3585 1027 3628 nune
1038 3569 1178 3644 quoniam

92 3674 183 3730 orasti
196 3679 230 3731 tu
250 3680 279 3732 et
300 3691 391 3734 nurus
404 3683 456 3734 tua
474 3675 580 3750 Sarra,
602 3691 655 3751 ego
673 3673 766 3732 obtuli
782 3669 949 3730 memoriale
971 3668 1110 3726 orationis
1130 3681 1178 3724 ve·

92 3774 170 3829 strae
190 3787 290 3830 eoram
306 3772 432 3851 Sancto,
452 3779 480 3833 et
499 3779 685 3849 postpauca:
702 3788 778 3850 -ego
799 3788 865 3831 sum
883 3766 1014 3844 Raphael
1034 3781 1110 3825 unus
1141 3779 1178 3822 ex

93 3875 203 3943 septem
222 3870 361 3953 Angelis,
380 3875 431 3948 qui
451 3871 580 3932 offerunt
597 3875 741 3930 orationes
759 3870 869 3928 seilicet
886 3867 1077 3939 Sanctorum,
1093 3868 1122 3921 et
1134 3863 1178 3920 iu·

94 3965 266 4041 grediuntur
280 3970 312 4026 iu
325 3976 480 4045 conspectu
493 3968 602 4046 gloriae
617 3969 727 4029 Sanod:
739 3999 751 4010 ·
761 3967 851 4026 Juxta
861 3980 1023 4024 sermonem
1035 3976 1104 4036 ergo
1118 3960 1178 4018 Ra-

94 4061 195 4140 pbael,
214 4064 325 4124 boumn
343 4070 436 4126 oratio
451 4084 518 4127 oum
530 4070 661 4146 jejunio,
678 4073 708 4126 et
720 4066 920 4142 eleemosyna,
937 4069 966 4122 et
981 4061 1133 4139 justitia.»

122 4239 156 4303 (¹)
172 4241 234 4291 nan.
247 4255 270 4292 a.
283 4245 327 4295 ur.
340 4244 414 4308 —(2)
433 4248 504 4296 rom.
514 4245 534 4296 1.
546 4259 571 4308 p.
584 4251 622 4296 οι.
633 4241 709 4308 -or
727 4243 798 4294 rom.
810 4243 830 4292 1.
842 4246 934 4306 para.
946 4235 1022 4301 -(ι)
1033 4235 1093 4288 rou.
1108 4235 1178 4284 eru.

102 4321 225 4385 ieiunia.
238 4327 269 4375 7⁰
298 4325 302 4336 '
