3070 5180
489 431 529 442 ····
549 416 633 458 XXXV
656 431 696 442 ···

82 513 214 594 nudius
239 541 375 592 rerum
401 513 581 592 notitiam
604 540 887 621 assequamur,
916 540 1020 620 quae
1042 515 1129 592 scri·

80 663 132 756 pto
152 645 359 728 mandatae
381 665 501 744 sunt,
543 673 701 726 necesse
732 672 899 753 quoque
927 649 1002 725 erit
1034 647 1129 726 scri-

79 781 180 888 ptoris
193 779 410 860 dictionem
431 778 679 889 expendere,
708 807 759 858 an
778 797 823 858 ut
842 797 982 886 poeta,
1004 780 1128 859 velut

79 915 270 993 historicus
294 942 402 993 sacra
426 915 548 994 verba
579 915 788 1021 scripserit.
823 913 931 994 Nam¹
960 912 1125 993 secundi

80 1045 287 1154 simplicitas
314 1048 357 1125 in
387 1047 507 1126 rebus
533 1045 765 1126 enarrandis
792 1064 963 1155 exceptu
991 1045 1126 1125 facilli-

78 1181 156 1277 mis,
185 1199 224 1260 et
252 1181 364 1260 omni
390 1181 606 1260 verborum
631 1198 774 1259 ornatu
808 1181 1005 1287 seposito,
1037 1207 1127 1258 eva·

79 1315 179 1392 ucscit
196 1315 239 1392 in
263 1332 448 1422 poemate
469 1341 606 1412 sacro;
633 1311 731 1393 dum
757 1315 1048 1422 Prophetarum
1069 1329 1127 1393 est

79 1447 175 1524 sacris
197 1447 241 1526 in
271 1448 435 1526 canticis
461 1475 551 1526 suas
591 1449 805 1527 sententias
830 1448 1051 1544 iilustrare,
1082 1445 1126 1525 fi-

80 1580 184 1684 guris,
199 1580 445 1688 imaginibus
459 1582 648 1660 animatas
665 1578 831 1659 reddere
850 1643 859 1677 ,
881 1579 963 1660 sere
985 1581 1035 1660 ab
1057 1580 1126 1660 illo

79 1713 233 1820 subjecto
266 1714 431 1821 petitis,
468 1711 579 1822 quod
612 1711 722 1792 affini
750 1713 908 1791 illorum
938 1715 1126 1820 imagina-

80 1845 159 1924 tioni
173 1845 440 1949 offerebatur;
468 1863 513 1926 ut
535 1846 705 1954 exempli
723 1873 865 1943 causa,
889 1845 1040 1945 David,
1064 1845 1127 1925 Sa·
1215 1943 1220 1954 ³

80 1976 215 2078 lomon,
257 1980 407 2078 Isaias,
442 1980 645 2086 ceterique
682 1979 781 2060 sacri
816 1996 958 2088 poetae
989 1980 1126 2086 figuris

79 2109 291 2210 abundant,
319 2110 461 2220 rapido
486 2113 536 2191 ab
565 2141 647 2191 una
669 2109 720 2190 ad
748 2112 862 2191 aliam
887 2130 1122 2209 transeunt,

82 2239 174 2324 flores
202 2246 362 2354 ubique
390 2245 688 2353 dispergentes,
721 2248 963 2353 metaphoris
990 2244 1126 2325 divina

81 2395 236 2480 poemata
258 2395 478 2477 ornantes,
509 2408 681 2487 quarum
707 2378 854 2477 decor,
884 2397 923 2458 et
945 2380 1125 2487 pulchri-

82 2509 158 2590 tudo
181 2529 341 2597 tantum
359 2512 530 2591 'illorum
563 2513 760 2620 regionis,
798 2531 838 2594 et
868 2510 1125 2592 consuetudi·

82 2667 158 2722 uum
172 2647 329 2726 ratione
347 2646 508 2742 habita,
528 2663 567 2723 et
590 2645 750 2724 illorum
767 2646 927 2753 linguae
949 2647 1125 2754 proprie
1154 2667 1156 2675 ’

84 2776 204 2860 tatibus
224 2780 437 2886 inspectis,
458 2779 534 2857 erit
560 2778 822 2877 aestimanda;
849 2794 941 2858 cum
965 2780 1062 2858 haec
1088 2809 1126 2858 o

84 2911 166 2990 mnia
186 2911 322 2992 forsan
340 2911 434 2992 alibi
453 2912 619 2990 minoris
638 2912 829 2992 momenti
852 2911 1106 2992 haberentur.

120 3043 316 3126 Praeterea
348 3073 440 3125 eum
473 3043 668 3123 vocabula
707 3045 920 3125 sententias
961 3072 1124 3152 compo-

85 3194 179 3276 nant,
207 3195 246 3258 et
266 3178 407 3258 abhis
428 3176 632 3258 vocabulis
658 3205 789 3285 aequo
814 3179 963 3285 captis,
986 3205 1125 3258 sensus

84 3307 252 3418 cujusque
278 3312 453 3390 auctoris
482 3313 533 3388 sit
557 3310 833 3419 colligendus,
866 3311 1124 3419 exquiramus

84 3462 164 3544 opus
184 3463 269 3544 est,
300 3461 340 3524 et
354 3444 582 3532 ,verborum
614 3442 941 3553 significationem
972 3447 1124 3552 praeci·

86 3595 184 3672 puam
203 3577 547 3659 accommodemus
563 3578 703 3684 prius,
734 3606 856 3684 quam
874 3579 974 3656 sacri
997 3553 1127 3657 aucto·

87 3701 127 3780 ris
149 3735 303 3790 sensum
326 3727 616 3819 perscrutatum
636 3709 836 3791 adeamus.
867 3711 955 3790 Hoc
975 3713 1018 3790 in
1038 3740 1128 3819 ope-

87 3857 118 3912 re
131 3839 416 3923 observandum
435 3861 507 3942 est,
520 3842 697 3924 eamdem
718 3842 966 3943 methodum,
989 3843 1127 3924 eadem

90 3969 263 4082 principia
288 3979 354 4082 (si
377 3978 474 4057 mihi
505 3979 583 4058 hoc
609 3975 741 4056 dicere
762 3977 905 4084 liceat)
934 3979 1130 4084 interpre-

89 4101 224 4186 tationis
251 4111 371 4190 sacris
394 4111 666 4190 voluminibus
693 4112 920 4190 communia
947 4138 1057 4208 esse,
1083 4139 1128 4188 ac

89 4229 241 4318 virorum
266 4243 441 4351 scriptis,
471 4244 543 4351 qui
571 4271 655 4322 non
679 4261 774 4322 sunt
798 4245 990 4352 inspirati.
1021 4240 1130 4322 Ideo·

795 4417 840 4466 02
