3094 5176
875 381 1054 434 *iit-

463 489 635 552 Menoelnias
653 501 758 566 porro,
779 489 934 565 Seruius,
953 490 1062 567 aliique
1085 491 1276 568 integritatem
1296 500 1357 555 sarri
1371 504 1434 564 teria

429 593 560 650 rsaamd
581 596 742 664 asserunt,
767 591 903 666 quamvis
926 588 989 648 indi
1011 601 1162 664 nunquam
1188 591 1436 674 manupasto,

426 689 500 748 iilud
519 695 618 748 tamen
639 689 756 747 veritati
775 688 952 746 narrationis
978 685 1134 763 subluere,
1160 688 1186 746 si
1205 687 1233 745 id
1246 687 1358 750 iurand
1370 692 1435 754 iun

425 786 573 848 deprimit.
596 787 676 846 usse
694 801 766 844 vero
785 786 983 862 interpretatio
1003 787 1126 860 neseio,
1152 791 1290 863 quantum
1311 793 1383 849 menti
1397 808 1434 852 an

427 892 515 964 gtuat
531 885 633 945 divino
650 885 762 946 lmine
778 885 950 944 illustratae.
972 883 1113 944 Nonnulli
1129 884 1231 944 ludius
1246 901 1356 962 nonen,
1371 895 1396 948 ut
1408 909 1436 951 ro

354 1039 359 1044 .
427 981 564 1042 mnam
582 984 726 1042 insertam
739 983 888 1059 iecerunt,
905 981 1047 1058 indosque
1060 981 1243 1058 appellarunt
1255 983 1437 1064 munnae

428 1081 481 1157 qul
494 1080 534 1140 ad
550 1079 674 1157 dangeo
686 1087 716 1140 et
728 1079 835 1140 Indum
851 1080 975 1140 flumina
987 1079 1151 1158 degebant,
1172 1096 1273 1142 verum
1284 1084 1360 1142 wan
1370 1083 1438 1144 sobo

429 1195 483 1262 prs
499 1179 540 1240 ad
556 1195 623 1238 oras
636 1178 791 1238 orientales
808 1185 838 1238 et
856 1177 1050 1240 oeoidsulales
1063 1177 1331 1238 Eritbraeisltosex
1343 1181 1441 1257 Μή

426 1277 589 1340 uexindis
606 1279 677 1337 oriri
690 1277 886 1338 crederentur.
904 1275 960 1336 Sed
973 1275 1233 1353 hiquodsmmodo
1246 1277 1442 1340 ineimtnisi

428 1376 486 1436 lam
500 1378 647 1452 cupientes
660 1378 769 1436 evitare
782 1375 972 1453 Charybdim.
991 1375 1038 1435 lili
1051 1391 1179 1452 namque
1194 1375 1333 1452 aethiopes
1342 1382 1443 1438 urens

427 1477 508 1551 poris
521 1490 706 1552 nmaquam
726 1477 855 1534 romanis
873 1477 1059 1550 servierunt,
1081 1476 1139 1533 nisi
1158 1472 1281 1534 Caesare
1297 1473 1402 1550 Augusto
1413 1478 1443 1533 in

431 1581 560 1649 passm.
584 1574 644 1633 Alii
668 1574 794 1650 limique
817 1574 920 1632 ioniae
941 1579 971 1631 at
992 1572 1094 1632 Cariae
1118 1571 1241 1648 populos
1260 1572 1380 1648 appellari
1394 1590 1445 1648 pose

428 1673 515 1732 indos
536 1678 715 1749 sommant,
736 1679 767 1732 et
785 1687 823 1731 ex
843 1671 890 1730 his
911 1670 1083 1746 Ardniuus,
1105 1677 1136 1730 et
1154 1670 1328 1730 Froeliohius
1341 1713 1351 1746 ‚
1364 1687 1445 1746 quun

428 1771 616 1832 mutemur
625 1772 775 1846 opiniones
788 1775 818 1830 et
829 1772 912 1846 parvi
926 1772 1066 1828 momenti
1080 1771 1288 1830 testimonium.
1302 1767 1359 1845 Sed,
1370 1770 1445 1844 utili,

428 1885 497 1931 oum
510 1873 642 1930 ommam
655 1869 789 1929 codicum
807 1846 1019 1945 snoesabm,
1038 1875 1068 1928 et
1080 1870 1310 1928 eonveniontiam
1321 1869 1348 1926 in
1358 1867 1401 1926 iliis
1410 1883 1445 1926 rer·

428 1967 475 2028 bis
496 1970 655 2044 miremur,
683 1967 834 2026 latendum
857 1969 913 2026 erit
928 1968 1062 2028 divinum
1087 1969 1259 2043 scriptorem
1279 1966 1371 2026 ibidem
1385 1983 1446 2042 rupe

428 2081 479 2126 eas
498 2073 598 2144 gentes
619 2065 747 2125 Mediam
770 2073 801 2124 et
821 2065 936 2125 ludium
960 2066 1141 2141 insolentoe,
1162 2071 1193 2126 st
1213 2065 1291 2125 ultra
1308 2063 1445 2142 Assyriaei

429 2167 594 2242 mussitas,
614 2165 744 2225 indicare
763 2165 901 2224 voluisse.
924 2165 1032 2224 Verum
1053 2163 1227 2241 adjicietur,
1249 2171 1335 2242 pato,
1352 2162 1446 2240 pondo

428 2264 599 2340 probabitur
620 2265 721 2324 medos
741 2270 771 2322 et
793 2263 878 2322 indos
900 2261 1031 2322 subditos
1057 2262 1147 2323 luisse
1170 2265 1323 2340 romanis,
1341 2261 1445 2321 rimis

429 2363 527 2422 tioobo
547 2361 681 2439 Magnos

467 2462 609 2534 Quemvis
626 2461 705 2520 baud
721 2461 855 2536 latuerit,
874 2462 1027 2536 enisum,
1048 2460 1189 2537 Magnum
1203 2459 1445 2534 Alexandrum*
1488 2477 1489 2540 γ

428 2565 460 2622 in
485 2563 587 2622 Asiam
611 2563 781 2639 irrupisset,
803 2562 928 2640 Syriae,
950 2562 1131 2640 Babylonis,
1157 2561 1294 2640 Mediae,
1317 2561 1446 2622 Persidis

429 2661 531 2720 Indiae
550 2677 666 2738 qaoque
685 2663 837 2738 regionum
856 2663 981 2736 mutium
1000 2677 1084 2737 esse,
1104 2676 1141 2721 aa
1159 2661 1267 2720 deinde
1281 2677 1329 2737 par
1341 2657 1445 2736 prasius

430 2769 500 2818 saus
520 2775 620 2818 earurn
640 2762 768 2819 tenuisse
787 2761 951 2836 imperium.
973 2758 1091 2819 Curtius
1106 2759 1258 2837 praealtis
1271 2753 1446 2818 libraminis

432 2859 538 2916 estruit
565 2856 694 2916 diosus:
726 2882 738 2908 a
766 2857 935 2917 Alexandro
959 2859 1033 2918 lines
1060 2857 1161 2918 indiae
1186 2860 1343 2934 ingresso,
1365 2853 1446 2932 guill
1487 2857 1488 2864 ’

429 2970 548 3015 suarum
571 2957 666 3032 reguli
690 2963 880 3016 ooeurrerunt
902 2959 1045 3032 imperata
1068 2956 1185 3016 iaotnm
1213 2957 1357 3032 Quotquot
1374 2949 1446 3010 ruod

430 3051 550 3127 psoiiise
563 3069 624 3112 non
636 3060 826 3114 oeeurrermt
839 3054 917 3131 indi,
933 3055 1119 3130 Perdiooam,
1137 3059 1167 3114 et
1180 3055 1391 3131 liepbestionau
1399 3061 1446 3124 itit

432 3151 514 3210 misit
526 3151 565 3210 sd
574 3167 625 3210 eos
639 3151 827 3230 subigendos,
842 3179 854 3204 a
876 3153 969 3212 mnes
984 3153 1060 3212 Poro
1074 3153 1196 3229 alisque
1209 3152 1326 3230 regibus
1340 3146 1446 3224 supersit

430 3246 611 3324 Babylonem
632 3251 760 3309 sesessit
787 3249 854 3309 Non
874 3251 984 3328 ingerit
1004 3253 1128 3327 pariter,
1149 3249 1348 3310 Alexandrum
1362 3247 1447 3306 iissre

430 3363 567 3423 rusum,
588 3348 727 3406 ultimum
741 3347 836 3408 iatum
855 3348 1049 3425 subeuntem,
1071 3351 1172 3408 unieb
1187 3352 1272 3425 suis,
1292 3355 1321 3408 et
1335 3339 1448 3405 belisdi

431 3443 585 3518 imperium
610 3459 698 3504 suum
722 3444 876 3504 tradidisse
897 3445 1113 3522 dividendum,
1134 3449 1178 3506 uti
1199 3463 1293 3522 nuper
1313 3407 1486 3519 expuli-li

429 3543 512 3617 regni
531 3548 628 3601 autem
642 3544 860 3617 provinciaram
872 3543 1037 3618 divisione,
1058 3546 1144 3603 sienii
1160 3543 1253 3604 uadit
1265 3541 1392 3602 Diodorus
1404 3532 1448 3592 sio

428 3638 475 3699 lus
493 3639 568 3699 llbro
582 3657 680 3718 xvrrr,
706 3665 719 3692 ι
730 3641 885 3718 Antipater
898 3640 1013 3700 indiam
1026 3639 1261 3717 Parapamisadis
1280 3633 1447 3698 aramue

428 3735 558 3814 Pythoni
578 3737 722 3814 Agenoris
740 3739 830 3798 dedit.
849 3739 1007 3816 bregnis,
1027 3755 1103 3816 qaae
1122 3739 1227 3799 deinde
1246 3743 1404 3816 sequuntur,
1420 3727 1447 3798 ii,

432 3835 511 3912 quod
530 3835 636 3896 Indum
655 3836 767 3897 flumen
786 3839 922 3914 attingit,
943 3837 1038 3914 Poro,
1061 3837 1141 3915 quod
1161 3854 1231 3898 varo
1246 3842 1332 3914 Juxta
1342 3831 1449 3912 upupa

429 3937 492 4009 est,
513 3931 610 3992 Taxili
622 3933 751 4010 reliquit.
774 3933 813 3994 lli
827 3937 904 3994 enim
918 3951 1000 4012 reges
1013 3935 1078 3996 loeo
1093 3938 1205 3995 moveri
1217 3951 1277 3994 non
1291 3935 1403 4012 poterent
1412 3925 1448 3984 tii

429 4043 486 4108 que
510 4034 601 4107 copiis
621 4034 730 4110 regiis,
752 4039 781 4092 et
807 4035 929 4110 imperio
948 4034 1066 4094 illustri.
1093 4059 1105 4084 i·
1132 4035 1171 4094 Et
1188 4051 1227 4094 ax
1246 4034 1302 4093 boo
1324 4034 1411 4090 inum
1425 4037 1449 4080 ii·

429 4144 502 4205 guas
517 4145 688 4206 graeoorum
709 4133 740 4188 in
754 4130 825 4190 Asia
837 4147 960 4209 regnum
975 4174 986 4209 ,
1006 4132 1091 4192 indos
1103 4139 1176 4192 tuno
1187 4132 1324 4208 temporis
1334 4143 1383 4187 non
1393 4119 1448 4180 tilii

428 4226 612 4304 ioedmotos,
632 4243 735 4288 verum
746 4230 878 4290 subditos
890 4245 1007 4307 qnoque
1020 4231 1166 4290 babuisse.
1182 4230 1256 4290 Cum
1272 4244 1357 4302 vero,
1374 4219 1450 4280 voli&

357 4317 360 4322 ’
428 4325 507 4385 tibus
527 4329 635 4403 amis,
657 4327 817 4389 Alexandri
836 4345 1018 4391 mooesserss
1037 4331 1123 4390 vaide
1143 4333 1217 4390 inter
1240 4345 1272 4390 se
1295 4319 1447 4387 dissedifflb
