3070 5180
551 373 592 383 -
612 357 691 400 m,
712 373 753 386 ..

117 453 245 534 lorum
262 453 474 536 elationem
491 456 714 559 timeamus3
740 458 914 566 majores
931 475 1088 539 nostros
1105 461 1188 540 imi

116 607 244 670 temur
260 589 358 669 illuc
377 589 584 690 advectos,
605 591 678 670 ubi
702 617 856 670 errores
878 593 1113 700 serpebant,
1140 623 1186 676 ea

114 723 396 830 exquirentes,
427 753 532 833 quae
563 723 613 804 ad
650 752 790 804 verum
827 744 1068 833 pergerent,
1099 728 1185 808 illas

114 857 194 937 vias
216 859 385 957 sectati,
420 858 572 966 quibus
600 855 651 938 de
682 856 815 938 medio
842 857 1096 940 auferrentur
1125 889 1186 941 er·

111 1021 249 1091 rores,
280 1010 322 1072 et
342 1020 463 1091 oves,
485 1020 590 1100 quae
608 990 808 1100 dispersae
827 1009 966 1091 erant,
994 994 1038 1071 in
1055 1023 1185 1074 unum

111 1126 373 1234 colligerent,
404 1141 444 1206 et
478 1123 663 1206 seductos
703 1122 754 1205 ad
786 1125 869 1204 veri
916 1127 1185 1234 cognitionem

109 1285 290 1340 reversos
312 1257 605 1340 confirmarent.
633 1258 692 1337 llli
716 1287 855 1339 omnes
880 1260 1077 1340 Ecclesiae
1109 1260 1182 1341 do·-

109 1408 241 1472 ctores
256 1454 266 1490 ,
282 1390 333 1472 de
350 1392 502 1501 quibus
520 1419 652 1500 nuper
669 1391 901 1490 verbalem,
924 1393 1039 1473 vobis
1057 1422 1185 1474 exem·

108 1525 223 1630 plum
258 1524 500 1633 perhibent3
535 1551 630 1604 sane
661 1524 827 1632 quidem
859 1527 935 1633 ipsi
964 1526 1183 1634 majoribus

108 1656 414 1739 difficultatibus
440 1660 589 1767 pressi,
620 1688 742 1768 quam
770 1688 844 1739 nos
871 1687 982 1740 nunc
1012 1689 1177 1755 sumus,

109 1791 258 1899 vigiliis
279 1793 386 1890 triti,
408 1794 705 1901 persecutiones
721 1794 853 1901 passi,
876 1794 994 1873 exilia
1017 1795 1185 1873 toleran-

110 1941 198 2022 tes,
230 1922 283 2004 de
314 1927 477 2034 regione
505 1926 548 2006 in
573 1927 779 2034 regionem
808 1927 1066 2034 transgressi,
1097 1927 1184 2006 loca

108 2055 293 2158 deserta,
323 2075 564 2168 cryptasque
588 2060 832 2158 subeuntes,
863 2059 1100 2166 laboresque
1120 2071 1182 2138 va-

110 2193 193 2272 rios
220 2193 461 2274 sustinentes
484 2224 493 2292 3
530 2192 825 2301 Scripturarum
854 2209 988 2271 tamen
1019 2190 1183 2270 medita·

109 2326 238 2425 tioni,
267 2345 307 2406 et
328 2327 511 2434 priorum
534 2325 762 2425 doctrinae,
789 2343 829 2405 et
850 2324 1061 2421 omnibus,
1078 2351 1184 2432 quae

111 2458 281 2540 adhaec
312 2460 532 2542 obtinenda
550 2460 769 2540 necessaria
794 2459 955 2558 sorent,
985 2459 1182 2538 continuo

111 2595 307 2675 instantes
338 2595 473 2694 fuere3
505 2623 680 2704 quorum
711 2595 892 2675 onmium
923 2623 994 2674 vos
1023 2594 1183 2672 intuen-

111 2745 170 2810 tes
187 2729 343 2810 exitum
370 2729 681 2810 conversationis
706 2728 915 2808 imitamini
942 2725 1073 2806 fidem.
1096 2727 1185 2833 Agi-

112 2879 152 2944 te
184 2891 317 2972 e1g0,
361 2864 588 2962 carissimi,
629 2880 668 2943 et
697 2879 857 2971 patrum
896 2860 1113 2969 exemplo,
1143 2876 1182 2938 et

113 2997 236 3106 hujus
260 2999 409 3078 saeculi
436 2998 664 3078 necessitate
688 2994 852 3076 abducti
869 2997 920 3076 ab
949 2997 1109 3102 incepto
1130 3020 1183 3074 ne

11 3203 13 3208 .
112 3128 368 3229 desistamus,
399 3130 529 3212 studia
553 3147 688 3212 nostra
712 3132 846 3209 omnia
872 3128 1061 3209 adversus
1081 3155 1185 3208 erro-

114 3293 176 3346 res
198 3264 497 3374 impendamus,
528 3282 573 3346 ut
604 3290 883 3372 quaecumque
912 3264 998 3342 viae
1030 3262 1184 3343 calcan-

114 3415 182 3478 tur
198 3398 251 3478 ab
269 3399 480 3497 hostibus,
502 3399 657 3480 easdem
680 3413 957 3507 percurrentes
980 3396 1184 3476 vincamus

114 3559 304 3612 errorem.

164 3665 357 3772 Superest
371 3662 521 3764 modo,
546 3682 594 3744 ut
615 3662 666 3744 de
685 3664 840 3744 ratione
861 3660 1010 3742 eisdem
1035 3659 1183 3767 linguis

115 3797 257 3879 utendi
284 3798 440 3906 aliquid
463 3797 636 3880 dicatur,
655 3797 856 3904 Linguae,
882 3795 1048 3904 quaevis
1074 3795 1183 3900 ipsae

115 3933 222 4029 sint,
251 3933 333 4012 suis
358 3933 401 4011 in
418 3932 648 4041 principiis,
678 3929 876 4028 studium,
905 3945 952 4008 ut
975 3928 1031 4006 ita
1053 3924 1182 4005 dicam

117 4063 279 4146 formale
289 4065 513 4174 postulant,
531 4063 644 4172 quod
657 4064 803 4172 singuli
821 4059 1054 4168 impendant
1071 4084 1186 4165 opor·

118 4215 171 4278 tet
188 4197 239 4279 ad
254 4200 358 4278 viam
372 4197 588 4280 faciliorem
600 4197 856 4306 seligendam,
868 4223 950 4305 qua
968 4221 1102 4274 earum
1117 4219 1186 4270 no
