3070 5180
831 380 989 432 ..pg-

368 487 406 556 ab
429 490 492 564 ipso
511 487 590 564 Deo;
618 502 684 546 eeee
702 489 820 546 venient
838 486 892 546 lilii
910 489 954 548 tui
975 503 1048 564 quos
1069 489 1206 564 emislstl3
1233 489 1359 548 venient
1376 488 1455 550 eleari

368 586 550 662 oboriente,
569 601 660 662 usque
681 585 720 644 ad
735 586 937 662 occidentem,
965 587 1054 645 verbo
1072 587 1150 646 illius
1170 586 1277 647 Sancti
1299 586 1456 663 gaudentes

368 699 419 759 ea,
439 700 514 760 quae
532 701 550 742 a
564 683 625 742 Deo
641 690 693 742 tuo
709 688 769 758 est,
790 685 930 743 claritate.
951 709 963 734 υ
980 684 1004 742 Ε
1017 684 1091 743 libro
1107 690 1212 760 quarto
1226 686 1344 760 pariter
1361 699 1399 744 ex
1418 683 1458 742 hi·

368 783 458 840 storia
471 779 533 840 Reli
545 780 622 856 apud
634 781 783 840 Danielem
796 783 853 840 ista
871 786 982 840 penset:
1002 805 1015 832 «
1030 780 1133 840 Daniel
1144 782 1317 858 Propheta,
1336 781 1375 857 (1)
1390 797 1456 842 eam

368 877 489 938 dixisset
505 879 531 938 ei
548 878 643 955 Cyrus
662 895 715 938 rex
733 879 904 953 Persarum,
927 895 1017 955 quare
1033 896 1093 938 non
1107 879 1212 942 adoras
1233 879 1316 938 Bel?
1335 878 1456 940 Annon·

368 977 454 1034 tiavit
472 975 587 1050 dicem,
608 978 677 1051 quia
695 991 755 1034 non
775 976 838 1034 oolo
851 975 929 1034 idola
946 976 1130 1052 manufacta,
1148 977 1198 1036 sed
1213 979 1327 1036 vivum
1347 977 1456 1054 Deum

369 1075 420 1150 qul
436 1075 586 1132 consumit
604 1073 718 1134 eoelum
739 1079 769 1132 et
786 1081 910 1150 terram,
931 1079 960 1133 et
976 1074 1064 1134 habet
1083 1077 1178 1134 omnis
1202 1077 1309 1134 earnis
1328 1074 1458 1134 domno·

369 1171 488 1230 honen.
507 1195 520 1220 a
537 1170 840 1247 Itemdepresbyteris
856 1173 987 1248 injustis:
1004 1172 1042 1246 (2)
1061 1196 1074 1222 ιι
1086 1172 1124 1232 Et
1135 1172 1258 1231 audient
1268 1187 1374 1246 voees,
1389 1187 1460 1248 quae

369 1274 439 1326 sunt
459 1285 479 1328 a
499 1267 619 1327 Daniele
635 1267 798 1344 Propheta:
812 1268 850 1343 (3)
864 1268 967 1328 Semen
978 1269 1118 1328 Chanaan
1131 1276 1160 1328 et
1174 1286 1236 1329 non
1249 1265 1345 1345 Juda,
1355 1270 1459 1344 speeies

370 1365 486 1424 seduxit
502 1371 543 1440 te,
565 1371 594 1424 et
610 1367 843 1441 eoneupiseentia
863 1369 967 1426 evertit
980 1383 1030 1426 eor
1046 1374 1149 1442 tuum;
1169 1369 1338 1426 inveterate
1351 1367 1460 1425 haum

370 1463 531 1538 melorum,
544 1479 622 1522 nune
633 1462 812 1522 advenerunt
822 1472 940 1539 peecata
955 1471 1019 1540 tua,
1030 1479 1105 1540 quae
1122 1463 1252 1524 faciebas
1273 1471 1376 1539 antea,
1385 1463 1459 1540 judi·

371 1575 442 1618 cans
460 1559 573 1635 judiela
589 1563 708 1636 injusta.
729 1561 816 1619 »Pro
834 1560 900 1622 libri
917 1561 1025 1620 Tobiae
1042 1564 1212 1621 auctoritate
1231 1561 1354 1620 faoinnt
1374 1563 1460 1636 patris

371 1659 463 1716 nostri
483 1657 574 1716 verba
584 1658 621 1716 de
635 1657 808 1734 Ophitarum
824 1659 1009 1734 opinionibus
1029 1666 1058 1718 et
1071 1659 1296 1734 Setbianorum,
1312 1659 1366 1734 qni
1377 1658 1459 1734 poulo

371 1761 438 1829 post
455 1755 608 1841 Evangelii
626 1755 868 1831 praedicationem
885 1759 985 1816 vixere
1000 1756 1059 1832 (4);
1083 1781 1096 1808 o
1114 1757 1185 1816 Illos
1204 1755 1388 1832 haeretiaos,
1410 1758 1458 1830 ait,

371 1852 441 1911 deos
463 1853 572 1911 multos
592 1869 761 1929 numerare,
782 1859 812 1912 et
827 1856 982 1929 unicnique
1001 1855 1121 1914 deorum
1143 1857 1254 1930 proprii
1278 1853 1456 1929 Prophetae,

371 1951 448 2031 siout
459 1967 496 2010 ex
507 1949 662 2027 Seriphuis
672 1951 791 2026 damn,
801 1951 910 2010 sollioet
919 1950 1035 2010 JaoDel
1047 1951 1322 2028 fulsseProphetas,
1334 1950 1456 2024 Samuel,

371 2046 502 2124 Nathan,
516 2054 545 2106 et
557 2047 679 2124 Jonam,
690 2049 719 2108 et
731 2048 888 2108 Micheam.
903 2047 956 2108 Dei
971 2055 1068 2108 autem
1081 2048 1211 2108 edoma
1224 2047 1321 2108 fuisse
1334 2047 1457 2123 Prophe·

371 2152 429 2221 tas,
439 2147 569 2222 Esaiam,
578 2146 709 2206 Eaeehiel
723 2153 778 2206 ete.
791 2147 871 2206 Eloel
885 2152 993 2222 autem,
1003 2146 1125 2206 Toblam
1137 2152 1167 2206 et
1179 2145 1368 2224 aggaeum.»
1382 2145 1457 2204 Inter

372 2243 513 2304 hebraeos
541 2247 603 2304 nati
622 2245 759 2304 haeretiei
780 2247 850 2321 isti,
871 2251 900 2304 et
913 2245 1032 2321 judaica
1052 2245 1190 2322 religione
1208 2245 1320 2304 imbuti
1340 2242 1455 2301 Toblarn

373 2343 449 2402 inter
466 2343 539 2402 alios
559 2341 718 2419 Prophetas
729 2342 844 2402 Priores
857 2349 1007 2401 oensentes
1019 2342 1103 2401 nobis
1116 2343 1216 2418 magni
1228 2341 1372 2417 ponderis
1383 2353 1456 2415 prae·

374 2446 454 2498 stant
469 2445 684 2516 argumentum.
698 2438 746 2499 Ad
759 2440 874 2500 Baruah
886 2443 1084 2500 testimoium
1097 2438 1222 2515 appellat
1232 2439 1293 2498 illis
1306 2437 1375 2497 libri
1384 2436 1456 2496 tertii

374 2536 488 2620 verbis:
506 2537 545 2612 (5)
564 2562 577 2588 «
595 2537 679 2597 Unde
696 2543 726 2596 et
741 2536 864 2613 Spiritus
877 2539 908 2597 in
920 2538 1027 2596 Filium
1038 2537 1092 2596 Dei
1101 2537 1193 2596 lilium
1206 2534 1339 2595 hominis
1352 2534 1456 2593 laeum

374 2634 523 2694 deseendit
542 2650 610 2693 oum
640 2637 723 2710 ipso,
744 2651 911 2695 assuescens
931 2635 1064 2694 habitare
1086 2637 1118 2692 in
1140 2650 1244 2711 genere
1264 2635 1413 2708 humano,
1429 2635 1455 2689 et

377 2733 555 2808 requiesoere
569 2733 601 2790 in
616 2731 799 2807 hominibus,
820 2739 849 2791 et
866 2733 998 2792 habitare
1014 2735 1045 2790 in
1058 2732 1199 2807 plasmate
1215 2729 1282 2790 Dei.
1304 2755 1318 2782 a

415 2828 458 2888 De
469 2829 580 2888 Irmaei
599 2831 715 2906 seriptis
727 2829 869 2890 Eusebius
883 2830 921 2906 (6)
937 2830 1015 2889 idem
1035 2829 1109 2888 libro
1122 2831 1224 2904 qnlnto
1241 2829 1356 2888 scribit:
1375 2851 1387 2877 ο
1404 2820 1452 2879 Ka.

376 2924 478 2992 βίβλων
494 2927 522 2980 οἱ
544 2926 676 2994 διολέξοον
697 2925 832 3001 διαφόρων,
854 2927 878 2980 ἕν
901 2925 979 2998 piaris
998 2927 1062 3000 πρὸς
1080 2925 1216 2998 Ἐβραίους
1231 2926 1393 2988 ἐπιστολῆς,
1414 2920 1454 2976 καὶ

373 3021 421 3080 τῆς
432 3017 576 3090 λεγομένης
598 3017 696 3091 >lopiac
710 3022 875 3088 Σολομῶντος
887 3018 1039 3090 μοημονέυει
1055 3018 1140 3092 ,ῥητοὶ
1156 3015 1213 3073 τίνοι
1226 3017 1255 3084 ἐξ
1271 3017 1356 3072 αὐτοῖο
1376 3033 1454 3086 naga»

374 3109 491 3183 θέμενος,
502 3109 674 3172 i.e.Praeter
686 3111 744 3170 alia
760 3113 848 3170 etiam
857 3110 929 3170 liber
940 3113 1087 3170 variarum
1096 3109 1453 3193 dhpdsitionum,inquo

375 3208 521 3285 Epistolae
537 3208 575 3270 ad
589 3207 741 3284 hebraeos,
751 3213 781 3266 et
790 3207 953 3284 Saplentlae
967 3207 1141 3282 Salomonis,
1155 3207 1198 3266 sie
1210 3205 1325 3282 dietae,
1340 3204 1452 3264 mentio·

375 3326 444 3368 nem
463 3309 550 3384 feeit,
569 3311 734 3370 mthnonia
750 3307 892 3367 nonnulla
904 3325 941 3367 ex
958 3307 1061 3366 iisdem
1074 3307 1254 3382 depromens.
1274 3330 1289 3356 ι
1306 3305 1452 3364 Prmtereo

375 3407 528 3465 divinate
541 3405 608 3463 libri
621 3403 784 3481 Sapientiae
796 3407 915 3464 ioniam
927 3403 1035 3463 Doctor
1048 3410 1167 3463 sanetm
1186 3403 1265 3462 illins
1281 3401 1374 3462 verba
1393 3412 1452 3474 pro·

376 3504 442 3563 fert.
471 3504 535 3564 Hae
559 3505 757 3564 testimonium
779 3502 920 3562 Eusebius
946 3502 1081 3562 laudatus
1109 3499 1282 3562 verbotenus
1314 3497 1450 3575 deponit:

378 3627 391 3652 a
409 3601 462 3656 Καὶ
477 3602 563 3674 frivole
577 3602 604 3655 ds*
621 3601 691 3656 τιοὶν
709 3598 737 3654 ἐκ
757 3602 803 3662 τῆς
820 3602 985 3672 Σολομῶντος
1003 3599 1096 3672 σοφίας
1110 3600 1235 3674 κέχρηται
1250 3596 1389 3670 perassari
1406 3591 1451 3665 φέ-

374 3719 463 3766 onus,
485 3701 594 3773 Ὁροὶοος
614 3701 640 3756 δέ
661 3704 728 3756 Θεοῦ
750 3701 932 3773 asperamus·
964 3698 1131 3774 ἁφθαρσίος.
1157 3697 1308 3772 Ἀφθορσιό
1331 3695 1358 3750 dr*
1376 3687 1451 3763 s'ppll's

377 3786 444 3846 εἶναι
468 3792 538 3846 ποιοῖ
558 3794 637 3868 θεοῦ,
653 3793 675 3850 i.
691 3807 717 3850 e.
726 3791 763 3851 Et
776 3792 874 3852 verbis
887 3792 1036 3852 nonnullis
1048 3807 1164 3868 quoque
1178 3807 1215 3852 ex
1229 3787 1391 3850 wensonis
1402 3781 1448 3842 Su·

375 3890 484 3964 pientia
491 3890 602 3964 udtnr,
614 3887 731 3948 dicens:
746 3889 830 3950 Visio
841 3895 940 3950 autem
950 3890 1004 3949 Dei
1018 3888 1244 3948 hnmorlalitatis
1257 3892 1301 3946 est
1310 3881 1448 3952 effecum

376 3985 580 4048 immortalitas
597 3992 696 4046 autem
714 3987 786 4046 lacit
804 3985 864 4046 Deo
883 3989 1091 4064 propinquare.
1110 4011 1123 4036 o
1149 3983 1176 4044 h
1194 3984 1341 4060 Sapientia
1355 3979 1391 4055 (7)
1407 3974 1447 4034 Sl·

403 4141 438 4204 (1)
452 4143 516 4191 hen.
528 4141 571 4192 lib.
583 4143 625 4191 lv.
639 4143 826 4206 11.,etbaniel.
839 4157 861 4193 o.
873 4146 970 4194 xlll-
980 4143 1014 4206 (2)
1030 4145 1092 4193 hen.
1105 4155 1127 4191 o.
1140 4143 1225 4192 xilv.
1237 4140 1262 4189 el
1271 4141 1333 4190 Dan.
1345 4149 1367 4186 o.
1384 4130 1446 4183 XIII.

377 4247 407 4258 -
417 4221 451 4283 (3)
467 4223 530 4272 hen.
543 4221 586 4271 lib.
606 4224 626 4273 1.
643 4221 675 4272 de
686 4224 817 4274 Haeres-
826 4223 860 4287 (4)
874 4226 938 4274 hen.
949 4237 972 4273 e.
984 4225 1060 4273 xvn.
1072 4221 1111 4272 vel
1122 4223 1219 4271 xls-
1229 4219 1263 4283 (5)
1279 4211 1443 4269 disibothi.

376 4303 495 4353 xxvi·
505 4301 539 4366 (6)
554 4303 619 4356 illst.
630 4303 695 4354 brol.
707 4303 750 4355 lib.
761 4307 792 4354 v.
804 4317 826 4354 o.
838 4309 860 4355 a.
873 4305 898 4354 et
907 4307 963 4368 Sap.
976 4317 997 4354 a.
1011 4305 1054 4353 vl.
1068 4301 1181 4365 sa-(ll
1192 4301 1257 4352 usal.
1269 4301 1313 4351 ol.
1326 4305 1349 4348 2.
