3086 5182
844 373 1004 426 ...10-

387 484 443 548 sub
462 483 663 546 monarchiam
683 483 864 560 hebraicam,
883 470 987 544 iodim
1002 488 1084 560 geste
1103 483 1271 559 remittere,
1295 482 1377 544 hunsl
1397 483 1464 542 miii

387 583 446 646 hoc
465 583 581 644 ridetur
601 583 673 644 sciis
692 597 762 658 pur,
782 597 852 642 cum
863 579 977 642 siluerit
995 579 1152 640 historicus
1172 581 1279 657 ubique
1291 581 1382 658 hujus
1396 579 1466 642 Seri·

386 688 510 758 ptoruc,
531 695 638 742 nomen
658 680 751 759 regis,
772 681 824 756 qui
841 685 913 740 tuno
932 680 1070 756 temporis
1087 677 1181 739 Judoe
1197 685 1227 738 et
1240 679 1331 740 lsrael
1349 682 1467 756 impere-

386 778 454 856 iret3
475 786 564 856 cique
580 777 665 840 aliter
680 795 718 840 ex
730 778 826 840 Libris
843 777 1002 856 Regnlibus
1015 780 1208 854 percipiemus
1221 783 1318 838 stnnte
1333 776 1467 838 helimon-

386 893 454 940 rum
474 877 663 956 monarchia,
682 875 870 956 enunieret
887 877 983 936 civilis
1002 877 1152 954 reginunis
1166 875 1261 952 ordo,
1280 881 1312 936 et
1324 875 1414 953 punio
1425 891 1468 936 sn·

383 976 533 1038 roroome
557 991 693 1053 mouns3
720 975 865 1052 siquidem
886 973 973 1036 umbo
1000 975 1084 1034 vorio
1110 975 1198 1036 modo
1227 977 1379 1052 variisque
1401 977 1469 1034 virs

386 1075 606 1136 exercebantur.
629 1076 667 1136 lii
690 1077 716 1134 si
737 1077 814 1152 regis
832 1072 953 1150 obitus,
978 1071 1026 1134 vel
1049 1073 1170 1134 morbus
1189 1075 1371 1134 inveteratus
1390 1073 1470 1134 illum
1502 1055 1506 1064 ⁸

385 1178 548 1237 semoveret
567 1173 759 1260 angimus,
779 1173 858 1232 lilim
870 1171 973 1232 haeres
987 1169 1141 1247 indicebat
1152 1172 1291 1249 populum
1304 1177 1404 1232 terroe
1415 1188 1471 1232 nuo

360 1271 364 1279 “
387 1289 456 1334 cum
478 1277 599 1349 senatu,
619 1273 793 1350 negotioque
812 1270 939 1332 iorensie
955 1268 1137 1346 perficiebat,
1157 1272 1203 1330 nti
1219 1270 1331 1332 iectrun
1352 1275 1400 1330 est
1421 1271 1470 1330 sub

386 1368 479 1446 loss,
499 1370 552 1446 qui
570 1385 693 1447 regnare
711 1370 807 1444 coepit
825 1383 903 1428 enno
922 1370 1045 1444 septimo
1064 1370 1242 1444 vitecosum,
1263 1372 1294 1427 et
1308 1367 1368 1428 snb
1385 1367 1469 1429 John·

388 1473 464 1544 ten,
484 1470 537 1544 qui
555 1467 675 1546 regeint
695 1467 835 1545 populum
852 1466 965 1541 inore,
985 1481 1054 1526 cnm
1073 1471 1156 1542 peter
1174 1469 1236 1543 ejus
1256 1466 1340 1542 lepra
1360 1464 1469 1526 lubom-

385 1573 433 1626 ret
453 1566 504 1642 (1).
519 1566 614 1643 Ceput
634 1583 679 1630 iv.
700 1564 804 1627 indiih
823 1565 896 1628 sotis
916 1571 1014 1642 operte
1035 1564 1139 1642 probet
1157 1565 1357 1628 conditionem
1376 1565 1470 1640 populi

387 1664 478 1737 isreel
496 1647 693 1741 eceptivitoie
715 1665 848 1741 reversi,
869 1669 900 1724 et
920 1663 1002 1724 nniie
1014 1665 1124 1724 mentio
1142 1662 1183 1723 ihi
1202 1662 1329 1724 hebetur
1350 1661 1388 1722 de
1408 1679 1470 1739 rege

387 1760 481 1822 ludeo
492 1777 585 1838 neque
605 1762 705 1822 isreel.
721 1761 859 1824 &minuo
871 1762 1006 1824 moerens
1016 1761 1175 1838 sinonem,
1191 1763 1243 1838 qni
1257 1762 1337 1838 epnd
1351 1759 1469 1836 Septun-

387 1860 469 1936 ginta
481 1859 587 1922 dicitur
597 1859 728 1921 lonchim
741 1859 877 1935 (nomine
885 1862 941 1922 etsi
953 1861 1048 1936 vario,
1057 1861 1159 1920 eodem
1175 1867 1275 1920 temen
1288 1858 1468 1936 significum)

387 1957 420 2016 iu
439 1956 622 2020 Hierusalem
641 1957 918 2035 senatusconsultu,
943 1973 1045 2020 curum
1065 1957 1184 2036 gerebat
1200 1958 1319 2034 populi,
1342 1959 1469 2016 omnium

387 2055 498 2116 scilicet
517 2053 668 2132 tribuum,
689 2071 815 2132 querum
834 2057 954 2132 plurimi
972 2058 1172 2134 ecnpiiviiete
1192 2056 1312 2116 reduces
1329 2061 1401 2132 post
1417 2055 1468 2132 Cy·

389 2169 457 2214 rum
475 2153 661 2214 incoluerunt
678 2160 787 2216 terrem
806 2160 924 2230 petrum
942 2169 1083 2224 suornm„
1102 2156 1141 2214 nt
1158 2155 1215 2214 huc
1234 2171 1271 2214 ex
1297 2154 1467 2229 metropoli,

387 2257 508 2312 sentius
529 2257 657 2328 statuto,
672 2251 797 2312 mierum
810 2254 962 2314 civitatum
973 2253 1135 2318 senioribus
1146 2252 1422 2327 committebantur3
1434 2254 1467 2310 si·

387 2351 449 2410 cuti
462 2355 493 2410 et
508 2365 547 2410 ex
558 2350 624 2410 eliis
645 2350 734 2426 hip’us
758 2349 925 2426 Soripnrree
947 2353 1098 2416 sententiis
1116 2349 1273 2428 colligitur.
1294 2350 1334 2410 iit
1346 2349 1419 2426 quid
1430 2355 1468 2408 est
1530 2397 1531 2404 ,

389 2446 474 2522 hoc,
495 2449 553 2508 nisi
578 2449 737 2525 regiminis.
756 2447 1024 2526 complementum,
1050 2448 1128 2525 qnod
1151 2448 1188 2510 eb
1209 2447 1305 2508 lisura
1330 2451 1467 2508 ststnmm
1530 2445 1531 2516 ξ

386 2544 445 2606 init
463 2547 494 2606 in
510 2546 621 2623 populo
639 2546 693 2608 Dei
712 2549 812 2609 stetim
831 2563 867 2608 ec
883 2563 900 2608 e
916 2549 1085 2624 captivitate
1103 2545 1280 2624 babylonica
1299 2547 1333 2604 in
1347 2546 1466 2622 petriam
1530 2539 1531 2563 ¹

385 2659 451 2704 sose
471 2646 597 2722 reoqiiti
618 2642 712 2704 :aTo
732 2650 831 2706 cutem
847 2643 990 2720 Fsdreiti
1003 2643 1139 2720 (tesiniiu
1156 2643 1236 2704 illim
1252 2642 1328 2702 liber
1341 2641 1466 2717 primus)

386 2743 547 2804 secuudum
567 2745 743 2820 sapientiem
765 2743 820 2802 liei
841 2745 904 2818 tui,
925 2758 1001 2819 quse
1021 2749 1066 2803 est
1087 2745 1120 2802 in
1133 2758 1222 2804 menn
1240 2748 1305 2818 tuo,
1330 2743 1468 2802 consume

383 2839 500 2914 judices
509 2880 520 2915 ‚
540 2841 711 2916 praesides,
727 2846 761 2901 ut
777 2841 912 2916 judicent
930 2843 1011 2900 omni
1031 2840 1160 2917 populo,
1180 2842 1232 2917 qni
1250 2846 1298 2900 est
1315 2845 1403 2900 usus
1421 2839 1466 2897 iio

387 2953 475 3014 men,
495 2938 543 2998 his
559 2939 714 3014 videlicet,
734 2941 787 3015 qui
804 2946 951 3002 novenrnt
970 2940 1064 3019 legem
1080 2941 1134 3000 liei
1152 2941 1216 3014 tui,
1237 2938 1290 2999 scd
1307 2945 1340 2998 et
1357 2940 1465 3014 imperi·

386 3041 433 3096 tos
455 3036 559 3098 docere
581 3037 680 3098 iibere.
702 3037 740 3098 Et
763 3040 878 3115 omnis,
899 3041 951 3115 qui
972 3054 1032 3098 non
1050 3038 1151 3100 iecerit
1167 3038 1260 3115 legem
1281 3036 1338 3096 Dei
1357 3039 1465 3111 tni‚et

389 3135 483 3211 legem
502 3137 580 3212 regis
597 3134 751 3213 diiigenter
766 3177 775 3212 ,
792 3136 938 3212 judicium
962 3138 1019 3196 erit
1036 3136 1074 3195 de
1093 3151 1153 3211 eo,
1180 3135 1243 3194 sive
1262 3133 1303 3194 ed
1322 3139 1463 3204 mortem,

387 3233 452 3293 sive
474 3232 506 3291 in
522 3233 665 3309 exilium,
686 3235 750 3294 sive
770 3237 801 3294 in
819 3234 1090 3296 condennationem
1114 3231 1296 3292 subotnniiee
1315 3233 1405 3307 ejus,
1425 3227 1463 3286 vri

322 3339 324 3352 ·
388 3336 465 3392 certe
486 3332 519 3390 in
542 3346 699 3394 cercercm.
721 3355 733 3384 »ι
757 3331 844 3404 Quod
864 3337 894 3394 ct
915 3333 978 3407 ipse
998 3331 1107 3392 Esdrm
1129 3333 1188 3408 egit
1209 3346 1277 3392 cum
1298 3345 1462 3407 congreges

387 3434 433 3488 set
456 3429 493 3490 de
511 3429 602 3490 Israel
629 3431 772 3506 principos
796 3430 1002 3506 iernilierum,
1026 3431 1077 3506 qni
1105 3428 1297 3490 escenderunt
1316 3426 1459 3507 mininie

386 3525 589 3604 Babylonem
612 3531 760 3608 regionem
781 3543 877 3588 susm

424 3622 503 3685 Ordo
527 3631 624 3686 entem
647 3626 719 3704 legis
741 3625 836 3684 civilis
858 3631 889 3684 et
910 3625 1063 3702 religiosae
1084 3623 1122 3683 eb
1147 3622 1241 3683 Fsdro
1262 3623 1459 3682 institutnsin
1528 3647 1529 3650 ¹

385 3711 475 3797 r'egno
493 3722 586 3782 Judue
606 3730 635 3783 et
653 3722 743 3784 isreel
754 3729 856 3784 exacte
873 3729 1008 3784 servetur
1028 3729 1058 3783 et
1075 3724 1233 3799 percipitur
1255 3723 1289 3780 in
1307 3720 1413 3780 iudith
1423 3718 1460 3778 hi·

383 3821 486 3880 storie.
501 3820 700 3882 Telmudistee
717 3821 797 3882 huno
812 3825 947 3882 senatum
960 3819 1138 3882 Sonliedrim
1154 3836 1300 3898 mopoom
1313 3823 1459 3892 vocnruui,

383 3923 414 3974 et
435 3920 559 3994 exejus
585 3924 661 3978 nutu
690 3919 835 3994 pendebsi
862 3921 957 3978 omnis
982 3918 1145 3996 respublica
1172 3933 1283 3994 soora,
1309 3925 1341 3979 et
1362 3918 1458 3978 civilis.

382 4013 536 4074 Praetereo
557 4015 756 4077 Tcimudistee
776 4017 864 4078 iidem
887 4023 1021 4078 esserunt
1040 4017 1164 4094 singulis
1182 4016 1373 4076 inferioribus
1393 4014 1458 4074 urbi

382 4111 438 4172 bus
457 4115 607 4174 instimtos
630 4116 703 4176 aiios
724 4107 864 4194 sencino,
891 4115 942 4176 nbi
968 4117 1072 4193 viginti
1092 4121 1151 4176 ires
1173 4117 1231 4174 viri
1251 4114 1456 4175 censebantur.

410 4325 444 4386 (i)
462 4334 484 4376 2.
499 4328 612 4380 Pericle
625 4328 711 4379 xxvi.
725 4336 763 4380 ii.
777 4355 807 4368 -
819 4328 853 4392 (i)
868 4329 929 4381 iisd.
942 4345 964 4381 c.
975 4332 1029 4380 vii.
1049 4337 1087 4380 25.
