3022 5178
788 395 969 446 -288-

334 509 489 569 diderunt:
517 533 529 559 r
554 507 590 566 ln
606 505 812 566 enumerandis
827 506 918 582 igitur
943 505 1107 564 canonicae
1126 503 1292 580 Seripturae
1311 504 1410 581 libris,

334 610 386 684 qui
405 607 615 684 praescriptum
631 605 777 664 Ecclesiae
799 619 885 664 usum
910 607 940 662 et
965 605 1167 662 anctoritatem
1185 619 1246 662 non
1267 605 1414 680 sequitur,

334 720 452 764 sacrum
471 703 693 780 carthaginense
705 700 862 761 ooneillum
877 702 1013 776 tertium,
1029 701 1192 759 lnnoeentli
1204 707 1235 759 et
1246 699 1357 760 Gelasii
1369 700 1416 758 de

335 807 416 861 oreta
435 807 466 862 et
484 800 610 876 denique
634 799 786 860 deliniam
813 799 963 856 asanotis
989 797 1122 872 patribus
1153 796 1295 856 libmrum
1314 797 1419 856 catalo-

336 915 406 976 gum
426 901 587 974 respuit...
601 899 650 956 ‚is
671 897 762 956 velntl
785 897 989 955 schismaticus
1004 901 1034 954 et
1048 894 1206 954 haereseon
1224 897 1358 952 omnium
1374 896 1419 951 in-

334 1001 435 1055 eentor
450 1001 480 1054 et
492 994 590 1054 autor
609 1011 627 1054 a
643 1000 728 1054 tanta
742 996 906 1053 temeritate
927 995 1141 1068 reprimatur.»
1161 991 1235 1052 Cum
1251 1007 1325 1050 vero
1347 990 1421 1049 haee

335 1091 467 1170 synodus
486 1092 700 1152 haeretieorum
718 1091 872 1151 audaciam
889 1091 1079 1166 oomprimere
1095 1105 1156 1148 uon
1172 1089 1301 1165 valeret,
1321 1103 1420 1146 neees-

335 1192 413 1250 sario
433 1189 472 1248 ad
490 1189 647 1248 eoneibum
666 1189 800 1267 generale
821 1193 995 1264 perventum
1011 1193 1072 1264 est,
1097 1188 1149 1249 ubl
1170 1187 1207 1246 de
1234 1189 1278 1245 rei
1296 1187 1422 1246 ueritate

336 1287 549 1346 decerneretur.
569 1286 666 1346 Antea
690 1301 763 1344 vero
781 1285 914 1362 patribus
934 1288 1033 1345 enum
1056 1292 1102 1345 est
1117 1285 1268 1358 stabilire,
1289 1297 1368 1359 quae
1385 1281 1422 1340 ad

335 1383 500 1460 Scripturas
514 1400 612 1444 sacras
623 1391 654 1444 et
665 1384 852 1444 traditionem
867 1384 1061 1462 pertinebant,
1074 1389 1174 1460 utpote
1184 1382 1420 1456 fundamentum,

337 1484 370 1541 in
384 1498 443 1559 quo
460 1489 557 1542 eetera
570 1481 640 1542 fidel
656 1482 796 1559 dogmata
809 1488 912 1542 eontra
924 1497 1036 1551 errores
1051 1481 1196 1540 iirrnanda
1210 1485 1329 1555 essent;
1342 1477 1422 1536 et'ob

337 1579 395 1639 boc
412 1583 445 1638 in
466 1582 594 1640 sessione
610 1587 716 1657 quartu
733 1581 769 1640 de
784 1580 866 1640 libris
887 1567 1029 1644 diribitus
1045 1581 1210 1655 inspiratis,
1229 1585 1259 1636 et
1276 1577 1315 1635 de
1331 1574 1421 1636 uadi·

338 1679 419 1736 tione
436 1684 535 1736 actum
555 1684 608 1737 est.
631 1679 694 1738 Hoc
714 1682 746 1737 in
764 1679 828 1738 loco
846 1677 988 1754 quidquid
1003 1677 1160 1736 cardinalis
1180 1675 1356 1736 Pollavioini
1370 1689 1422 1732 sua

338 1777 371 1834 in
388 1777 510 1836 historia
526 1777 642 1836 concilii
660 1778 790 1854 ejusdem
810 1777 847 1836 de
859 1778 917 1836 bae
930 1779 1058 1836 sessione
1069 1777 1222 1852 narravit,
1242 1775 1346 1850 paucis
1358 1788 1422 1832 ver·

338 1872 384 1933 bis
401 1875 567 1934 reoensebo.
591 1875 638 1936 Sie
655 1878 733 1934 enim
759 1875 877 1935 scribit:
897 1874 1072 1950 «Optimum
1093 1873 1150 1933 sibi
1165 1872 1274 1950 (legato
1290 1869 1418 1944 scilieet)

338 1971 419 2031 iaetu
430 1971 535 2048 videri,
553 1979 588 2034 ut
606 1975 733 2049 primum
746 1980 963 2032 reeenserentur
979 1989 1013 2031 ac
1032 1975 1227 2050 reciperentur
1243 1969 1313 2028 libri
1331 1968 1423 2027 Gano-

338 2072 397 2128 niel
416 2085 567 2130 sanarum
586 2069 813 2149 Scripturarum‚
830 2087 889 2147 quo
918 2077 997 2130 certo
1022 2075 1187 2145 oonstaret,
1206 2067 1314 2144 quibus
1333 2067 1422 2125 arrris

337 2175 413 2228 esset
431 2171 462 2228 in
478 2170 637 2230 baeretioos
657 2169 877 2246 dinrleandum‚
896 2175 925 2228 et
946 2172 978 2227 in
1001 2185 1060 2245 qua
1079 2168 1144 2227 ba'si
1163 2165 1316 2227 fundanda
1346 2171 1424 2224 esset

338 2267 411 2326 tides
419 2267 654 2346 Catholicorum,
669 2285 794 2346 quorum
810 2269 899 2346 aliqui
913 2285 1000 2344 super
1013 2283 1048 2326 ee
1060 2283 1092 2326 re
1105 2269 1210 2326 misere
1223 2263 1418 2341 angebantur,

339 2383 408 2426 oum
428 2373 579 2427 comerent
596 2370 629 2426 in
647 2367 749 2427 eodem
764 2367 840 2427 libro
857 2383 876 2426 a
893 2367 1027 2444 plurimis
1044 2367 1139 2424 saneti
1154 2363 1279 2440 Spiritus
1297 2363 1423 2438 digitum

340 2465 467 2542 adorari,
480 2467 554 2525 alios
573 2472 676 2554 eontra
692 2466 800 2543 digitos
813 2467 978 2542 impostoris
992 2466 1134 2524 execrari.
1150 2463 1214 2522 lloe
1231 2465 1354 2535 statuto,
1367 2461 1424 2519 tria

339 2565 371 2622 in
382 2564 575 2638 peculiaribus
592 2564 721 2624 coetibus
737 2567 885 2640 pmposita
899 2570 979 2623 sunt.
996 2562 1140 2637 Primum,
1154 2577 1193 2620 an
1203 2561 1304 2618 omnia
1318 2561 1424 2618 utrius·

339 2678 397 2738 que
423 2665 590 2722 testamenti
619 2664 772 2724 volunrina
795 2669 892 2722 essent
914 2661 1150 2739 comprobanda3
1172 2661 1314 2734 alterum,
1335 2673 1374 2715 an
1392 2670 1424 2714 ea

343 2761 542 2835 comprobatio
560 2779 612 2838 per
632 2778 744 2821 novum
761 2777 884 2820 examen
903 2760 1077 2838 peragenda.
1098 2759 1230 2818 Tertium
1247 2773 1266 2814 a
1282 2756 1422 2828 Bertano,

341 2874 377 2917 ao
394 2859 555 2934 Seripundo
568 2862 768 2936 propositum,
784 2875 822 2917 an
836 2858 984 2934 expediret
999 2873 1097 2916 sacros
1112 2855 1202 2914 libros
1214 2856 1246 2913 in
1264 2853 1340 2912 duas
1353 2853 1425 2911 elas·

341 2971 388 3014 ses
402 2959 506 3030 partiri
517 2999 527 3033 ‚
538 2956 663 3016 alteram
680 2974 781 3016 eornm
793 2999 803 3032 ,
817 2973 894 3034 quae
912 2956 949 3014 ad
969 2953 1197 3030 pmmovendam
1214 2951 1316 3028 populi
1335 2953 1425 3027 pieta·

341 3059 401 3112 tem
420 3057 580 3132 pertinent,
595 3061 626 3116 et
642 3054 722 3115 illlus
738 3072 828 3133 ergo,
843 3054 939 3114 solum
959 3053 1142 3112 abEcclesia
1159 3053 1267 3126 reeepti
1283 3056 1424 3126 tanquam

341 3150 429 3228 boni;
448 3153 612 3229 cujusmodi
632 3152 807 3212 videbantur
837 3169 899 3213 esse
924 3150 1167 3228 Proverbiorum,
1188 3149 1235 3208 vel
1254 3151 1354 3224 potins
1374 3147 1425 3206 llo

341 3250 507 3327 olesbstiei,
523 3251 626 3311 Siraeb
641 3259 670 3311 et
685 3252 849 3327 Sapientiae
862 3251 930 3311 libri
943 3294 952 3328 ,
967 3249 1098 3310 nondum
1116 3249 1154 3308 ab
1169 3248 1299 3307 Ecclesia
1312 3245 1424 3322 probati

340 3354 481 3426 tanquam
496 3350 651 3426 Canonioi,
666 3352 782 3410 tametsi
797 3349 933 3426 frequens
945 3364 1046 3408 eorum
1056 3349 1167 3407 mentio
1179 3333 1337 3406 baberetur
1350 3343 1424 3420 apud

340 3454 476 3508 sanctum
493 3448 708 3525 Hieronymum
726 3453 755 3506 et
770 3447 986 3525 Augustinum,
1006 3446 1137 3522 aliosque
1149 3451 1261 3504 veteres
1276 3447 1422 3516 auctores3

340 3545 465 3604 alterum
476 3563 591 3623 eorum,
604 3547 710 3623 quibus
724 3549 812 3606 etiam
825 3546 892 3606 lidei
906 3547 1045 3622 dogmata
1062 3546 1238 3602 innituntur.
1257 3541 1316 3600 Sed
1332 3557 1369 3599 ea
1382 3539 1422 3597 di·

341 3645 432 3719 ebio,
453 3647 571 3703 tametsi
592 3644 631 3703 ab
653 3645 754 3722 aliquo
773 3651 890 3704 auetme
909 3647 990 3720 prius
1010 3643 1090 3703 iacta
1104 3648 1134 3700 et
1151 3647 1223 3700 mne
1235 3655 1254 3698 a
1267 3635 1423 3713 Seripundo

340 3747 475 3817 promota
493 3759 544 3817 per
561 3742 692 3802 libellum
711 3743 938 3803 eruditissimum
959 3757 994 3800 ea
1014 3743 1110 3819 gaba
1128 3739 1348 3812 eonseriptum‚
1369 3749 1422 3810 quo

341 3841 439 3898 cuncti
457 3839 524 3898 libri
552 3840 692 3900 Canoniei
718 3843 773 3900 rite
792 3840 1041 3915 expenderentur,
1062 3840 1106 3897 uti
1125 3851 1228 3895 revera
1244 3833 1363 3892 firmam
1380 3847 1421 3890 ra·

341 3937 450 3995 tionem
477 3953 537 3996 non
567 3939 768 4016 praelerebat,
791 3941 834 3998 ita
853 3954 906 3996 nec
925 3953 979 3996 sua
999 3938 1094 4012 specie
1113 3941 1210 4010 patres
1232 3933 1352 4008 allexit,
1374 3932 1420 3987 vir

340 4039 428 4092 nacta
445 4034 627 4096 laudatorem
639 4055 648 4113 3
665 4053 755 4114 quare
768 4035 841 4094 nibil
852 4036 930 4094 ultra
943 4035 1123 4111 disputatum
1138 4039 1191 4091 est.
1207 4056 1220 4082 ›>
1239 4029 1336 4106 Supra
1348 4045 1366 4088 a
1378 4041 1421 4085 me

343 4131 456 4194 dietum
477 4135 553 4213 fuit,
575 4137 720 4214 quomodo
738 4137 910 4215 Hieronymi
929 4135 1019 4194 verba
1038 4136 1098 4193 sint
1114 4131 1302 4208 explicanda,
1321 4137 1351 4189 et
1368 4143 1421 4204 qua

341 4237 455 4299 ratione
473 4238 530 4294 ista
551 4233 665 4295 divisio
679 4234 766 4294 bodie
782 4251 908 4311 pamm,
928 4234 975 4293 vel
992 4233 1117 4292 nihilum
1138 4234 1177 4291 sit
1188 4231 1361 4291 necessaria.
1378 4226 1418 4285 lix

340 4330 435 4394 tribus
451 4351 521 4395 vero
541 4333 761 4412 quaestionibus
780 4335 956 4410 propositis,
976 4335 1007 4391 in
1023 4335 1118 4409 prima
1131 4331 1212 4392 luere
1229 4333 1303 4390 eitra
1316 4328 1418 4387 dboor-
