<?xml version="1.0" encoding="UTF-8"?>
<!DOCTYPE html PUBLIC "-//W3C//DTD XHTML 1.0 Transitional//EN"
    "http://www.w3.org/TR/xhtml1/DTD/xhtml1-transitional.dtd">
<html xmlns="http://www.w3.org/1999/xhtml" xml:lang="en" lang="en">
 <head>
  <title>
</title>
<meta http-equiv="Content-Type" content="text/html;charset=utf-8" />
  <meta name='ocr-system' content='tesseract 3.04.00' />
  <meta name='ocr-capabilities' content='ocr_page ocr_carea ocr_par ocr_line ocrx_word'/>
</head>
<body>
  <div class='ocr_page' id='page_1' title='image "./sessioquartacon00vincgoog_0482.png"; bbox 0 0 3086 5182; ppageno 0'>
   <div class='ocr_carea' id='block_1_1' title="bbox 575 386 735 436">
    <p class='ocr_par' dir='ltr' id='par_1_1' title="bbox 575 386 735 436">
     <span class='ocr_line' id='line_1_1' title="bbox 575 386 735 436; baseline 0.013 -16"><span class='ocrx_word' id='word_1_1' title='bbox 575 386 735 436; x_wconf 63' lang='grc' dir='ltr'>..Μ-.-</span> 
     </span>
    </p>
   </div>
   <div class='ocr_carea' id='block_1_2' title="bbox 107 495 1194 1362">
    <p class='ocr_par' dir='ltr' id='par_1_2' title="bbox 107 495 1194 1362">
     <span class='ocr_line' id='line_1_2' title="bbox 113 495 1191 574; baseline 0.004 -18"><span class='ocrx_word' id='word_1_2' title='bbox 113 495 257 572; x_wconf 85' lang='lat' dir='ltr'><strong>pericopls</strong></span> <span class='ocrx_word' id='word_1_3' title='bbox 269 495 448 572; x_wconf 76' lang='lat' dir='ltr'><strong>genuitatem</strong></span> <span class='ocrx_word' id='word_1_4' title='bbox 458 501 567 572; x_wconf 81' lang='lat' dir='ltr'><strong>negat,</strong></span> <span class='ocrx_word' id='word_1_5' title='bbox 581 496 731 572; x_wconf 83' lang='lat' dir='ltr'><strong>iejleitque</strong></span> <span class='ocrx_word' id='word_1_6' title='bbox 742 495 862 556; x_wconf 87' lang='lat' dir='ltr'><strong>dicens:</strong></span> <span class='ocrx_word' id='word_1_7' title='bbox 883 496 1041 558; x_wconf 72' lang='lat' dir='ltr'><strong>«timorem</strong></span> <span class='ocrx_word' id='word_1_8' title='bbox 1054 495 1093 574; x_wconf 77' lang='lat'><strong>(1)</strong></span> <span class='ocrx_word' id='word_1_9' title='bbox 1110 497 1191 560; x_wconf 84' lang='lat' dir='ltr'><strong>hunc</strong></span> 
     </span>
     <span class='ocr_line' id='line_1_3' title="bbox 107 581 1189 674; baseline 0.004 -20"><span class='ocrx_word' id='word_1_10' title='bbox 107 596 225 660; x_wconf 76' lang='lat' dir='ltr'><strong>,murm</strong></span> <span class='ocrx_word' id='word_1_11' title='bbox 244 596 276 652; x_wconf 93' lang='lat' dir='ltr'><strong>in</strong></span> <span class='ocrx_word' id='word_1_12' title='bbox 290 593 417 655; x_wconf 83' lang='lat' dir='ltr'><strong>‚modum</strong></span> <span class='ocrx_word' id='word_1_13' title='bbox 436 599 579 671; x_wconf 82' lang='lat' dir='ltr'><strong>aggravat</strong></span> <span class='ocrx_word' id='word_1_14' title='bbox 590 581 714 670; x_wconf 82' lang='lat' dir='ltr'><strong>scriptor</strong></span> <span class='ocrx_word' id='word_1_15' title='bbox 731 593 913 662; x_wconf 79' lang='lat' dir='ltr'><strong>addidonum</strong></span> <span class='ocrx_word' id='word_1_16' title='bbox 934 595 1189 674; x_wconf 84' lang='lat' dir='ltr'><strong>apocrypharum,</strong></span> 
     </span>
     <span class='ocr_line' id='line_1_4' title="bbox 113 689 1192 770; baseline 0.002 -16"><span class='ocrx_word' id='word_1_17' title='bbox 113 694 147 754; x_wconf 92' lang='lat' dir='ltr'><strong>in</strong></span> <span class='ocrx_word' id='word_1_18' title='bbox 159 691 266 770; x_wconf 85' lang='lat' dir='ltr'><strong>quihus</strong></span> <span class='ocrx_word' id='word_1_19' title='bbox 279 689 377 752; x_wconf 80' lang='lat' dir='ltr'><strong>Amen</strong></span> <span class='ocrx_word' id='word_1_20' title='bbox 390 697 543 754; x_wconf 79' lang='lat' dir='ltr'><strong>aecusmnr</strong></span> <span class='ocrx_word' id='word_1_21' title='bbox 556 733 565 768; x_wconf 96' lang='lat'><strong>,</strong></span> <span class='ocrx_word' id='word_1_22' title='bbox 586 692 666 769; x_wconf 81' lang='lat' dir='ltr'><strong>qued</strong></span> <span class='ocrx_word' id='word_1_23' title='bbox 678 692 805 754; x_wconf 79' lang='lat' dir='ltr'><strong>volumit</strong></span> <span class='ocrx_word' id='word_1_24' title='bbox 818 707 969 770; x_wconf 79' lang='lat' dir='ltr'>persarum</span> <span class='ocrx_word' id='word_1_25' title='bbox 983 695 1138 770; x_wconf 77' lang='lat' dir='ltr'><strong>imperinm</strong></span> <span class='ocrx_word' id='word_1_26' title='bbox 1153 695 1192 756; x_wconf 83' lang='lat' dir='ltr'><strong>ad</strong></span> 
     </span>
     <span class='ocr_line' id='line_1_5' title="bbox 112 788 1194 868; baseline -0.002 -12"><span class='ocrx_word' id='word_1_27' title='bbox 112 789 288 856; x_wconf 60' lang='lat' dir='ltr'><strong>macedones</strong></span> <span class='ocrx_word' id='word_1_28' title='bbox 306 788 486 866; x_wconf 72' lang='lat' dir='ltr'><strong>transferre,</strong></span> <span class='ocrx_word' id='word_1_29' title='bbox 507 789 559 850; x_wconf 86' lang='lat' dir='ltr'><strong>scd</strong></span> <span class='ocrx_word' id='word_1_30' title='bbox 578 789 777 852; x_wconf 77' lang='lat' dir='ltr'><strong>additionibus</strong></span> <span class='ocrx_word' id='word_1_31' title='bbox 794 792 860 852; x_wconf 86' lang='lat' dir='ltr'><strong>istis</strong></span> <span class='ocrx_word' id='word_1_32' title='bbox 879 791 955 852; x_wconf 83' lang='lat' dir='ltr'><strong>nihil</strong></span> <span class='ocrx_word' id='word_1_33' title='bbox 974 791 1117 868; x_wconf 69' lang='lat' dir='ltr'><strong>proiectu.⁴</strong></span> <span class='ocrx_word' id='word_1_34' title='bbox 1134 795 1194 854; x_wconf 78' lang='lat' dir='ltr'><strong>ine</strong></span> 
     </span>
     <span class='ocr_line' id='line_1_6' title="bbox 112 886 1192 968; baseline 0.002 -18"><span class='ocrx_word' id='word_1_35' title='bbox 112 890 194 966; x_wconf 81' lang='lat' dir='ltr'><strong>ptius</strong></span> <span class='ocrx_word' id='word_1_36' title='bbox 212 894 310 966; x_wconf 88' lang='lat' dir='ltr'><strong>posset</strong></span> <span class='ocrx_word' id='word_1_37' title='bbox 327 889 526 966; x_wconf 56' lang='lat' dir='ltr'><strong>exsufflari.»</strong></span> <span class='ocrx_word' id='word_1_38' title='bbox 548 886 597 948; x_wconf 80' lang='lat' dir='ltr'><strong>Ad</strong></span> <span class='ocrx_word' id='word_1_39' title='bbox 610 888 680 952; x_wconf 89' lang='lat' dir='ltr'><strong>huie</strong></span> <span class='ocrx_word' id='word_1_40' title='bbox 693 887 791 950; x_wconf 88' lang='lat' dir='ltr'><strong>Vossii</strong></span> <span class='ocrx_word' id='word_1_41' title='bbox 810 888 994 968; x_wconf 78' lang='lat' dir='ltr'><strong>illudendum</strong></span> <span class='ocrx_word' id='word_1_42' title='bbox 1011 893 1192 968; x_wconf 67' lang='lat' dir='ltr'><strong>scamma,</strong></span> 
     </span>
     <span class='ocr_line' id='line_1_7' title="bbox 113 986 1194 1078; baseline 0 -28"><span class='ocrx_word' id='word_1_43' title='bbox 113 994 145 1050; x_wconf 89' lang='lat' dir='ltr'><strong>et</strong></span> <span class='ocrx_word' id='word_1_44' title='bbox 164 988 314 1050; x_wconf 79' lang='lat' dir='ltr'><strong>sacrorum</strong></span> <span class='ocrx_word' id='word_1_45' title='bbox 334 986 491 1078; x_wconf 68' lang='lat' dir='ltr'><strong>vmborunn</strong></span> <span class='ocrx_word' id='word_1_46' title='bbox 510 987 688 1048; x_wconf 85' lang='lat' dir='ltr'><strong>firmandam</strong></span> <span class='ocrx_word' id='word_1_47' title='bbox 707 989 908 1066; x_wconf 81' lang='lat' dir='ltr'><strong>grauitatem,</strong></span> <span class='ocrx_word' id='word_1_48' title='bbox 929 987 1081 1066; x_wconf 74' lang='lat' dir='ltr'><strong>elidem,</strong></span> <span class='ocrx_word' id='word_1_49' title='bbox 1102 991 1194 1050; x_wconf 89' lang='lat' dir='ltr'><strong>scien·</strong></span> 
     </span>
     <span class='ocr_line' id='line_1_8' title="bbox 113 1077 1193 1164; baseline 0.003 -17"><span class='ocrx_word' id='word_1_50' title='bbox 113 1086 188 1148; x_wconf 89' lang='lat' dir='ltr'><strong>dum</strong></span> <span class='ocrx_word' id='word_1_51' title='bbox 206 1091 252 1148; x_wconf 88' lang='lat' dir='ltr'><strong>cst</strong></span> <span class='ocrx_word' id='word_1_52' title='bbox 270 1077 400 1163; x_wconf 72' lang='lat' dir='ltr'><strong>pumum&#39;</strong></span> <span class='ocrx_word' id='word_1_53' title='bbox 410 1127 420 1163; x_wconf 94' lang='lat'><strong>,</strong></span> <span class='ocrx_word' id='word_1_54' title='bbox 441 1085 523 1148; x_wconf 88' lang='lat' dir='ltr'><strong>illam</strong></span> <span class='ocrx_word' id='word_1_55' title='bbox 542 1089 697 1164; x_wconf 78' lang='lat' dir='ltr'><strong>pericopen</strong></span> <span class='ocrx_word' id='word_1_56' title='bbox 716 1089 844 1148; x_wconf 67' lang='lat' dir='ltr'><strong>invenis</strong></span> <span class='ocrx_word' id='word_1_57' title='bbox 863 1089 896 1148; x_wconf 89' lang='lat' dir='ltr'><strong>in</strong></span> <span class='ocrx_word' id='word_1_58' title='bbox 915 1088 1052 1150; x_wconf 86' lang='lat' dir='ltr'><strong>omnihus</strong></span> <span class='ocrx_word' id='word_1_59' title='bbox 1071 1090 1193 1150; x_wconf 75' lang='lat' dir='ltr'><strong>astutis</strong></span> 
     </span>
     <span class='ocr_line' id='line_1_9' title="bbox 113 1183 1192 1264; baseline 0 -18"><span class='ocrx_word' id='word_1_60' title='bbox 113 1187 228 1263; x_wconf 82' lang='lat' dir='ltr'><strong>graecis</strong></span> <span class='ocrx_word' id='word_1_61' title='bbox 241 1183 408 1261; x_wconf 89' lang='lat' dir='ltr'><strong>codicibus,</strong></span> <span class='ocrx_word' id='word_1_62' title='bbox 423 1200 546 1262; x_wconf 83' lang='lat' dir='ltr'><strong>eamque</strong></span> <span class='ocrx_word' id='word_1_63' title='bbox 559 1183 738 1248; x_wconf 73' lang='lat' dir='ltr'><strong>conformari</strong></span> <span class='ocrx_word' id='word_1_64' title='bbox 751 1185 889 1262; x_wconf 86' lang='lat' dir='ltr'><strong>epistolae</strong></span> <span class='ocrx_word' id='word_1_65' title='bbox 903 1189 993 1248; x_wconf 83' lang='lat' dir='ltr'><strong>nexui</strong></span> <span class='ocrx_word' id='word_1_66' title='bbox 1006 1193 1035 1248; x_wconf 91' lang='lat' dir='ltr'><strong>et</strong></span> <span class='ocrx_word' id='word_1_67' title='bbox 1048 1189 1192 1264; x_wconf 83' lang='lat' dir='ltr'><strong>tempori,</strong></span> 
     </span>
     <span class='ocr_line' id='line_1_10' title="bbox 113 1281 1194 1362; baseline 0.002 -18"><span class='ocrx_word' id='word_1_68' title='bbox 113 1299 174 1362; x_wconf 88' lang='lat' dir='ltr'><strong>quo</strong></span> <span class='ocrx_word' id='word_1_69' title='bbox 194 1281 324 1344; x_wconf 71' lang='lat' dir='ltr'><strong>musas</strong></span> <span class='ocrx_word' id='word_1_70' title='bbox 344 1281 601 1360; x_wconf 79' lang='lat' dir='ltr'><strong>historiaexpleta</strong></span> <span class='ocrx_word' id='word_1_71' title='bbox 621 1282 688 1344; x_wconf 87' lang='lat' dir='ltr'><strong>fuit.</strong></span> <span class='ocrx_word' id='word_1_72' title='bbox 711 1282 863 1362; x_wconf 82' lang='lat' dir='ltr'><strong>Temperi,</strong></span> <span class='ocrx_word' id='word_1_73' title='bbox 885 1285 964 1362; x_wconf 76' lang='lat' dir='ltr'><strong>dixi,</strong></span> <span class='ocrx_word' id='word_1_74' title='bbox 986 1301 1134 1362; x_wconf 87' lang='lat' dir='ltr'><strong>namque,</strong></span> <span class='ocrx_word' id='word_1_75' title='bbox 1149 1287 1194 1346; x_wconf 90' lang='lat' dir='ltr'><strong>uti</strong></span> 
     </span>
    </p>
   </div>
   <div class='ocr_carea' id='block_1_3' title="bbox 4 1381 1192 1562">
    <p class='ocr_par' dir='ltr' id='par_1_3' title="bbox 4 1381 1192 1562">
     <span class='ocr_line' id='line_1_11' title="bbox 4 1381 1191 1460; baseline 0 -17"><span class='ocrx_word' id='word_1_76' title='bbox 4 1413 5 1452; x_wconf 52' lang='lat' dir='ltr'><strong>i</strong></span> <span class='ocrx_word' id='word_1_77' title='bbox 113 1384 202 1460; x_wconf 79' lang='lat' dir='ltr'><strong>paulo</strong></span> <span class='ocrx_word' id='word_1_78' title='bbox 222 1390 291 1444; x_wconf 81' lang='lat' dir='ltr'><strong>ante</strong></span> <span class='ocrx_word' id='word_1_79' title='bbox 309 1382 512 1456; x_wconf 84' lang='lat' dir='ltr'><strong>ostendimus,</strong></span> <span class='ocrx_word' id='word_1_80' title='bbox 541 1381 706 1444; x_wconf 72' lang='lat' dir='ltr'><strong>Artaxerxe</strong></span> <span class='ocrx_word' id='word_1_81' title='bbox 724 1381 881 1442; x_wconf 82' lang='lat' dir='ltr'><strong>Memnone</strong></span> <span class='ocrx_word' id='word_1_82' title='bbox 902 1384 1085 1460; x_wconf 84' lang='lat' dir='ltr'><strong>imperante,</strong></span> <span class='ocrx_word' id='word_1_83' title='bbox 1106 1389 1191 1460; x_wconf 80' lang='lat' dir='ltr'><strong>gesta</strong></span> 
     </span>
     <span class='ocr_line' id='line_1_12' title="bbox 4 1473 1192 1562; baseline 0.005 -26"><span class='ocrx_word' id='word_1_84' title='bbox 4 1513 5 1536; x_wconf 54' lang='lat' dir='ltr'><strong>i</strong></span> <span class='ocrx_word' id='word_1_85' title='bbox 114 1473 189 1544; x_wconf 77' lang='lat' dir='ltr'><strong>sunl</strong></span> <span class='ocrx_word' id='word_1_86' title='bbox 198 1497 282 1562; x_wconf 72' lang='lat' dir='ltr'><strong>¹(puae</strong></span> <span class='ocrx_word' id='word_1_87' title='bbox 300 1487 458 1542; x_wconf 83' lang='lat' dir='ltr'><strong>narrantem</strong></span> <span class='ocrx_word' id='word_1_88' title='bbox 477 1482 511 1540; x_wconf 95' lang='lat' dir='ltr'><strong>in</strong></span> <span class='ocrx_word' id='word_1_89' title='bbox 531 1479 618 1540; x_wconf 86' lang='lat' dir='ltr'><strong>libro.</strong></span> <span class='ocrx_word' id='word_1_90' title='bbox 640 1481 794 1542; x_wconf 85' lang='lat' dir='ltr'><strong>Neminem</strong></span> <span class='ocrx_word' id='word_1_91' title='bbox 821 1481 936 1560; x_wconf 79' lang='lat' dir='ltr'><strong>fugient</strong></span> <span class='ocrx_word' id='word_1_92' title='bbox 954 1483 1059 1558; x_wconf 86' lang='lat' dir='ltr'><strong>vires,</strong></span> <span class='ocrx_word' id='word_1_93' title='bbox 1085 1482 1192 1560; x_wconf 84' lang='lat' dir='ltr'><strong>quihus</strong></span> 
     </span>
    </p>
   </div>
   <div class='ocr_carea' id='block_1_4' title="bbox 113 1576 1194 1659">
    <p class='ocr_par' dir='ltr' id='par_1_4' title="bbox 113 1576 1194 1659">
     <span class='ocr_line' id='line_1_13' title="bbox 113 1576 1194 1659; baseline -0.001 -17"><span class='ocrx_word' id='word_1_94' title='bbox 113 1581 206 1644; x_wconf 88' lang='lat' dir='ltr'><strong>sublit</strong></span> <span class='ocrx_word' id='word_1_95' title='bbox 225 1597 348 1659; x_wconf 78' lang='lat' dir='ltr'><strong>regnum</strong></span> <span class='ocrx_word' id='word_1_96' title='bbox 367 1595 519 1657; x_wconf 86' lang='lat' dir='ltr'><strong>persarum</strong></span> <span class='ocrx_word' id='word_1_97' title='bbox 539 1585 607 1640; x_wconf 87' lang='lat' dir='ltr'><strong>ante</strong></span> <span class='ocrx_word' id='word_1_98' title='bbox 626 1579 700 1640; x_wconf 88' lang='lat' dir='ltr'><strong>illud</strong></span> <span class='ocrx_word' id='word_1_99' title='bbox 726 1585 840 1656; x_wconf 88' lang='lat' dir='ltr'><strong>tempus</strong></span> <span class='ocrx_word' id='word_1_100' title='bbox 860 1585 969 1656; x_wconf 85' lang='lat' dir='ltr'><strong>etpost</strong></span> <span class='ocrx_word' id='word_1_101' title='bbox 984 1576 1092 1640; x_wconf 78' lang='lat' dir='ltr'><strong>Xerxis</strong></span> <span class='ocrx_word' id='word_1_102' title='bbox 1107 1597 1194 1658; x_wconf 85' lang='lat' dir='ltr'><strong>expe·</strong></span> 
     </span>
    </p>
   </div>
   <div class='ocr_carea' id='block_1_5' title="bbox 4 1678 1195 1756">
    <p class='ocr_par' dir='ltr' id='par_1_5' title="bbox 4 1678 1195 1756">
     <span class='ocr_line' id='line_1_14' title="bbox 4 1678 1195 1756; baseline -0.003 -14"><span class='ocrx_word' id='word_1_103' title='bbox 4 1713 7 1752; x_wconf 65' lang='lat'><em>2</em></span> <span class='ocrx_word' id='word_1_104' title='bbox 113 1681 256 1744; x_wconf 81' lang='lat' dir='ltr'><strong>ditionun</strong></span> <span class='ocrx_word' id='word_1_105' title='bbox 269 1683 301 1740; x_wconf 95' lang='lat' dir='ltr'><strong>in</strong></span> <span class='ocrx_word' id='word_1_106' title='bbox 322 1680 497 1756; x_wconf 80' lang='lat' dir='ltr'><strong>Graeciam,</strong></span> <span class='ocrx_word' id='word_1_107' title='bbox 517 1678 556 1740; x_wconf 90' lang='lat' dir='ltr'><strong>oh</strong></span> <span class='ocrx_word' id='word_1_108' title='bbox 568 1679 752 1755; x_wconf 77' lang='lat' dir='ltr'><strong>simultates,</strong></span> <span class='ocrx_word' id='word_1_109' title='bbox 773 1681 937 1755; x_wconf 72' lang='lat' dir='ltr'><strong>cuminian</strong></span> <span class='ocrx_word' id='word_1_110' title='bbox 956 1678 1195 1743; x_wconf 66' lang='lat' dir='ltr'><strong>immoremur</strong></span> 
     </span>
    </p>
   </div>
   <div class='ocr_carea' id='block_1_6' title="bbox 114 1777 1194 2051">
    <p class='ocr_par' dir='ltr' id='par_1_6' title="bbox 114 1777 1194 2051">
     <span class='ocr_line' id='line_1_15' title="bbox 114 1777 1193 1859; baseline -0.004 -17"><span class='ocrx_word' id='word_1_111' title='bbox 114 1780 227 1859; x_wconf 79' lang='lat' dir='ltr'><strong>Cynum</strong></span> <span class='ocrx_word' id='word_1_112' title='bbox 246 1781 369 1842; x_wconf 79' lang='lat' dir='ltr'><strong>hatrem</strong></span> <span class='ocrx_word' id='word_1_113' title='bbox 387 1781 451 1856; x_wconf 74' lang='lat' dir='ltr'><strong>eius</strong></span> <span class='ocrx_word' id='word_1_114' title='bbox 469 1784 590 1838; x_wconf 81' lang='lat' dir='ltr'><strong>exortae</strong></span> <span class='ocrx_word' id='word_1_115' title='bbox 609 1784 699 1854; x_wconf 75' lang='lat' dir='ltr'><strong>sunt,</strong></span> <span class='ocrx_word' id='word_1_116' title='bbox 721 1793 812 1854; x_wconf 88' lang='lat' dir='ltr'><strong>qnare</strong></span> <span class='ocrx_word' id='word_1_117' title='bbox 830 1777 894 1840; x_wconf 85' lang='lat' dir='ltr'><strong>ilari</strong></span> <span class='ocrx_word' id='word_1_118' title='bbox 914 1779 1032 1856; x_wconf 88' lang='lat' dir='ltr'><strong>potuit,</strong></span> <span class='ocrx_word' id='word_1_119' title='bbox 1053 1779 1193 1856; x_wconf 73' lang='lat' dir='ltr'><strong>inquens,</strong></span> 
     </span>
     <span class='ocr_line' id='line_1_16' title="bbox 115 1877 1189 1954; baseline 0 -16"><span class='ocrx_word' id='word_1_120' title='bbox 115 1877 264 1954; x_wconf 84' lang='lat' dir='ltr'><strong>utpopnli</strong></span> <span class='ocrx_word' id='word_1_121' title='bbox 275 1878 491 1953; x_wconf 79' lang='lat' dir='ltr'><strong>occidentales,</strong></span> <span class='ocrx_word' id='word_1_122' title='bbox 513 1878 576 1938; x_wconf 86' lang='lat' dir='ltr'><strong>sive</strong></span> <span class='ocrx_word' id='word_1_123' title='bbox 595 1889 735 1952; x_wconf 73' lang='lat' dir='ltr'><strong>graems,</strong></span> <span class='ocrx_word' id='word_1_124' title='bbox 757 1879 820 1938; x_wconf 88' lang='lat' dir='ltr'><strong>siva</strong></span> <span class='ocrx_word' id='word_1_125' title='bbox 838 1877 1012 1940; x_wconf 78' lang='lat' dir='ltr'><strong>macedones</strong></span> <span class='ocrx_word' id='word_1_126' title='bbox 1024 1880 1189 1954; x_wconf 84' lang='lat' dir='ltr'><strong>vocaveris,</strong></span> 
     </span>
     <span class='ocr_line' id='line_1_17' title="bbox 115 1974 1194 2051; baseline 0 -15"><span class='ocrx_word' id='word_1_127' title='bbox 115 1978 250 2050; x_wconf 80' lang='lat' dir='ltr'><strong>venirent</strong></span> <span class='ocrx_word' id='word_1_128' title='bbox 269 1977 300 2034; x_wconf 87' lang='lat' dir='ltr'><strong>in</strong></span> <span class='ocrx_word' id='word_1_129' title='bbox 319 1982 414 2036; x_wconf 90' lang='lat' dir='ltr'><strong>terras</strong></span> <span class='ocrx_word' id='word_1_130' title='bbox 433 1989 606 2051; x_wconf 87' lang='lat' dir='ltr'><strong>persarum,</strong></span> <span class='ocrx_word' id='word_1_131' title='bbox 626 1974 724 2051; x_wconf 88' lang='lat' dir='ltr'><strong>ibique</strong></span> <span class='ocrx_word' id='word_1_132' title='bbox 743 1977 775 2034; x_wconf 92' lang='lat' dir='ltr'><strong>in</strong></span> <span class='ocrx_word' id='word_1_133' title='bbox 795 1976 864 2036; x_wconf 88' lang='lat' dir='ltr'><strong>aula</strong></span> <span class='ocrx_word' id='word_1_134' title='bbox 881 1974 1020 2050; x_wconf 88' lang='lat' dir='ltr'><strong>Assueri,</strong></span> <span class='ocrx_word' id='word_1_135' title='bbox 1036 1974 1194 2036; x_wconf 36' lang='lat' dir='ltr'><strong>seuflrtu·</strong></span> 
     </span>
    </p>
   </div>
   <div class='ocr_carea' id='block_1_7' title="bbox 4 2071 1194 2154">
    <p class='ocr_par' dir='ltr' id='par_1_7' title="bbox 4 2065 1194 2156">
     <span class='ocr_line' id='line_1_18' title="bbox 4 2071 1194 2154; baseline 0.003 -23"><span class='ocrx_word' id='word_1_136' title='bbox 4 2107 10 2138; x_wconf 75' lang='lat'><strong>,</strong></span> <span class='ocrx_word' id='word_1_137' title='bbox 114 2075 216 2134; x_wconf 81' lang='lat' dir='ltr'><strong>xerxis</strong></span> <span class='ocrx_word' id='word_1_138' title='bbox 235 2071 396 2150; x_wconf 82' lang='lat' dir='ltr'><strong>degerent,</strong></span> <span class='ocrx_word' id='word_1_139' title='bbox 417 2075 494 2132; x_wconf 86' lang='lat' dir='ltr'><strong>inter</strong></span> <span class='ocrx_word' id='word_1_140' title='bbox 513 2087 587 2149; x_wconf 82' lang='lat' dir='ltr'><strong>quos</strong></span> <span class='ocrx_word' id='word_1_141' title='bbox 607 2074 696 2133; x_wconf 88' lang='lat' dir='ltr'><strong>etiam</strong></span> <span class='ocrx_word' id='word_1_142' title='bbox 716 2073 813 2138; x_wconf 76' lang='lat' dir='ltr'><strong>Autan</strong></span> <span class='ocrx_word' id='word_1_143' title='bbox 830 2083 845 2150; x_wconf 76' lang='lat'><strong>,⁶</strong></span> <span class='ocrx_word' id='word_1_144' title='bbox 861 2077 917 2150; x_wconf 89' lang='lat' dir='ltr'><strong>qui·</strong></span> <span class='ocrx_word' id='word_1_145' title='bbox 932 2074 1038 2150; x_wconf 83' lang='lat' dir='ltr'><strong>hospes</strong></span> <span class='ocrx_word' id='word_1_146' title='bbox 1058 2080 1194 2154; x_wconf 75' lang='lat' dir='ltr'><strong>acaephrp</strong></span> 
     </span>
    </p>
   </div>
   <div class='ocr_carea' id='block_1_8' title="bbox 113 2171 1240 2547">
    <p class='ocr_par' dir='ltr' id='par_1_8' title="bbox 113 2171 1240 2547">
     <span class='ocr_line' id='line_1_19' title="bbox 116 2171 1195 2249; baseline 0.001 -16"><span class='ocrx_word' id='word_1_147' title='bbox 116 2171 157 2233; x_wconf 84' lang='lat' dir='ltr'><strong>alr</strong></span> <span class='ocrx_word' id='word_1_148' title='bbox 170 2171 299 2233; x_wconf 65' lang='lat' dir='ltr'><strong>assuero</strong></span> <span class='ocrx_word' id='word_1_149' title='bbox 309 2213 320 2248; x_wconf 95' lang='lat'><strong>,</strong></span> <span class='ocrx_word' id='word_1_150' title='bbox 331 2171 512 2236; x_wconf 74' lang='lat' dir='ltr'><strong>mendcans</strong></span> <span class='ocrx_word' id='word_1_151' title='bbox 526 2171 733 2248; x_wconf 68' lang='lat' dir='ltr'><strong>hospitalitate</strong></span> <span class='ocrx_word' id='word_1_152' title='bbox 749 2171 862 2249; x_wconf 83' lang='lat' dir='ltr'><strong>legihns</strong></span> <span class='ocrx_word' id='word_1_153' title='bbox 875 2197 891 2249; x_wconf 95' lang='lat'><strong>,·</strong></span> <span class='ocrx_word' id='word_1_154' title='bbox 906 2189 1029 2248; x_wconf 83' lang='lat' dir='ltr'><strong>regnum</strong></span> <span class='ocrx_word' id='word_1_155' title='bbox 1043 2189 1195 2248; x_wconf 80' lang='lat' dir='ltr'><strong>persarum</strong></span> 
     </span>
     <span class='ocr_line' id='line_1_20' title="bbox 113 2259 1240 2335; baseline -0.001 -3"><span class='ocrx_word' id='word_1_156' title='bbox 113 2277 244 2332; x_wconf 83' lang='lat' dir='ltr'><strong>evertere</strong></span> <span class='ocrx_word' id='word_1_157' title='bbox 264 2277 294 2332; x_wconf 85' lang='lat' dir='ltr'><strong>et</strong></span> <span class='ocrx_word' id='word_1_158' title='bbox 313 2269 352 2330; x_wconf 90' lang='lat' dir='ltr'><strong>ad</strong></span> <span class='ocrx_word' id='word_1_159' title='bbox 371 2270 544 2333; x_wconf 87' lang='lat' dir='ltr'><strong>macedones</strong></span> <span class='ocrx_word' id='word_1_160' title='bbox 570 2271 732 2332; x_wconf 74' lang='lat' dir='ltr'><strong>hansierre</strong></span> <span class='ocrx_word' id='word_1_161' title='bbox 760 2277 925 2335; x_wconf 85' lang='lat' dir='ltr'><strong>conaretur.</strong></span> <span class='ocrx_word' id='word_1_162' title='bbox 957 2272 1050 2334; x_wconf 80' lang='lat' dir='ltr'><strong>Juxta</strong></span> <span class='ocrx_word' id='word_1_163' title='bbox 1077 2272 1196 2332; x_wconf 82' lang='lat' dir='ltr'><strong>Eusehii</strong></span> <span class='ocrx_word' id='word_1_164' title='bbox 1237 2259 1240 2269; x_wconf 75' lang='grc'><em>’</em></span> 
     </span>
     <span class='ocr_line' id='line_1_21' title="bbox 114 2368 1195 2454; baseline 0 -24"><span class='ocrx_word' id='word_1_165' title='bbox 114 2368 282 2454; x_wconf 70' lang='lat' dir='ltr'><strong>chronicon</strong></span> <span class='ocrx_word' id='word_1_166' title='bbox 302 2368 357 2429; x_wconf 88' lang='lat' dir='ltr'><strong>suh</strong></span> <span class='ocrx_word' id='word_1_167' title='bbox 377 2369 548 2430; x_wconf 85' lang='lat' dir='ltr'><strong>Memnonis.</strong></span> <span class='ocrx_word' id='word_1_168' title='bbox 563 2372 685 2446; x_wconf 89' lang='lat' dir='ltr'><strong>imperio</strong></span> <span class='ocrx_word' id='word_1_169' title='bbox 698 2376 860 2447; x_wconf 79' lang='lat' dir='ltr'><strong>regnarunt</strong></span> <span class='ocrx_word' id='word_1_170' title='bbox 877 2372 907 2428; x_wconf 92' lang='lat' dir='ltr'><strong>in</strong></span> <span class='ocrx_word' id='word_1_171' title='bbox 923 2369 1095 2430; x_wconf 89' lang='lat' dir='ltr'><strong>Macedonia</strong></span> <span class='ocrx_word' id='word_1_172' title='bbox 1112 2385 1195 2447; x_wconf 76' lang='lat' dir='ltr'><strong>reges</strong></span> 
     </span>
     <span class='ocr_line' id='line_1_22' title="bbox 113 2467 1192 2547; baseline 0 -19"><span class='ocrx_word' id='word_1_173' title='bbox 113 2467 302 2545; x_wconf 86' lang='lat' dir='ltr'><strong>Pausanias,</strong></span> <span class='ocrx_word' id='word_1_174' title='bbox 319 2467 455 2530; x_wconf 82' lang='lat' dir='ltr'><strong>Amlntas</strong></span> <span class='ocrx_word' id='word_1_175' title='bbox 475 2474 505 2528; x_wconf 87' lang='lat' dir='ltr'><strong>et</strong></span> <span class='ocrx_word' id='word_1_176' title='bbox 524 2468 660 2547; x_wconf 80' lang='lat' dir='ltr'><strong>Argeas,</strong></span> <span class='ocrx_word' id='word_1_177' title='bbox 681 2471 734 2545; x_wconf 88' lang='lat' dir='ltr'><strong>qut</strong></span> <span class='ocrx_word' id='word_1_178' title='bbox 752 2469 874 2528; x_wconf 64' lang='lat' dir='ltr'><strong>menda</strong></span> <span class='ocrx_word' id='word_1_179' title='bbox 888 2469 1029 2544; x_wconf 78' lang='lat' dir='ltr'><strong>utilitati,</strong></span> <span class='ocrx_word' id='word_1_180' title='bbox 1046 2469 1192 2546; x_wconf 77' lang='lat' dir='ltr'><strong>justisque</strong></span> 
     </span>
    </p>
   </div>
   <div class='ocr_carea' id='block_1_9' title="bbox 4 2565 1193 2654">
    <p class='ocr_par' dir='ltr' id='par_1_9' title="bbox 4 2565 1193 2654">
     <span class='ocr_line' id='line_1_23' title="bbox 4 2565 1193 2654; baseline 0.003 -27"><span class='ocrx_word' id='word_1_181' title='bbox 4 2603 10 2647; x_wconf 24' lang='grc' dir='ltr'><strong>κ,</strong></span> <span class='ocrx_word' id='word_1_182' title='bbox 113 2565 231 2644; x_wconf 80' lang='lat' dir='ltr'><strong>legibus</strong></span> <span class='ocrx_word' id='word_1_183' title='bbox 248 2581 375 2643; x_wconf 74' lang='lat' dir='ltr'><strong>regnoara</strong></span> <span class='ocrx_word' id='word_1_184' title='bbox 393 2565 606 2630; x_wconf 71' lang='lat' dir='ltr'><strong>asseruerim</strong></span> <span class='ocrx_word' id='word_1_185' title='bbox 625 2568 696 2628; x_wconf 89' lang='lat' dir='ltr'><strong>satis</strong></span> <span class='ocrx_word' id='word_1_186' title='bbox 716 2566 851 2644; x_wconf 82' lang='lat' dir='ltr'><strong>firmum,</strong></span> <span class='ocrx_word' id='word_1_187' title='bbox 873 2570 992 2644; x_wconf 83' lang='lat' dir='ltr'><strong>snisqae</strong></span> <span class='ocrx_word' id='word_1_188' title='bbox 1015 2569 1048 2626; x_wconf 91' lang='lat' dir='ltr'><strong>in</strong></span> <span class='ocrx_word' id='word_1_189' title='bbox 1067 2568 1193 2654; x_wconf 78' lang='lat' dir='ltr'><strong>posteris</strong></span> 
     </span>
    </p>
   </div>
   <div class='ocr_carea' id='block_1_10' title="bbox 113 2663 1195 2942">
    <p class='ocr_par' dir='ltr' id='par_1_10' title="bbox 113 2663 1195 2942">
     <span class='ocr_line' id='line_1_24' title="bbox 113 2663 1195 2744; baseline -0.002 -18"><span class='ocrx_word' id='word_1_190' title='bbox 113 2669 248 2742; x_wconf 64' lang='lat' dir='ltr'><strong>aucum,</strong></span> <span class='ocrx_word' id='word_1_191' title='bbox 268 2665 424 2742; x_wconf 82' lang='lat' dir='ltr'><strong>Philippo,</strong></span> <span class='ocrx_word' id='word_1_192' title='bbox 446 2671 476 2726; x_wconf 86' lang='lat' dir='ltr'><strong>ei</strong></span> <span class='ocrx_word' id='word_1_193' title='bbox 494 2663 664 2727; x_wconf 75' lang='lat' dir='ltr'><strong>Alexandro</strong></span> <span class='ocrx_word' id='word_1_194' title='bbox 683 2663 793 2744; x_wconf 78' lang='lat' dir='ltr'><strong>Magno</strong></span> <span class='ocrx_word' id='word_1_195' title='bbox 813 2664 1020 2741; x_wconf 88' lang='lat' dir='ltr'><strong>tradiderunt,</strong></span> <span class='ocrx_word' id='word_1_196' title='bbox 1035 2680 1108 2742; x_wconf 84' lang='lat' dir='ltr'><strong>quos¹</strong></span> <span class='ocrx_word' id='word_1_197' title='bbox 1122 2679 1195 2741; x_wconf 89' lang='lat' dir='ltr'><strong>pan·</strong></span> 
     </span>
     <span class='ocr_line' id='line_1_25' title="bbox 114 2763 1194 2850; baseline 0.007 -28"><span class='ocrx_word' id='word_1_198' title='bbox 114 2765 159 2823; x_wconf 88' lang='lat' dir='ltr'><strong>eis</strong></span> <span class='ocrx_word' id='word_1_199' title='bbox 172 2765 257 2824; x_wconf 83' lang='lat' dir='ltr'><strong>annis</strong></span> <span class='ocrx_word' id='word_1_200' title='bbox 270 2770 347 2841; x_wconf 82' lang='lat' dir='ltr'><strong>post,</strong></span> <span class='ocrx_word' id='word_1_201' title='bbox 368 2764 501 2850; x_wconf 82' lang='lat' dir='ltr'><strong>Europae</strong></span> <span class='ocrx_word' id='word_1_202' title='bbox 519 2770 550 2826; x_wconf 86' lang='lat' dir='ltr'><strong>ct</strong></span> <span class='ocrx_word' id='word_1_203' title='bbox 568 2763 658 2836; x_wconf 70' lang='lat' dir='ltr'><strong>Asiae</strong></span> <span class='ocrx_word' id='word_1_204' title='bbox 674 2767 807 2842; x_wconf 81' lang='lat' dir='ltr'><strong>regiones</strong></span> <span class='ocrx_word' id='word_1_205' title='bbox 827 2771 1016 2842; x_wconf 79' lang='lat' dir='ltr'><strong>peragrantes</strong></span> <span class='ocrx_word' id='word_1_206' title='bbox 1035 2767 1194 2840; x_wconf 77' lang='lat' dir='ltr'><strong>marmus,</strong></span> 
     </span>
     <span class='ocr_line' id='line_1_26' title="bbox 113 2861 1195 2942; baseline 0 -20"><span class='ocrx_word' id='word_1_207' title='bbox 113 2867 146 2922; x_wconf 85' lang='lat' dir='ltr'><strong>et</strong></span> <span class='ocrx_word' id='word_1_208' title='bbox 163 2861 243 2924; x_wconf 72' lang='lat' dir='ltr'><strong>dira</strong></span> <span class='ocrx_word' id='word_1_209' title='bbox 254 2862 329 2924; x_wconf 86' lang='lat' dir='ltr'><strong>linas</strong></span> <span class='ocrx_word' id='word_1_210' title='bbox 343 2864 524 2942; x_wconf 88' lang='lat' dir='ltr'><strong>assyriorum</strong></span> <span class='ocrx_word' id='word_1_211' title='bbox 543 2871 772 2941; x_wconf 71' lang='lat' dir='ltr'><strong>praamrgmsos</strong></span> <span class='ocrx_word' id='word_1_212' title='bbox 786 2863 963 2940; x_wconf 85' lang='lat' dir='ltr'><strong>Dynastiam</strong></span> <span class='ocrx_word' id='word_1_213' title='bbox 981 2879 1133 2942; x_wconf 73' lang='lat' dir='ltr'><strong>purarum</strong></span> <span class='ocrx_word' id='word_1_214' title='bbox 1145 2877 1195 2922; x_wconf 89' lang='lat' dir='ltr'><strong>su·</strong></span> 
     </span>
    </p>
   </div>
   <div class='ocr_carea' id='block_1_11' title="bbox 4 2945 1195 3234">
    <p class='ocr_par' dir='ltr' id='par_1_11' title="bbox 4 2945 1195 3234">
     <span class='ocr_line' id='line_1_27' title="bbox 4 2945 1195 3038; baseline 0 -16"><span class='ocrx_word' id='word_1_215' title='bbox 4 2945 5 2952; x_wconf 7' lang='grc' dir='ltr'>ἵ</span> <span class='ocrx_word' id='word_1_216' title='bbox 116 2961 244 3022; x_wconf 72' lang='lat' dir='ltr'><strong>emines.</strong></span> <span class='ocrx_word' id='word_1_217' title='bbox 264 2961 358 3022; x_wconf 80' lang='lat' dir='ltr'><strong>liade</strong></span> <span class='ocrx_word' id='word_1_218' title='bbox 369 2964 504 3038; x_wconf 87' lang='lat' dir='ltr'><strong>ratione,</strong></span> <span class='ocrx_word' id='word_1_219' title='bbox 525 2962 775 3024; x_wconf 85' lang='lat' dir='ltr'><strong>haudaveritate</strong></span> <span class='ocrx_word' id='word_1_220' title='bbox 788 2962 917 3022; x_wconf 64' lang='lat' dir='ltr'><strong>menum</strong></span> <span class='ocrx_word' id='word_1_221' title='bbox 931 2969 976 3022; x_wconf 90' lang='lat' dir='ltr'><strong>est</strong></span> <span class='ocrx_word' id='word_1_222' title='bbox 988 2963 1072 3024; x_wconf 89' lang='lat' dir='ltr'><strong>illum</strong></span> <span class='ocrx_word' id='word_1_223' title='bbox 1085 2961 1195 3022; x_wconf 81' lang='lat' dir='ltr'><strong>Aman-</strong></span> 
     </span>
     <span class='ocr_line' id='line_1_28' title="bbox 4 3060 1194 3156; baseline 0.005 -38"><span class='ocrx_word' id='word_1_224' title='bbox 4 3120 8 3156; x_wconf 74' lang='lat' dir='ltr'><strong>e</strong></span> <span class='ocrx_word' id='word_1_225' title='bbox 114 3073 189 3120; x_wconf 88' lang='lat' dir='ltr'><strong>num</strong></span> <span class='ocrx_word' id='word_1_226' title='bbox 208 3061 241 3118; x_wconf 94' lang='lat' dir='ltr'><strong>ln</strong></span> <span class='ocrx_word' id='word_1_227' title='bbox 259 3060 454 3135; x_wconf 83' lang='lat' dir='ltr'><strong>suspitionem</strong></span> <span class='ocrx_word' id='word_1_228' title='bbox 474 3060 536 3134; x_wconf 85' lang='lat' dir='ltr'><strong>regi</strong></span> <span class='ocrx_word' id='word_1_229' title='bbox 556 3061 670 3120; x_wconf 86' lang='lat' dir='ltr'><strong>venisse</strong></span> <span class='ocrx_word' id='word_1_230' title='bbox 688 3101 697 3136; x_wconf 94' lang='lat'><strong>,</strong></span> <span class='ocrx_word' id='word_1_231' title='bbox 718 3060 1016 3120; x_wconf 85' lang='lat' dir='ltr'><strong>oum-macedonibus</strong></span> <span class='ocrx_word' id='word_1_232' title='bbox 1034 3065 1119 3136; x_wconf 84' lang='lat' dir='ltr'><strong>gente</strong></span> <span class='ocrx_word' id='word_1_233' title='bbox 1139 3071 1194 3124; x_wconf 72' lang='lat' dir='ltr'><strong>suu</strong></span> 
     </span>
     <span class='ocr_line' id='line_1_29' title="bbox 115 3154 1195 3234; baseline 0.002 -18"><span class='ocrx_word' id='word_1_234' title='bbox 115 3163 292 3234; x_wconf 77' lang='lat' dir='ltr'><strong>pungentem</strong></span> <span class='ocrx_word' id='word_1_235' title='bbox 306 3156 433 3218; x_wconf 87' lang='lat' dir='ltr'><strong>Orientis</strong></span> <span class='ocrx_word' id='word_1_236' title='bbox 453 3157 567 3232; x_wconf 86' lang='lat' dir='ltr'><strong>imperii</strong></span> <span class='ocrx_word' id='word_1_237' title='bbox 586 3159 777 3218; x_wconf 71' lang='lat' dir='ltr'><strong>mersionem.</strong></span> <span class='ocrx_word' id='word_1_238' title='bbox 800 3157 877 3218; x_wconf 83' lang='lat' dir='ltr'><strong>Huic</strong></span> <span class='ocrx_word' id='word_1_239' title='bbox 897 3157 1041 3234; x_wconf 82' lang='lat' dir='ltr'><strong>adJ&#39;ioias,</strong></span> <span class='ocrx_word' id='word_1_240' title='bbox 1062 3157 1119 3218; x_wconf 91' lang='lat' dir='ltr'><strong>hoc</strong></span> <span class='ocrx_word' id='word_1_241' title='bbox 1139 3154 1195 3218; x_wconf 88' lang='lat' dir='ltr'><strong>sub</strong></span> 
     </span>
    </p>
   </div>
   <div class='ocr_carea' id='block_1_12' title="bbox 115 3253 1192 3332">
    <p class='ocr_par' dir='ltr' id='par_1_12' title="bbox 115 3253 1192 3332">
     <span class='ocr_line' id='line_1_30' title="bbox 115 3253 1192 3332; baseline -0.002 -16"><span class='ocrx_word' id='word_1_242' title='bbox 115 3255 204 3316; x_wconf 81' lang='lat' dir='ltr'><strong>tiurlo</strong></span> <span class='ocrx_word' id='word_1_243' title='bbox 223 3254 415 3316; x_wconf 83' lang='lat' dir='ltr'><strong>macedonum</strong></span> <span class='ocrx_word' id='word_1_244' title='bbox 435 3253 642 3332; x_wconf 83' lang='lat' dir='ltr'><strong>comprehendi</strong></span> <span class='ocrx_word' id='word_1_245' title='bbox 660 3269 745 3330; x_wconf 86' lang='lat' dir='ltr'><strong>posse</strong></span> <span class='ocrx_word' id='word_1_246' title='bbox 765 3269 885 3332; x_wconf 84' lang='lat' dir='ltr'><strong>graecas</strong></span> <span class='ocrx_word' id='word_1_247' title='bbox 897 3256 986 3314; x_wconf 88' lang='lat' dir='ltr'><strong>etiam</strong></span> <span class='ocrx_word' id='word_1_248' title='bbox 1006 3253 1192 3330; x_wconf 82' lang='lat' dir='ltr'><strong>provincias,</strong></span> 
     </span>
    </p>
   </div>
   <div class='ocr_carea' id='block_1_13' title="bbox 4 3352 1195 3534">
    <p class='ocr_par' dir='ltr' id='par_1_13' title="bbox 4 3352 1195 3534">
     <span class='ocr_line' id='line_1_31' title="bbox 4 3352 1193 3452; baseline -0.051 0"><span class='ocrx_word' id='word_1_249' title='bbox 4 3411 7 3452; x_wconf 73' lang='lat' dir='ltr'><strong>r</strong></span> <span class='ocrx_word' id='word_1_250' title='bbox 114 3371 193 3432; x_wconf 70' lang='lat' dir='ltr'><strong>quae</strong></span> <span class='ocrx_word' id='word_1_251' title='bbox 212 3357 373 3432; x_wconf 74' lang='lat' dir='ltr'><strong>antispiritus</strong></span> <span class='ocrx_word' id='word_1_252' title='bbox 393 3371 493 3431; x_wconf 89' lang='lat' dir='ltr'><strong>persas</strong></span> <span class='ocrx_word' id='word_1_253' title='bbox 512 3352 849 3446; x_wconf 51' lang='lat' dir='ltr'><strong>oderant,1nullumque</strong></span> <span class='ocrx_word' id='word_1_254' title='bbox 868 3368 1011 3414; x_wconf 80' lang='lat' dir='ltr'><strong>conamen</strong></span> <span class='ocrx_word' id='word_1_255' title='bbox 1023 3354 1193 3428; x_wconf 48' lang='lat' dir='ltr'><strong>praesuma</strong></span> 
     </span>
     <span class='ocr_line' id='line_1_32' title="bbox 4 3449 1195 3534; baseline -0.029 0"><span class='ocrx_word' id='word_1_256' title='bbox 4 3513 6 3534; x_wconf 87' lang='lat'>.</span> <span class='ocrx_word' id='word_1_257' title='bbox 113 3459 241 3530; x_wconf 67' lang='lat' dir='ltr'><strong>want,</strong></span> <span class='ocrx_word' id='word_1_258' title='bbox 262 3467 317 3513; x_wconf 85' lang='lat' dir='ltr'><strong>nse</strong></span> <span class='ocrx_word' id='word_1_259' title='bbox 335 3451 459 3513; x_wconf 86' lang='lat' dir='ltr'><strong>subdola</strong></span> <span class='ocrx_word' id='word_1_260' title='bbox 478 3452 600 3514; x_wconf 75' lang='lat' dir='ltr'><strong>consula</strong></span> <span class='ocrx_word' id='word_1_261' title='bbox 620 3451 658 3512; x_wconf 88' lang='lat' dir='ltr'><strong>ad</strong></span> <span class='ocrx_word' id='word_1_262' title='bbox 677 3467 829 3528; x_wconf 89' lang='lat' dir='ltr'><strong>persarum</strong></span> <span class='ocrx_word' id='word_1_263' title='bbox 849 3453 927 3513; x_wconf 79' lang='lat' dir='ltr'><strong>vires</strong></span> <span class='ocrx_word' id='word_1_264' title='bbox 942 3449 1140 3526; x_wconf 81' lang='lat' dir='ltr'><strong>cohibendae,</strong></span> <span class='ocrx_word' id='word_1_265' title='bbox 1160 3454 1195 3510; x_wconf 74' lang='lat' dir='ltr'><strong>ue</strong></span> 
     </span>
    </p>
   </div>
   <div class='ocr_carea' id='block_1_14' title="bbox 4 3541 1199 4027">
    <p class='ocr_par' dir='ltr' id='par_1_14' title="bbox 4 3541 1199 4027">
     <span class='ocr_line' id='line_1_33' title="bbox 4 3541 1193 3629; baseline -0.001 -18"><span class='ocrx_word' id='word_1_266' title='bbox 4 3541 6 3550; x_wconf 79' lang='grc'>’</span> <span class='ocrx_word' id='word_1_267' title='bbox 112 3553 249 3628; x_wconf 85' lang='lat' dir='ltr'><strong>proprias</strong></span> <span class='ocrx_word' id='word_1_268' title='bbox 267 3551 441 3629; x_wconf 83' lang='lat' dir='ltr'><strong>firmarent,</strong></span> <span class='ocrx_word' id='word_1_269' title='bbox 458 3551 642 3628; x_wconf 85' lang='lat' dir='ltr'><strong>-quodpaulo</strong></span> <span class='ocrx_word' id='word_1_270' title='bbox 661 3557 728 3627; x_wconf 88' lang='lat' dir='ltr'><strong>post</strong></span> <span class='ocrx_word' id='word_1_271' title='bbox 741 3549 914 3627; x_wconf 85' lang='lat' dir='ltr'><strong>obtinuere,</strong></span> <span class='ocrx_word' id='word_1_272' title='bbox 936 3547 1010 3610; x_wconf 87' lang='lat' dir='ltr'><strong>duee</strong></span> <span class='ocrx_word' id='word_1_273' title='bbox 1024 3547 1193 3610; x_wconf 80' lang='lat' dir='ltr'><strong>Alexandro</strong></span> 
     </span>
     <span class='ocr_line' id='line_1_34' title="bbox 114 3649 1199 3826; baseline -0.006 -16"><span class='ocrx_word' id='word_1_274' title='bbox 114 3649 302 3826; x_wconf 42' lang='lat' dir='ltr'><strong>Masffiolffl·</strong></span> <span class='ocrx_word' id='word_1_275' title='bbox 319 3747 421 3826; x_wconf 86' lang='lat' dir='ltr'><strong>quod,</strong></span> <span class='ocrx_word' id='word_1_276' title='bbox 442 3754 583 3824; x_wconf 76' lang='lat' dir='ltr'><strong>antinno,</strong></span> <span class='ocrx_word' id='word_1_277' title='bbox 609 3747 748 3811; x_wconf 79' lang='lat' dir='ltr'><strong>vossium</strong></span> <span class='ocrx_word' id='word_1_278' title='bbox 777 3745 894 3824; x_wconf 86' lang='lat' dir='ltr'><strong>impulit</strong></span> <span class='ocrx_word' id='word_1_279' title='bbox 919 3744 1000 3806; x_wconf 89' lang='lat' dir='ltr'><strong>illam</strong></span> <span class='ocrx_word' id='word_1_280' title='bbox 1023 3735 1199 3820; x_wconf 79' lang='lat' dir='ltr'><strong>exprobrare</strong></span> 
     </span>
     <span class='ocr_line' id='line_1_35' title="bbox 112 3845 1197 3926; baseline -0.006 -15"><span class='ocrx_word' id='word_1_281' title='bbox 112 3851 270 3926; x_wconf 73' lang='lat' dir='ltr'><strong>pmlcopen</strong></span> <span class='ocrx_word' id='word_1_282' title='bbox 289 3847 455 3925; x_wconf 80' lang='lat' dir='ltr'><strong>Scripturas</strong></span> <span class='ocrx_word' id='word_1_283' title='bbox 474 3845 594 3924; x_wconf 80' lang='lat' dir='ltr'><strong>Esther,</strong></span> <span class='ocrx_word' id='word_1_284' title='bbox 615 3853 749 3908; x_wconf 70' lang='lat' dir='ltr'><strong>veremur</strong></span> <span class='ocrx_word' id='word_1_285' title='bbox 767 3848 846 3908; x_wconf 86' lang='lat' dir='ltr'><strong>circa</strong></span> <span class='ocrx_word' id='word_1_286' title='bbox 865 3845 1007 3924; x_wconf 60' lang='lat' dir='ltr'><strong>ormena</strong></span> <span class='ocrx_word' id='word_1_287' title='bbox 1026 3861 1079 3906; x_wconf 91' lang='lat' dir='ltr'><strong>seu</strong></span> <span class='ocrx_word' id='word_1_288' title='bbox 1092 3859 1197 3922; x_wconf 77' lang='lat' dir='ltr'><strong>genea-</strong></span> 
     </span>
     <span class='ocr_line' id='line_1_36' title="bbox 114 3944 1199 4027; baseline -0.004 -19"><span class='ocrx_word' id='word_1_289' title='bbox 114 3947 226 4027; x_wconf 75' lang='lat' dir='ltr'><strong>logiam</strong></span> <span class='ocrx_word' id='word_1_290' title='bbox 245 3948 395 4023; x_wconf 72' lang='lat' dir='ltr'><strong>amoeni,</strong></span> <span class='ocrx_word' id='word_1_291' title='bbox 421 3949 472 4024; x_wconf 84' lang='lat' dir='ltr'><strong>qui</strong></span> <span class='ocrx_word' id='word_1_292' title='bbox 492 3963 530 4008; x_wconf 83' lang='lat' dir='ltr'><strong>ex</strong></span> <span class='ocrx_word' id='word_1_293' title='bbox 549 3944 674 4008; x_wconf 86' lang='lat' dir='ltr'><strong>hebraeo</strong></span> <span class='ocrx_word' id='word_1_294' title='bbox 693 3944 793 4006; x_wconf 87' lang='lat' dir='ltr'><strong>codice</strong></span> <span class='ocrx_word' id='word_1_295' title='bbox 811 3947 928 4008; x_wconf 80' lang='lat' dir='ltr'><strong>videtur</strong></span> <span class='ocrx_word' id='word_1_296' title='bbox 948 3944 1038 4004; x_wconf 88' lang='lat' dir='ltr'><strong>iulsse</strong></span> <span class='ocrx_word' id='word_1_297' title='bbox 1056 3961 1074 4004; x_wconf 92' lang='lat' dir='ltr'><strong>e</strong></span> <span class='ocrx_word' id='word_1_298' title='bbox 1093 3959 1199 4020; x_wconf 80' lang='lat' dir='ltr'><strong>genere</strong></span> 
     </span>
    </p>
   </div>
   <div class='ocr_carea' id='block_1_15' title="bbox 118 4172 1197 4400">
    <p class='ocr_par' dir='ltr' id='par_1_15' title="bbox 118 4172 1197 4400">
     <span class='ocr_line' id='line_1_37' title="bbox 142 4172 1197 4246; baseline -0.009 -14"><span class='ocrx_word' id='word_1_299' title='bbox 142 4181 178 4246; x_wconf 80' lang='lat' dir='ltr'><strong>(i)</strong></span> <span class='ocrx_word' id='word_1_300' title='bbox 191 4183 294 4234; x_wconf 81' lang='lat' dir='ltr'><strong>vossius</strong></span> <span class='ocrx_word' id='word_1_301' title='bbox 305 4182 337 4233; x_wconf 89' lang='lat' dir='ltr'><strong>de</strong></span> <span class='ocrx_word' id='word_1_302' title='bbox 347 4185 386 4233; x_wconf 84' lang='lat' dir='ltr'><strong>lu.</strong></span> <span class='ocrx_word' id='word_1_303' title='bbox 400 4182 491 4245; x_wconf 87' lang='lat' dir='ltr'><strong>interp.</strong></span> <span class='ocrx_word' id='word_1_304' title='bbox 504 4181 593 4244; x_wconf 79' lang='lat' dir='ltr'><strong>llagaa</strong></span> <span class='ocrx_word' id='word_1_305' title='bbox 610 4193 635 4244; x_wconf 85' lang='lat' dir='ltr'><strong>p.</strong></span> <span class='ocrx_word' id='word_1_306' title='bbox 649 4183 687 4230; x_wconf 79' lang='lat' dir='ltr'><strong>al.</strong></span> <span class='ocrx_word' id='word_1_307' title='bbox 705 4203 735 4218; x_wconf 89' lang='lat'><strong>··</strong></span> <span class='ocrx_word' id='word_1_308' title='bbox 751 4177 787 4242; x_wconf 82' lang='lat' dir='ltr'><strong>(l)</strong></span> <span class='ocrx_word' id='word_1_309' title='bbox 802 4177 921 4228; x_wconf 77' lang='lat' dir='ltr'><strong>comulas</strong></span> <span class='ocrx_word' id='word_1_310' title='bbox 944 4175 1096 4226; x_wconf 84' lang='lat' dir='ltr'><strong>lioredotum</strong></span> <span class='ocrx_word' id='word_1_311' title='bbox 1113 4172 1144 4224; x_wconf 87' lang='lat' dir='ltr'><strong>de</strong></span> <span class='ocrx_word' id='word_1_312' title='bbox 1160 4187 1197 4224; x_wconf 86' lang='lat' dir='ltr'><strong>ex·</strong></span> 
     </span>
     <span class='ocr_line' id='line_1_38' title="bbox 118 4255 1196 4329; baseline -0.009 -13"><span class='ocrx_word' id='word_1_313' title='bbox 118 4263 244 4329; x_wconf 77' lang='lat' dir='ltr'><strong>politiam</strong></span> <span class='ocrx_word' id='word_1_314' title='bbox 259 4264 328 4315; x_wconf 83' lang='lat' dir='ltr'><strong>Darii</strong></span> <span class='ocrx_word' id='word_1_315' title='bbox 338 4265 364 4314; x_wconf 90' lang='lat' dir='ltr'><strong>et</strong></span> <span class='ocrx_word' id='word_1_316' title='bbox 378 4265 466 4314; x_wconf 78' lang='lat' dir='ltr'><strong>Xerxis</strong></span> <span class='ocrx_word' id='word_1_317' title='bbox 481 4263 507 4313; x_wconf 91' lang='lat' dir='ltr'><strong>in</strong></span> <span class='ocrx_word' id='word_1_318' title='bbox 524 4261 671 4324; x_wconf 82' lang='lat' dir='ltr'><strong>Graeciam,</strong></span> <span class='ocrx_word' id='word_1_319' title='bbox 686 4260 872 4325; x_wconf 81' lang='lat' dir='ltr'><strong>xenophontem</strong></span> <span class='ocrx_word' id='word_1_320' title='bbox 887 4261 913 4310; x_wconf 87' lang='lat' dir='ltr'><strong>at</strong></span> <span class='ocrx_word' id='word_1_321' title='bbox 927 4255 1089 4309; x_wconf 79' lang='lat' dir='ltr'><strong>Plutarchum</strong></span> <span class='ocrx_word' id='word_1_322' title='bbox 1100 4255 1131 4306; x_wconf 89' lang='lat' dir='ltr'><strong>de</strong></span> <span class='ocrx_word' id='word_1_323' title='bbox 1144 4256 1196 4306; x_wconf 75' lang='lat' dir='ltr'><strong>rita</strong></span> 
     </span>
     <span class='ocr_line' id='line_1_39' title="bbox 118 4345 424 4400; baseline 0 -5"><span class='ocrx_word' id='word_1_324' title='bbox 118 4345 261 4400; x_wconf 76' lang='lat' dir='ltr'><strong>Artaxerxis</strong></span> <span class='ocrx_word' id='word_1_325' title='bbox 280 4345 424 4395; x_wconf 81' lang='lat' dir='ltr'><strong>Memnonis.</strong></span> 
     </span>
    </p>
   </div>
   <div class='ocr_carea' id='block_1_16' title="bbox 0 0 1551 5182">
    <p class='ocr_par' dir='ltr' id='par_1_16' title="bbox 0 0 1551 5182">
     <span class='ocr_line' id='line_1_40' title="bbox 0 0 1551 5182; baseline 0 0"><span class='ocrx_word' id='word_1_326' title='bbox 0 0 1551 5182; x_wconf 95' lang='lat' dir='ltr'><strong> </strong></span> 
     </span>
    </p>
   </div>
  </div>
 </body>
</html>
