3022 5178
500 395 540 406 --
564 373 616 422 167
642 397 681 406 -·-

87 480 250 556 asmona,
263 480 347 540 sicuti
367 478 459 538 altera
471 486 555 556 parte
570 480 757 553 disseminas,
774 481 805 538 ln
820 486 944 556 quatuor
960 481 1075 540 ordines
1088 481 1132 540 di·

86 581 199 640 viduatur
214 578 278 638 libri
297 579 402 636 veteris
413 581 588 638 testamenti.
611 578 682 638 Tres
704 580 814 654 pamas
828 577 944 637 ordines
962 581 1018 653 alt,
1035 582 1065 638 ia
1078 594 1132 638 nu·

84 693 146 737 nno
164 678 260 754 viginti
282 675 355 736 duos
380 675 469 736 libros
490 678 620 752 accipere
638 675 778 736 hebraeos
794 681 823 735 et
842 675 1016 736 maanes
1031 677 1130 738 simul.

83 777 200 850 Quorum
212 791 278 834 vero
294 773 426 834 ordinem
439 773 597 850 librorum,
612 775 664 851 qui
680 781 749 834 sunt
763 789 864 834 omnes
880 772 1045 850 Scripturae
1057 774 1132 835 Deu-

82 871 307 946 terodanoaicae,
322 871 361 932 eb
374 870 506 932 hebraeis
523 887 584 931 aon
597 873 686 946 recipi
698 871 784 934 dicit:
803 870 955 931 «Ecclesia
968 877 1067 932 maren
1079 871 1134 932 Dei

81 971 139 1028 inter
153 969 259 1028 divinas
272 967 436 1043 Scripturas
458 974 488 1027 et
509 967 654 1044 honorat,
670 973 699 1027 et
715 967 872 1043 praedicat.
888 993 900 1016 v
918 967 981 1026 lloc
996 968 1073 1028 idem
1087 967 1131 1027 di-

80 1068 110 1124 cit
120 1066 195 1143 Ilugo
208 1065 362 1126 carduelis
379 1065 415 1124 de
430 1065 587 1140 Scripturis
599 1066 732 1125 Deuteris
747 1067 876 1141 locutus,
898 1065 948 1125 ubi
957 1065 1132 1142 judaeorum

81 1163 202 1224 Ganooem
216 1166 341 1224 censuit:
362 1189 374 1213 «
391 1163 523 1240 Sedquia
537 1180 609 1222 vera
624 1169 751 1238 canunt,
767 1163 896 1223 Ecclesia
914 1164 1015 1239 recipit
1027 1163 1128 1222 illas.»

81 1261 128 1320 llsc
145 1264 296 1336 praemissa
310 1262 512 1337 distinctime,
536 1261 778 1337 lacileproposita
797 1263 927 1337 quaestio
946 1260 1132 1336 dissolvltur,

79 1374 150 1433 quare
162 1359 265 1418 seilicet
278 1360 410 1420 doctores
423 1359 587 1434 Scripturas
601 1358 741 1418 Deuteras
755 1361 786 1420 in
800 1361 1003 1420 auctoritatem
1016 1358 1134 1435 dogma·

80 1463 128 1515 tum
142 1459 347 1533 excerpserint,
366 1464 395 1516 et
411 1459 520 1532 pariter
535 1457 669 1516 nonnulli
682 1474 719 1516 ex
733 1459 769 1516 iis
788 1472 933 1516 resecasse
948 1455 1043 1515 illese
1060 1455 1134 1514 dlvl-

78 1569 161 1612 norum
178 1553 335 1614 bibliorum
354 1569 476 1613 numero
493 1554 672 1613 viderentur.
1043 1631 1048 1642 ἱ

107 1651 275 1727 aequissirna
290 1653 409 1728 quidem
424 1653 497 1710 mihi
518 1651 635 1711 vldetur
656 1652 704 1710 hic
725 1653 858 1727 apposita
873 1649 1039 1710 differentia
1058 1653 1134 1710 inter
1198 1634 1203 1644 Χ

78 1745 220 1822 hebraicum
235 1755 265 1808 et
287 1750 513 1810 ecclesiasticum
527 1749 675 1808 Canomm
696 1749 857 1808 Bibliomm
870 1752 976 1808 veteris
996 1747 1131 1824 foederis,

77 1849 99 1902 et
112 1843 152 1904 bic
172 1847 362 1906 ratiocinandi
382 1847 485 1906 modus
509 1863 610 1907 omnes
632 1847 740 1922 abripit
763 1846 971 1922 difficultates,
994 1851 1023 1904 et
1042 1845 1133 1906 dubia

77 1940 257 2020 descriptoris
272 1944 412 2004 Secundis
426 1952 537 2004 exora.
555 1945 648 2004 Aliter
663 1961 749 2021 vero,
766 1946 792 2003 si
809 1960 863 2002 nos
877 1944 953 2002 hano
971 1943 1132 2002 diadume-

77 2055 129 2098 nem
140 2045 338 2118 rejecerimus,
354 2043 425 2120 quid
440 2043 597 2102 dicendum
614 2049 690 2100 esset
703 2043 739 2100 de
752 2041 884 2117 patribus
898 2041 957 2100 illis
970 2041 1133 2116 speciatim,

76 2139 115 2212 qui
128 2145 233 2200 antam
244 2141 395 2200 (lenonem
416 2140 628 2216 hebraeorum,
647 2143 710 2199 sive
726 2139 817 2197 libros
837 2137 1003 2213 Scripturae
1026 2139 1132 2214 viginti

77 2233 134 2292 duos
149 2253 307 2314 cognovere
323 2237 503 2314 Canonicos,
525 2244 641 2311 mmen,
661 2242 694 2295 ut
713 2241 892 2310 compertum
908 2237 979 2294 satis
1000 2235 1056 2296 hoc
1076 2235 1132 2294 feci

79 2335 136 2390 meis
147 2336 316 2410 supradictis
330 2335 592 2412 disquisitionibus,
603 2335 711 2411 singuli
724 2333 837 2410 Scripta
849 2332 1135 2394 Dentato-Canonica

76 2435 100 2486 ut
111 2430 200 2492 divina
216 2438 389 2494 auctoritate
401 2433 543 2510 praedita,
559 2433 668 2516 absque
688 2431 749 2490 ullo
767 2438 857 2506 metu,
878 2437 907 2490 et
927 2430 1131 2505 haesitatione,

76 2531 145 2588 etiam
161 2539 259 2592 contra
282 2532 441 2592 haereticos
466 2519 633 2607 saepissime
658 2532 808 2590 citarunti
831 2529 907 2603 Quid
926 2525 983 2589 hoc
1005 2529 1061 2590 sibi
1081 2546 1132 2588 ve·

77 2623 119 2684 liti
132 2627 332 2706 Respondeant
353 2631 522 2689 adversarii.

106 2724 139 2784 Ut
151 2736 244 2788 autem
260 2730 334 2789 haec
347 2731 455 2788 veritas
469 2730 573 2805 majori
586 2729 696 2787 lumine
711 2727 839 2804 fulgeat,
855 2742 958 2785 verum
976 2743 1039 2786 esse
1058 2725 1134 2786 scili·

75 2827 109 2879 αἱ
121 2823 272 2886 Ecclesiam
290 2827 469 2888 catholicam
489 2825 705 2902 Scripturarum
719 2825 867 2884 Canonem
889 2841 1005 2884 sacrum
1020 2841 1057 2884 eu
1077 2825 1134 2883 illis

74 2921 156 2990 pdmn
173 2931 200 2982 et
216 2924 351 2985 emundis
372 2924 471 2999 libris,
495 2940 569 2999 quos
593 2923 796 2999 disqubendos
822 2926 953 2998 sumpsi,
974 2925 1135 2981 instituisse

74 3023 96 3073 et
114 3021 205 3080 eadem
234 3023 337 3081 divina
358 3024 528 3080 auctoritate
552 3037 601 3080 eos
626 3020 769 3094 donasse,
797 3015 979 3095 aliquantum
1004 3026 1131 3078 mentem

74 3129 204 3179 versamus
230 3127 363 3180 nostram
391 3120 428 3178 ad
459 3119 618 3178 haereticos
636 3135 757 3193 omnes,
786 3120 837 3194 qui
862 3117 1007 3176 Ecclesiae
1033 3119 1135 3192 primis

75 3217 184 3290 quinque
209 3219 349 3294 saeculis,
375 3218 483 3276 Christi
507 3233 625 3294 gregem
650 3214 867 3290 dilacerabant,
886 3231 1010 3290 quorum
1038 3212 1135 3274 studia

75 3307 139 3370 luere
150 3317 294 3374 maximae
313 3315 522 3374 sollicitudines
540 3316 624 3374 varia
639 3329 787 3372 amorum
802 3327 908 3388 genera
923 3354 932 3386 ,
945 3309 1052 3388 quibam
1064 3327 1133 3370 suos

73 3420 165 3469 errores
176 3413 335 3490 erigebant,
348 3419 381 3472 ut
395 3412 587 3471 orthodoxam
601 3413 795 3487 opprimerent
809 3409 906 3468 fidem.
922 3409 1130 3484 Montanistae,

72 3510 218 3586 novatiani,
240 3510 407 3585 sabelliani,
430 3509 610 3585 pauliniani,
636 3508 816 3582 manichaei,
843 3507 1004 3581 meletiani,
1024 3507 1132 3581 ariani,

72 3616 179 3674 quoram
196 3609 318 3684 irruptio
331 3607 392 3666 fere
408 3614 503 3666 totum
517 3605 616 3665 orbem
630 3608 789 3680 invaserat,
809 3603 1027 3679 macedoniani,
1043 3605 1133 3678 actii,

72 3707 242 3780 eunomiani,
263 3705 498 3780 apollinaristae,
515 3703 672 3778 elvidiani,
698 3701 951 3778 priscillianistae,
976 3701 1133 3775 joviniani,

72 3796 217 3878 pelagiani,
241 3802 480 3878 semipelagiani,
504 3802 680 3875 nestoriani,
700 3799 876 3873 eutichiani,
900 3814 934 3856 oc
964 3797 1070 3872 ceteri,
1085 3799 1136 3873 qul

72 3905 101 3948 en
121 3895 162 3954 his
183 3902 240 3958 orti
262 3905 331 3958 sunt
347 3898 501 3973 haeretici,
519 3913 556 3956 ne
571 3913 647 3956 unus
665 3895 782 3972 quidem
805 3911 842 3954 ex
863 3895 908 3954 his
928 3894 1064 3954 omnibus
1087 3892 1133 3953 Bi·

71 3987 120 4050 ilia
136 3999 238 4055 veteris
260 3996 382 4056 foederis
396 3994 679 4054 Deutemllanonica
696 3995 825 4070 negavit,
842 3994 888 4052 vel
902 3995 933 4052 in
947 3991 1070 4054 dubium
1083 4007 1132 4048 ve

72 4093 155 4167 eavit,
168 4097 350 4169 quinimmo,
364 4101 398 4153 ut
411 4109 499 4170 snpra
512 4110 549 4151 ex
568 4093 676 4152 sanctis
689 4092 821 4166 patribus
834 4091 1004 4166 singillatim
1022 4090 1133 4164 excepi,

73 4182 195 4249 hueeaci
215 4207 329 4268 queque
351 4194 473 4250 istorum
500 4191 664 4250 testimonia
685 4191 717 4245 in
738 4205 806 4247 suas
827 4195 923 4264 partes
940 4188 1084 4263 delegere,
1105 4191 1134 4242 et

53 4291 162 4362 ,ronna
180 4287 358 4348 Catholicam
373 4289 547 4362 electrinam,
568 4295 708 4362 tanquam
725 4302 741 4344 e
759 4286 914 4362 Scripturis
934 4285 1074 4342 divinitus
1091 4284 1131 4340 in-
