3070 5186
576 321 673 374 ...Μ
695 345 735 358 .-

117 447 163 490 vr.
184 444 246 490 ιιι.
266 435 295 489 et
315 443 411 490 ιιιιι.
434 427 546 490 Pariter
565 430 717 502 epaeneto
736 431 901 509 aqoaoeteo
923 415 1062 508 iadipaor
1083 431 1190 508 legitor

115 531 148 586 ln
163 545 260 604 capu.
278 534 309 587 et
327 544 388 586 ιιι.
404 531 435 586 et
445 528 533 588 semel
546 530 578 587 in
591 527 739 605 Scriptura
756 529 896 603 Danielist
909 527 1095 600 Ἀνυπόκεντος
1116 545 1188 606 oap-

111 631 252 704 poerptoa
271 642 331 684 raon
344 624 501 686 simulatus
520 625 565 686 bis
578 627 761 688 solummodo
774 629 805 686 in
823 626 970 706 Sapientia
987 630 1113 706 legitur,
1134 628 1190 688 sci-

116 727 186 784 lieet
204 728 235 782 in
250 739 316 798 cap.
336 739 369 782 u.
390 729 421 784 ct·
436 741 533 784 xvrrr.
557 731 720 806 uapepolle
734 725 930 804 paromyilrio
950 725 1110 786 contolotio
1124 741 1191 800 pro·

116 825 182 897 pria
204 835 263 882 vox
285 821 373 897 hujus
395 821 488 898 libri,
509 829 539 882 et
555 827 668 884 mutar
687 841 704 883 e
723 839 789 900 cap.
816 840 871 882 111.
894 830 924 884 et
948 841 1016 883 ιιι.
1035 820 1192 894 'laetoriae

116 919 261 980 aloannia
272 921 437 998 jactantie,
450 920 574 985 ¹verbam
587 920 645 981 hoc
653 921 743 982 tradit
755 928 844 998 caput
856 938 887 980 v.
903 928 932 982 et
940 938 1022 982 ιιιι.
1039 922 1191 999 Ejusmodi

115 1018 280 1094 vocabatis,
300 1025 415 1094 praeter
436 1019 496 1078 alia
515 1019 645 1096 ejusdem
663 1021 797 1096 gramm,
818 1025 915 1080 textus
934 1022 1121 1098 graecanicae
1139 1019 1189 1080 Se·

114 1117 270 1192 plnagintn
288 1115 325 1176 de
339 1116 418 1176 llhro
435 1114 599 1192 &phanau
614 1115 751 1193 exhibet,
771 1132 848 1193 quae
862 1133 929 1178 oum
947 1118 1007 1178 sint
1020 1119 1189 1178 communia

25 1263 29 1268 .
115 1213 186 1272 hnic
199 1215 328 1290 integrm
342 1213 517 1290 scripturae,
536 1229 588 1274 seu
600 1213 678 1274 illius
689 1215 813 1289 auctori,
831 1215 981 1274 rarissima
997 1215 1186 1276 inveniuntur

115 1310 195 1386 apud
214 1311 287 1370 alios
306 1313 457 1388 aegyptios
475 1313 654 1386 interpretes.
677 1310 714 1370 Et
733 1311 789 1372 hoc
808 1314 896 1370 etiam
916 1312 1032 1398 innuit,
1053 1317 1088 1370 ut
1108 1310 1187 1386 dixi,

114 1424 209 1467 naam
228 1409 430 1468 tantammodo
451 1407 597 1468 mamam
619 1423 755 1470 οιιιιιιι
769 1407 937 1486 Sapientiae
952 1407 1082 1484 liburna,
1103 1415 1190 1486 prout

114 1521 197 1564 nunc
214 1505 349 1566 habetur.

155 1603 240 1677 Quod
256 1621 327 1666 vero
347 1607 464 1680 respicit
481 1621 545 1673 eam
565 1607 626 1666 stili
645 1608 838 1683 varietatem,
860 1621 934 1683 qnae
949 1605 1085 1670 hautun
1098 1607 1130 1664 in
1143 1621 1188 1664 se·

115 1700 234 1779 cunda,
254 1701 301 1762 vel
319 1705 343 1762 si
364 1703 448 1780 uelis,
467 1706 554 1764 tertia
571 1709 653 1780 parte
672 1705 760 1781 hujus
775 1705 858 1779 iibri,
878 1706 963 1780 quan
979 1702 1110 1778 emphasi
1129 1718 1189 1762 ma·

109 1803 172 1875 jori
177 1799 298 1860 diuinae
308 1803 466 1860 sententiae
477 1804 667 1862 enmaeieatur
677 1803 731 1879 lbi,
742 1801 817 1864 nihil
828 1801 920 1864 officit
933 1804 1060 1876 auctoris
1070 1803 1187 1862 anitati.

114 1897 180 1956 Hoc
196 1899 275 1956 enim
290 1901 321 1958 in
335 1901 436 1974 primis
447 1901 501 1958 vix
516 1900 675 1976 probatur,
691 1901 896 1977 siquidemille
908 1899 993 1962 stilus
1004 1898 1188 1975 emphaticas

115 1995 275 2056 identidem
301 1999 333 2055 in
354 2000 445 2072 priori
464 1996 532 2056 libri
551 2003 636 2074 porte
649 1999 741 2058 etiam
765 1997 869 2059 elucet.
890 1993 1002 2056 ande
1023 2010 1095 2062 uero
1115 1993 1189 2054 illud

114 2095 177 2156 still
202 2095 357 2156 fflsemmen
381 2095 533 2171 Prophetis
558 2111 673 2172 proque
701 2095 767 2156 aliis
793 2109 946 2156 commune
970 2099 1026 2170 est,
1052 2092 1188 2170 quodque

114 2197 215 2272 operi,
234 2210 391 2270 eorumque
403 2193 516 2270 objecto
533 2199 659 2270 aptatur.
678 2192 765 2254 Claro
776 2193 807 2252 id
823 2194 980 2269 percipitur
997 2193 1029 2250 in
1043 2189 1190 2250 Hieremia

113 2298 145 2352 et
161 2291 237 2352 Isaia
247 2294 405 2368 ceterisque
419 2292 510 2350 saeris
525 2288 730 2366 Scriptoribns,
746 2305 872 2367 qnorum
884 2289 973 2358 dictio
986 2288 1060 2348 alles
1071 2288 1189 2348 concisa

114 2392 146 2448 et
159 2389 298 2465 lumbis,
319 2389 393 2448 alias
410 2393 512 2466 contra
529 2387 716 2466 emphatica,
737 2393 911 2448 et-sermnne
925 2384 1025 2445 vivido
1037 2383 1188 2459 materia,

113 2494 145 2546 et
165 2491 326 2563 generatim
346 2486 404 2547 hoe
424 2489 485 2548 exit
501 2503 518 2546 e
534 2489 673 2546 varietate
692 2487 874 2564 argumenti,
889 2489 918 2544 et
930 2489 1017 2561 prom
1028 2497 1075 2542 res
1093 2481 1132 2542 ab
1146 2483 1188 2542 eis

114 2591 349 2662 pertractentur,
370 2585 418 2644 vel
435 2583 591 2661 historice,
613 2599 664 2644 seu
681 2586 802 2660 poenae.

155 2684 184 2758 s.
206 2683 259 2741 lIl.
282 2681 339 2742 Sed
356 2685 525 2760 priusquam
545 2682 720 2760 subeamus,
741 2681 812 2758 quaid
831 2681 949 2743 divinus
965 2680 1085 2758 Sapiens
1102 2680 1189 2756 potis·

116 2781 225 2840 simoen
245 2783 369 2840 intuitus
389 2783 428 2842 sit
449 2795 518 2842 cara
535 2781 614 2843 hunc
629 2780 740 2842 librum
762 2780 903 2856 ediderit,
930 2795 1046 2842 neeesse
1070 2785 1135 2854 est,
1156 2784 1190 2838 ut

118 2877 262 2955 quaedam
285 2884 423 2940 notentur
444 2879 481 2938 de
502 2883 629 2940 auctoris
654 2895 737 2944 aeno.
764 2878 863 2942 Sicubi
880 2879 973 2940 altera
996 2885 1078 2954 parte
1098 2877 1189 2937 diseo

117 2981 232 3052 ptem
253 2982 298 3034 est
315 2976 359 3034 dd
374 2979 489 3054 origine
507 2983 539 3038 et
555 2977 655 3054 phrasi
672 2979 815 3038 librorran
841 2975 1190 3039 Detrterocanonicorum

117 3075 224 3134 valois
247 3073 445 3147 Tatarnenti,
458 3073 617 3134 dieuoaem
637 3075 705 3134 inde
720 3078 850 3138 *culmos
872 3075 1031 3135 Bibliorum
1055 3080 1119 3132 tum
1136 3071 1188 3130 Sa·

118 3174 263 3248 pientiae,
285 3178 348 3232 tum
370 3187 409 3232 11.
431 3170 675 3232 Mmhabaeorum
695 3171 743 3230 vel
761 3167 919 3232 admodum
939 3173 1053 3230 umiare
1072 3169 1112 3230 ab
1124 3169 1189 3228 aliis

113 3267 415 3344 Seriporrislleuteris
428 3309 438 3344 ,
452 3283 577 3344 quarum
587 3268 702 3345 phrasis
714 3285 833 3344 prorsas
846 3269 983 3328 minoidit
1000 3269 1102 3329 ceteris
1122 3269 1190 3328 Pro·

116 3364 333 3440 w-Caaanlcis3
351 3371 430 3426 etex
452 3365 508 3426 hoc
521 3367 696 3442 conjecimus
719 3365 872 3428 mnhorum
890 3371 1021 3426 aucwres
1042 3366 1190 3439 scripsisse

116 3463 202 3524 hand
217 3462 354 3524 hebraico
373 3465 488 3540 eloquio
507 3479 597 3540 usos,
618 3461 670 3522 sed
686 3465 784 3538 potius
802 3461 876 3536 (hoc
887 3463 966 3522 enim
980 3461 1022 3520 nil
1037 3459 1134 3520 obstat
1146 3459 1190 3518 di·

116 3564 204 3620 vinae
227 3562 414 3637 revelationi)
437 3564 628 3638 graecanica,
650 3567 737 3638 prout
755 3563 843 3620 etiam
864 3562 961 3620 innuit
981 3559 1068 3620 divus
1088 3558 1189 3620 Hiero·

114 3675 248 3737 aymus,
269 3662 339 3736 qui,
358 3660 537 3736 praefatione
558 3663 589 3720 ln
612 3659 702 3720 libros
719 3659 903 3735 Salomonis,
927 3657 1006 3720 hunc
1028 3656 1190 3733 &montiae

115 3757 226 3816 librum
246 3759 290 3816 ait
312 3773 446 3833 graecam
465 3757 661 3834 eloquentiam
681 3757 819 3818 redolere.
842 3757 906 3816 liae
926 3763 1022 3819 autem
1045 3755 1081 3814 da
1101 3770 1190 3814 eausa

115 3852 269 3914 fatmdam
288 3862 364 3914 esset
387 3855 520 3916 ffivlaum
544 3863 691 3917 auctorem
716 3857 797 3916 illam
822 3854 964 3916 manase
989 3852 1188 3928 Scripturam,
1212 3891 1214 3895 ,

114 3969 185 4014 curn
200 3955 232 4012 in
249 3954 382 4014 hebraeis
400 3956 538 4032 vulgatus
551 3955 627 4016 foret
639 3971 807 4032 graecorum
821 3971 934 4032 sermo,
949 3954 1024 4014 ldest
1036 3959 1189 4030 postquam

115 4054 215 4128 graeci
230 4055 262 4110 in
281 4051 429 4113 Orientem
445 4056 622 4130 irruperunt.
637 4053 771 4114 Arduum
785 4060 882 4114 tamen
896 4061 941 4114 est
953 4057 1053 4112 exacte
1067 4055 1190 4108 aemtem

110 4151 268 4218 ¹instituere
281 4150 369 4227 hujus
383 4154 528 4228 auctoris,
550 4167 617 4211 curn
637 4155 725 4212 etiam
743 4154 862 4212 omnino
879 4151 969 4210 lateat
981 4149 1059 4208 illius
1071 4161 1189 4205 nomen.

117 4249 162 4306 Ex
187 4247 337 4308 hellenicis
361 4251 510 4310 nonnullis
531 4252 645 4312 dicendi
666 4251 784 4330 modis,
809 4257 842 4312 ut
856 4268 903 4311 ex.
927 4267 972 4326 gr.
990 4245 1191 4324 corporalitati
