3022 5178
831 337 1008 389 «also-

389 459 508 511 suamm
522 445 661 524 dirigant,
677 453 746 523 quo,
756 444 902 508 declarata
916 449 1048 521 veritate,
1058 461 1093 505 ea
1106 448 1324 524 capitumque
1335 451 1364 508 in
1374 467 1438 512 omn·

389 548 702 621 monitoric'praesens
733 543 842 619 frater,
867 550 897 602 et
922 546 1105 619 coepiscopus
1134 550 1230 603 noster
1254 545 1399 606 Faustinus
1416 557 1439 608 et

388 642 614 720 compresbyteri
630 641 781 716 Philippus
799 646 828 699 et
846 639 961 700 Asellus
976 656 1073 700 secum
1093 640 1270 717 attulerunt,
1287 649 1336 702 ant
1350 643 1440 704 ibidem

390 745 534 815 repertas
550 738 633 797 nobis
650 737 865 813 firmabuntur,
880 744 931 796 aut
945 739 970 796 si
983 753 1042 796 nou
1055 740 1260 813 inveniuntur,
1277 739 1390 799 collecte
1401 758 1439 818 sy·

388 835 519 912 ncdc,de
532 836 588 896 hoo
603 838 635 894 in
649 838 780 911 sequenti
792 834 992 894 tractabimus.
1006 835 1108 894 Daniel
1121 840 1250 895 notarius
1262 835 1376 896 Nicaeni
1387 855 1442 898 ecn-

389 934 447 993 cllii
463 933 671 1010 professionem
689 933 772 1008 ildei,
791 933 839 992 vel
857 937 918 1008 ejus
936 939 1044 992 statuta
1062 935 1195 992 recitavit
1207 936 1238 990 in
1257 933 1374 993 concilio
1386 936 1443 996 airi-

389 1049 500 1092 canc.»
519 1032 565 1092 Hx
585 1032 672 1110 hujus
692 1031 798 1092 codicis
818 1037 952 1107 auctore,
973 1033 1023 1108 qui
1043 1036 1130 1108 juxto
1154 1033 1289 1090 eumdem
1310 1032 1443 1092 blanchini

388 1129 595 1207 proculdubio
613 1129 816 1190 adsaeonlum
836 1135 971 1188 octavum
991 1127 1156 1188 referendus
1174 1136 1234 1205 est,
1254 1132 1363 1188 eruitur
1381 1135 1443 1206 capi·

390 1226 486 1286 tulum
499 1226 614 1286 concilii
631 1227 861 1303 carthaginensis
877 1227 955 1285 circa
967 1225 1113 1285 Cancnem
1126 1227 1293 1286 divinorum
1303 1226 1443 1288 Bibliorum

389 1315 563 1400 renovasse,
575 1323 623 1383 vel
638 1327 734 1400 potius
749 1324 920 1400 explanasse
933 1325 1118 1384 nicaenorum
1132 1331 1249 1400 patrum
1261 1331 1393 1399 mentem,
1404 1342 1443 1385 en·

390 1421 488 1497 plicite
507 1421 653 1481 efferendo
671 1420 774 1481 saltem
795 1421 832 1480 ab
848 1421 905 1481 hac
922 1422 1035 1499 synodo
1053 1438 1088 1479 ea
1105 1423 1219 1498 omnia,
1238 1437 1313 1497 quae
1326 1423 1442 1498 implicite

391 1519 510 1578 definita
532 1518 623 1580 fuere.
645 1518 712 1578 dam
724 1522 788 1598 jam
803 1521 835 1576 in
852 1519 1024 1597 Hieronymi
1038 1519 1135 1578 verbis
1153 1522 1273 1578 minime
1294 1523 1442 1596 mysterium

392 1617 437 1676 ias
455 1622 499 1676 est
515 1619 671 1692 inspicere;
688 1633 723 1676 ae
741 1633 779 1677 ne
796 1617 950 1677 arbitrario
973 1617 1090 1694 quiden
1110 1617 1257 1678 decretum
1285 1634 1346 1678 esse
1367 1635 1383 1676 a
1403 1619 1442 1676 do·

394 1715 521 1773 otcribus
538 1715 674 1774 mauricis
694 1717 772 1774 circa
790 1732 944 1774 numerum
963 1715 1130 1776 divinorum
1148 1715 1301 1774 librorum.

426 1813 547 1888 insuper
558 1813 668 1888 aliquid
676 1815 827 1874 nicaenam
837 1814 1148 1892 synodnmdecrevisse
1156 1813 1352 1889 deScripturis
1360 1817 1441 1888 sacris,
1487 1837 1488 1844 ¹

393 1915 479 1984 prout
498 1911 594 1969 innuit
610 1909 769 1972 celebratus
781 1911 987 1987 Hieronymus,
1002 1913 1112 1970 eruitur
1130 1928 1148 1969 a
1161 1911 1284 1970 decretis
1298 1912 1335 1970 ab
1347 1912 1442 1969 licchel·

392 2005 466 2063 lensi
485 2005 570 2064 editis
585 2007 615 2065 in
633 2006 691 2067 illis
709 2006 822 2065 verbis:
842 2007 1014 2080 «Quomodo
1034 2008 1180 2084 agendum
1196 2011 1234 2068 sit
1257 2025 1324 2068 curn
1342 2010 1375 2066 iis
1392 2009 1442 2066 hae

391 2105 502 2177 reticiS,
522 2106 573 2179 qul
584 2119 682 2162 sacras
695 2103 858 2180 Scripturas
873 2108 1000 2182 integras
1013 2108 1164 2182 recipiunt.
1181 2131 1194 2156 υ
1215 2107 1254 2166 Et
1269 2109 1300 2164 in
1317 2105 1386 2165 libro
1399 2113 1441 2163 ter·

391 2201 433 2257 tio
454 2199 565 2258 Gelasil
581 2202 708 2277 cyziceni
720 2201 757 2260 de
770 2205 890 2262 nicaeno
908 2204 1029 2263 concilio
1045 2203 1082 2262 ab
1099 2203 1249 2280 Alphcnso
1261 2207 1360 2279 pisano
1372 2204 1440 2260 latim
1487 2255 1488 2298 1

391 2297 513 2372 donato,
529 2298 634 2374 legitur
646 2299 793 2358 decretum
811 2301 847 2360 de
865 2300 1031 2360 cantoribus
1045 2305 1209 2377 canonicis,
1221 2319 1297 2378 quos
1315 2304 1345 2360 in
1356 2315 1438 2376 sugge-
1487 2331 1488 2372 3

391 2401 469 2454 stum
486 2396 641 2456 ascendere
657 2403 806 2473 oporteat,
829 2404 858 2457 et
879 2398 916 2456 de
934 2399 1032 2458 codice
1054 2399 1166 2476 legant:
1191 2401 1254 2458 «ln
1274 2398 1441 2458 eodemle
1487 2415 1488 2424 ¹

391 2511 503 2554 canone
531 2503 567 2554 55
595 2496 631 2554 de
654 2499 819 2556 visitatione
844 2497 1056 2575 chorepiscopi,
1077 2501 1252 2574 praecipitur
1272 2501 1314 2558 eis
1333 2497 1441 2560 ecclesias

392 2595 510 2652 visitare
528 2599 557 2651 et
574 2597 760 2670 monasteria,
774 2611 948 2672 congregare
965 2599 1091 2656 seniores
1108 2597 1234 2672 castelli,
1251 2596 1441 2672 depraedicare

391 2693 432 2765 et,
444 2690 538 2764 legere
560 2691 602 2748 eis
619 2689 782 2766 Scripturas
803 2709 918 2768 sacras,
940 2711 1045 2770 eosque
1071 2711 1198 2770 monere,
1214 2699 1299 2753 etc.»
1322 2693 1372 2752 His
1386 2691 1441 2751 adde

392 2787 516 2845 alterum
533 2787 695 2853 cassiodori
715 2790 751 2848 de
770 2790 826 2848 hac
844 2807 875 2850 re
891 2793 1075 2867 perspicuum
1092 2795 1291 2852 testimonium
1312 2809 1372 2868 cap.
1389 2806 1439 2848 rrv.

392 2883 428 2942 de
446 2885 625 2944 institutione
641 2887 808 2946 divinarum
829 2889 1000 2949 litterarum.
1018 2890 1075 2950 Hic
1087 2890 1123 2950 de
1142 2893 1232 2948 variis
1250 2906 1392 2949 sacrorum
1409 2888 1440 2946 li·
1487 2941 1488 2950 ,

392 2980 517 3044 bliornm
534 2983 725 3044 divisionibus
738 2988 863 3063 locutus,
876 2991 930 3046 eit:
951 2989 1106 3048 «Tertiam
1123 2989 1314 3065 divisionem,
1332 3003 1397 3064 quae
1409 2991 1440 3044 esl
1487 3019 1488 3058 ,

390 3077 580 3158 Septuaginta
600 3085 788 3157 interpretum
807 3085 975 3162 translatio,
999 3089 1146 3146 continere
1161 3087 1252 3146 libros
1275 3085 1440 3163 quadraginti

390 3183 530 3253 quatuor,
549 3181 596 3236 cui
616 3180 763 3256 subjuncti
787 3189 855 3240 sunt
872 3187 943 3242 novi
960 3187 1125 3243 testamenti
1141 3185 1207 3243 libri
1229 3187 1334 3261 viginti
1351 3185 1439 3256 semet
1487 3175 1488 3246 l

388 3274 464 3334 irunt
477 3277 564 3336 simul
579 3285 616 3335 70
629 3277 706 3338 libri.
719 3323 726 3337 .
739 3323 746 3336 .
759 3323 766 3336 .
777 3281 833 3340 Hic
844 3287 941 3342 tentus
954 3283 1112 3342 multorum
1125 3283 1315 3342 translatione
1323 3283 1438 3353 variatus,
1487 3271 1488 3288 ³

386 3371 479 3444 patris
497 3371 668 3450 Hieronymi
690 3376 823 3452 diligenti
849 3394 920 3436 cura
944 3380 1129 3454 emendatus,
1150 3383 1325 3454 compositus
1349 3379 1439 3437 relictus

387 3473 447 3542 est3
465 3467 516 3526 ubi
529 3485 582 3526 nos
596 3473 693 3530 omnic
711 3475 768 3532 tria
783 3489 889 3549 genera
905 3475 1082 3535 divisionum
1092 3477 1291 3553 judicavimus
1307 3471 1437 3552 affigenda,

386 3568 420 3620 ut
431 3566 560 3639 inspecta
576 3567 749 3645 diligenter,
764 3587 824 3630 non
836 3573 1023 3648 impugnare,
1042 3575 1094 3634 sed
1113 3577 1238 3633 invicem
1257 3591 1288 3634 se
1305 3576 1392 3650 potius
1403 3584 1437 3627 en·
1487 3551 1488 3612 Ῑ

386 3676 492 3734 ponere
504 3664 667 3724 videantur.
684 3665 768 3726 Unde
781 3669 849 3728 lieet
865 3671 998 3728 nonnulli
1010 3678 1122 3747 patres,
1136 3673 1211 3730 idest
1225 3673 1351 3731 Hilarius
1369 3671 1437 3744 picta·

386 3760 494 3816 viensis
512 3760 592 3820 urbis
605 3765 737 3839 antistes,
753 3771 782 3823 et
796 3765 920 3828 Rufinus
937 3768 1105 3845 presbyter,
1124 3775 1154 3828 et
1173 3769 1350 3846 Epiphanius
1367 3763 1436 3842 Cypri
1487 3765 1488 3810 i

387 3857 549 3932 episcopus,
570 3865 599 3917 et
625 3861 754 3937 synodus
777 3865 920 3940 nicaena,
939 3871 968 3924 et
995 3865 1230 3943 calcedonensis,
1246 3883 1305 3926 non
1318 3861 1437 3923 muncia

385 3951 530 4029 dixerint,
548 3957 600 4014 sed
618 3957 746 4036 diversa3
760 3976 861 4021 omnes
874 3968 980 4043 tamen,
987 3980 1038 4037 per
1061 3963 1217 4024 divisiones
1229 3981 1297 4023 suas
1313 3963 1392 4021 libros
1407 3955 1436 4013 di

384 4051 470 4109 vinos
489 4048 679 4116 sacramentis
696 4059 924 4134 competentibus
938 4067 1120 4136 aptaverunt.
1134 4087 1148 4114 s
1164 4063 1218 4121 His
1232 4062 1316 4122 dietis
1328 4057 1390 4143 qnid
1400 4069 1436 4112 nc

386 4145 432 4207 bis
448 4151 680 4224 respondendum
698 4156 775 4213 erit?
788 4156 897 4233 Nempe
916 4174 1015 4234 reapse
1036 4159 1181 4236 synodum
1194 4142 1435 4228 nicaenam⁸dedo

384 4257 460 4312 ¹i⁰ne
477 4243 693 4322 Scripturcrum
712 4249 810 4327 alique
830 4253 1001 4320 decrevisse.
1022 4256 1096 4320 Prae
1122 4256 1256 4318 menibus
1272 4253 1366 4316 babuit
1383 4248 1434 4308 (ys.
