<?xml version="1.0" encoding="UTF-8"?>
<!DOCTYPE html PUBLIC "-//W3C//DTD XHTML 1.0 Transitional//EN"
    "http://www.w3.org/TR/xhtml1/DTD/xhtml1-transitional.dtd">
<html xmlns="http://www.w3.org/1999/xhtml" xml:lang="en" lang="en">
 <head>
  <title>
</title>
<meta http-equiv="Content-Type" content="text/html;charset=utf-8" />
  <meta name='ocr-system' content='tesseract 3.04.00' />
  <meta name='ocr-capabilities' content='ocr_page ocr_carea ocr_par ocr_line ocrx_word'/>
</head>
<body>
  <div class='ocr_page' id='page_1' title='image "./sessioquartacon00vincgoog_0232.png"; bbox 0 0 3022 5178; ppageno 0'>
   <div class='ocr_carea' id='block_1_1' title="bbox 505 381 682 434">
    <p class='ocr_par' dir='ltr' id='par_1_1' title="bbox 505 381 682 434">
     <span class='ocr_line' id='line_1_1' title="bbox 505 381 682 434; baseline -0.011 0"><span class='ocrx_word' id='word_1_1' title='bbox 505 381 682 434; x_wconf 81' lang='lat'>-17-7-</span> 
     </span>
    </p>
   </div>
   <div class='ocr_carea' id='block_1_2' title="bbox 12 490 1177 3205">
    <p class='ocr_par' dir='ltr' id='par_1_2' title="bbox 12 459 1177 3205">
     <span class='ocr_line' id='line_1_2' title="bbox 101 490 1135 569; baseline 0.001 -19"><span class='ocrx_word' id='word_1_2' title='bbox 101 492 126 566; x_wconf 74' lang='grc'>5.</span> <span class='ocrx_word' id='word_1_3' title='bbox 147 491 199 550; x_wconf 92' lang='lat' dir='ltr'>v1.</span> <span class='ocrx_word' id='word_1_4' title='bbox 223 490 278 550; x_wconf 79' lang='lat' dir='ltr'>Ast</span> <span class='ocrx_word' id='word_1_5' title='bbox 296 490 367 549; x_wconf 88' lang='lat' dir='ltr'>dmn</span> <span class='ocrx_word' id='word_1_6' title='bbox 384 505 438 567; x_wconf 85' lang='lat' dir='ltr'>ego</span> <span class='ocrx_word' id='word_1_7' title='bbox 457 495 566 550; x_wconf 89' lang='lat' dir='ltr'>attente</span> <span class='ocrx_word' id='word_1_8' title='bbox 593 490 794 552; x_wconf 85' lang='lat' dir='ltr'>animadverto</span> <span class='ocrx_word' id='word_1_9' title='bbox 812 495 876 550; x_wconf 90' lang='lat' dir='ltr'>tum</span> <span class='ocrx_word' id='word_1_10' title='bbox 895 491 1055 551; x_wconf 89' lang='lat' dir='ltr'>iunocentii</span> <span class='ocrx_word' id='word_1_11' title='bbox 1074 495 1135 569; x_wconf 84' lang='lat' dir='ltr'>epl-</span> 
     </span>
     <span class='ocr_line' id='line_1_3' title="bbox 66 587 1135 664; baseline 0.006 -18"><span class='ocrx_word' id='word_1_12' title='bbox 66 589 163 648; x_wconf 84' lang='lat' dir='ltr'>stolnm</span> <span class='ocrx_word' id='word_1_13' title='bbox 183 588 221 648; x_wconf 82' lang='lat' dir='ltr'>ad</span> <span class='ocrx_word' id='word_1_14' title='bbox 241 589 436 664; x_wconf 85' lang='lat' dir='ltr'>Exuperium,</span> <span class='ocrx_word' id='word_1_15' title='bbox 465 605 524 663; x_wconf 86' lang='lat' dir='ltr'>qua</span> <span class='ocrx_word' id='word_1_16' title='bbox 542 587 644 646; x_wconf 77' lang='lat' dir='ltr'>Canon</span> <span class='ocrx_word' id='word_1_17' title='bbox 663 589 838 662; x_wconf 79' lang='lat' dir='ltr'>¹divinorum</span> <span class='ocrx_word' id='word_1_18' title='bbox 863 587 1022 648; x_wconf 80' lang='lat' dir='ltr'>bibliorum</span> <span class='ocrx_word' id='word_1_19' title='bbox 1036 593 1135 652; x_wconf 82' lang='lat' dir='ltr'>inseri·</span> 
     </span>
     <span class='ocr_line' id='line_1_4' title="bbox 65 684 1137 764; baseline 0.003 -22"><span class='ocrx_word' id='word_1_20' title='bbox 65 685 151 761; x_wconf 88' lang='lat' dir='ltr'>hitnr,</span> <span class='ocrx_word' id='word_1_21' title='bbox 172 691 236 744; x_wconf 90' lang='lat' dir='ltr'>tum</span> <span class='ocrx_word' id='word_1_22' title='bbox 260 685 404 744; x_wconf 86' lang='lat' dir='ltr'>Ecclesiae</span> <span class='ocrx_word' id='word_1_23' title='bbox 426 684 571 744; x_wconf 75' lang='lat' dir='ltr'>africanae</span> <span class='ocrx_word' id='word_1_24' title='bbox 588 701 760 745; x_wconf 87' lang='lat' dir='ltr'>consensum</span> <span class='ocrx_word' id='word_1_25' title='bbox 778 688 809 744; x_wconf 94' lang='lat' dir='ltr'>in</span> <span class='ocrx_word' id='word_1_26' title='bbox 826 685 927 744; x_wconf 88' lang='lat' dir='ltr'>eadem</span> <span class='ocrx_word' id='word_1_27' title='bbox 941 703 992 762; x_wconf 89' lang='lat' dir='ltr'>re,</span> <span class='ocrx_word' id='word_1_28' title='bbox 1012 703 1046 746; x_wconf 90' lang='lat' dir='ltr'>ac</span> <span class='ocrx_word' id='word_1_29' title='bbox 1060 689 1137 764; x_wconf 88' lang='lat' dir='ltr'>pari·</span> 
     </span>
     <span class='ocr_line' id='line_1_5' title="bbox 66 783 1138 859; baseline 0.004 -19"><span class='ocrx_word' id='word_1_30' title='bbox 66 789 103 840; x_wconf 87' lang='lat' dir='ltr'>ter</span> <span class='ocrx_word' id='word_1_31' title='bbox 125 784 277 842; x_wconf 90' lang='lat' dir='ltr'>considero</span> <span class='ocrx_word' id='word_1_32' title='bbox 301 784 532 859; x_wconf 88' lang='lat' dir='ltr'>venerationem,</span> <span class='ocrx_word' id='word_1_33' title='bbox 556 798 644 859; x_wconf 83' lang='lat' dir='ltr'>qrram</span> <span class='ocrx_word' id='word_1_34' title='bbox 670 783 707 842; x_wconf 92' lang='lat' dir='ltr'>ab</span> <span class='ocrx_word' id='word_1_35' title='bbox 733 783 861 842; x_wconf 83' lang='lat' dir='ltr'>Ecclesia</span> <span class='ocrx_word' id='word_1_36' title='bbox 882 786 1050 844; x_wconf 85' lang='lat' dir='ltr'>universali·</span> <span class='ocrx_word' id='word_1_37' title='bbox 1070 799 1138 844; x_wconf 91' lang='lat' dir='ltr'>con·</span> 
     </span>
     <span class='ocr_line' id='line_1_6' title="bbox 63 881 1132 958; baseline 0.003 -20"><span class='ocrx_word' id='word_1_38' title='bbox 63 888 155 939; x_wconf 86' lang='lat' dir='ltr'>secuta</span> <span class='ocrx_word' id='word_1_39' title='bbox 173 889 243 940; x_wconf 92' lang='lat' dir='ltr'>sunt</span> <span class='ocrx_word' id='word_1_40' title='bbox 260 889 324 940; x_wconf 84' lang='lat' dir='ltr'>mm</span> <span class='ocrx_word' id='word_1_41' title='bbox 341 881 471 958; x_wconf 84' lang='lat' dir='ltr'>synodus</span> <span class='ocrx_word' id='word_1_42' title='bbox 489 881 734 958; x_wconf 76' lang='lat' dir='ltr'>carthaginensis,</span> <span class='ocrx_word' id='word_1_43' title='bbox 753 887 816 942; x_wconf 88' lang='lat' dir='ltr'>tum</span> <span class='ocrx_word' id='word_1_44' title='bbox 839 882 876 939; x_wconf 86' lang='lat' dir='ltr'>ad</span> <span class='ocrx_word' id='word_1_45' title='bbox 895 881 1072 958; x_wconf 78' lang='lat' dir='ltr'>Exuperinrn</span> <span class='ocrx_word' id='word_1_46' title='bbox 1083 883 1132 942; x_wconf 89' lang='lat' dir='ltr'>lit-</span> 
     </span>
     <span class='ocr_line' id='line_1_7' title="bbox 63 979 1132 1056; baseline 0.004 -20"><span class='ocrx_word' id='word_1_47' title='bbox 63 985 153 1056; x_wconf 87' lang='lat' dir='ltr'>terae,</span> <span class='ocrx_word' id='word_1_48' title='bbox 173 997 211 1038; x_wconf 80' lang='lat' dir='ltr'>ex</span> <span class='ocrx_word' id='word_1_49' title='bbox 234 979 281 1038; x_wconf 90' lang='lat' dir='ltr'>his</span> <span class='ocrx_word' id='word_1_50' title='bbox 304 995 420 1056; x_wconf 87' lang='lat' dir='ltr'>quoque</span> <span class='ocrx_word' id='word_1_51' title='bbox 442 979 525 1038; x_wconf 88' lang='lat' dir='ltr'>nobis</span> <span class='ocrx_word' id='word_1_52' title='bbox 547 983 688 1056; x_wconf 78' lang='lat' dir='ltr'><strong>conjicere</strong></span> <span class='ocrx_word' id='word_1_53' title='bbox 708 980 775 1040; x_wconf 88' lang='lat' dir='ltr'>licet</span> <span class='ocrx_word' id='word_1_54' title='bbox 795 986 861 1039; x_wconf 90' lang='lat' dir='ltr'>ante</span> <span class='ocrx_word' id='word_1_55' title='bbox 881 980 938 1039; x_wconf 93' lang='lat' dir='ltr'>hoc</span> <span class='ocrx_word' id='word_1_56' title='bbox 967 987 1080 1056; x_wconf 87' lang='lat' dir='ltr'>tempus</span> <span class='ocrx_word' id='word_1_57' title='bbox 1101 983 1132 1040; x_wconf 86' lang='lat' dir='ltr'>in</span> 
     </span>
     <span class='ocr_line' id='line_1_8' title="bbox 12 1076 1135 1154; baseline 0.001 -18"><span class='ocrx_word' id='word_1_58' title='bbox 12 1105 14 1116; x_wconf 46' lang='grc' dir='ltr'><em>ν</em></span> <span class='ocrx_word' id='word_1_59' title='bbox 62 1076 165 1136; x_wconf 76' lang='lat' dir='ltr'>Christi</span> <span class='ocrx_word' id='word_1_60' title='bbox 176 1077 305 1136; x_wconf 83' lang='lat' dir='ltr'>Ecclesia</span> <span class='ocrx_word' id='word_1_61' title='bbox 317 1079 459 1137; x_wconf 88' lang='lat' dir='ltr'>censitum</span> <span class='ocrx_word' id='word_1_62' title='bbox 470 1076 560 1136; x_wconf 87' lang='lat' dir='ltr'>inisse</span> <span class='ocrx_word' id='word_1_63' title='bbox 570 1078 717 1136; x_wconf 78' lang='lat' dir='ltr'>(lunonem</span> <span class='ocrx_word' id='word_1_64' title='bbox 730 1078 897 1137; x_wconf 86' lang='lat' dir='ltr'>divinarum</span> <span class='ocrx_word' id='word_1_65' title='bbox 909 1078 1135 1154; x_wconf 64' lang='lat' dir='ltr'>scripturarum</span> 
     </span>
     <span class='ocr_line' id='line_1_9' title="bbox 61 1174 1137 1251; baseline 0.001 -19"><span class='ocrx_word' id='word_1_66' title='bbox 61 1177 98 1232; x_wconf 91' lang='lat' dir='ltr'>uti</span> <span class='ocrx_word' id='word_1_67' title='bbox 116 1180 216 1249; x_wconf 85' lang='lat' dir='ltr'>aperte</span> <span class='ocrx_word' id='word_1_68' title='bbox 238 1179 360 1233; x_wconf 86' lang='lat' dir='ltr'>testatur</span> <span class='ocrx_word' id='word_1_69' title='bbox 381 1174 457 1232; x_wconf 89' lang='lat' dir='ltr'>idem</span> <span class='ocrx_word' id='word_1_70' title='bbox 481 1174 627 1234; x_wconf 89' lang='lat' dir='ltr'>decretum</span> <span class='ocrx_word' id='word_1_71' title='bbox 650 1175 830 1233; x_wconf 83' lang='lat' dir='ltr'>africanum:</span> <span class='ocrx_word' id='word_1_72' title='bbox 850 1175 949 1248; x_wconf 81' lang='lat' dir='ltr'>«Quia</span> <span class='ocrx_word' id='word_1_73' title='bbox 966 1191 984 1234; x_wconf 86' lang='lat' dir='ltr'>a</span> <span class='ocrx_word' id='word_1_74' title='bbox 1005 1175 1137 1251; x_wconf 88' lang='lat' dir='ltr'>patribus</span> 
     </span>
     <span class='ocr_line' id='line_1_10' title="bbox 61 1261 1177 1350; baseline 0.003 -21"><span class='ocrx_word' id='word_1_75' title='bbox 61 1273 110 1330; x_wconf 88' lang='lat' dir='ltr'>illa</span> <span class='ocrx_word' id='word_1_76' title='bbox 138 1275 301 1348; x_wconf 89' lang='lat' dir='ltr'>accepimus</span> <span class='ocrx_word' id='word_1_77' title='bbox 326 1275 357 1330; x_wconf 91' lang='lat' dir='ltr'>in</span> <span class='ocrx_word' id='word_1_78' title='bbox 377 1273 506 1330; x_wconf 77' lang='lat' dir='ltr'>Ecclesia</span> <span class='ocrx_word' id='word_1_79' title='bbox 531 1269 664 1348; x_wconf 55' lang='lat' dir='ltr'>legenda,</span> <span class='ocrx_word' id='word_1_80' title='bbox 679 1295 692 1322; x_wconf 78' lang='lat' dir='ltr'>o</span> <span class='ocrx_word' id='word_1_81' title='bbox 716 1272 760 1330; x_wconf 88' lang='lat' dir='ltr'>Ne</span> <span class='ocrx_word' id='word_1_82' title='bbox 778 1287 846 1349; x_wconf 91' lang='lat' dir='ltr'>ergo</span> <span class='ocrx_word' id='word_1_83' title='bbox 871 1273 1068 1350; x_wconf 84' lang='lat' dir='ltr'>ignorantiae,</span> <span class='ocrx_word' id='word_1_84' title='bbox 1088 1273 1136 1332; x_wconf 82' lang='lat' dir='ltr'>vel</span> <span class='ocrx_word' id='word_1_85' title='bbox 1174 1261 1177 1266; x_wconf 45' lang='lat'>¹</span> 
     </span>
     <span class='ocr_line' id='line_1_11' title="bbox 62 1369 1134 1445; baseline 0 -17"><span class='ocrx_word' id='word_1_86' title='bbox 62 1373 231 1429; x_wconf 89' lang='lat' dir='ltr'>temeritatis</span> <span class='ocrx_word' id='word_1_87' title='bbox 250 1371 451 1428; x_wconf 88' lang='lat' dir='ltr'>Innocentium</span> <span class='ocrx_word' id='word_1_88' title='bbox 470 1369 654 1445; x_wconf 87' lang='lat' dir='ltr'>pontificem,</span> <span class='ocrx_word' id='word_1_89' title='bbox 675 1375 704 1428; x_wconf 90' lang='lat' dir='ltr'>et</span> <span class='ocrx_word' id='word_1_90' title='bbox 726 1369 888 1428; x_wconf 78' lang='lat' dir='ltr'>africanum</span> <span class='ocrx_word' id='word_1_91' title='bbox 912 1370 1066 1429; x_wconf 87' lang='lat' dir='ltr'>concilium</span> <span class='ocrx_word' id='word_1_92' title='bbox 1082 1381 1134 1428; x_wconf 78' lang='lat' dir='ltr'>&#39;ar&#39;-</span> 
     </span>
     <span class='ocr_line' id='line_1_12' title="bbox 61 1465 1136 1543; baseline 0.001 -18"><span class='ocrx_word' id='word_1_93' title='bbox 61 1483 204 1542; x_wconf 87' lang='lat' dir='ltr'>guamus,</span> <span class='ocrx_word' id='word_1_94' title='bbox 223 1469 307 1542; x_wconf 87' lang='lat' dir='ltr'>quasi</span> <span class='ocrx_word' id='word_1_95' title='bbox 327 1470 357 1524; x_wconf 91' lang='lat' dir='ltr'>in</span> <span class='ocrx_word' id='word_1_96' title='bbox 376 1467 534 1526; x_wconf 87' lang='lat' dir='ltr'>Ecclesiam</span> <span class='ocrx_word' id='word_1_97' title='bbox 553 1466 709 1526; x_wconf 84' lang='lat' dir='ltr'>inferentes</span> <span class='ocrx_word' id='word_1_98' title='bbox 727 1465 889 1543; x_wconf 82' lang='lat' dir='ltr'>Scripturas</span> <span class='ocrx_word' id='word_1_99' title='bbox 912 1467 1042 1542; x_wconf 89' lang='lat' dir='ltr'>divinas,</span> <span class='ocrx_word' id='word_1_100' title='bbox 1063 1481 1136 1543; x_wconf 74' lang='lat' dir='ltr'>ouras</span> 
     </span>
     <span class='ocr_line' id='line_1_13' title="bbox 62 1565 1135 1644; baseline -0.001 -20"><span class='ocrx_word' id='word_1_101' title='bbox 62 1565 190 1624; x_wconf 86' lang='lat' dir='ltr'>Ecclesia</span> <span class='ocrx_word' id='word_1_102' title='bbox 203 1572 287 1624; x_wconf 91' lang='lat' dir='ltr'>vetus</span> <span class='ocrx_word' id='word_1_103' title='bbox 301 1567 332 1624; x_wconf 94' lang='lat' dir='ltr'>in</span> <span class='ocrx_word' id='word_1_104' title='bbox 346 1565 492 1624; x_wconf 82' lang='lat' dir='ltr'>Carenem</span> <span class='ocrx_word' id='word_1_105' title='bbox 507 1582 566 1623; x_wconf 89' lang='lat' dir='ltr'>non</span> <span class='ocrx_word' id='word_1_106' title='bbox 582 1569 745 1640; x_wconf 84' lang='lat' dir='ltr'>receperat,</span> <span class='ocrx_word' id='word_1_107' title='bbox 760 1570 985 1624; x_wconf 86' lang='lat' dir='ltr'>retrovertamus</span> <span class='ocrx_word' id='word_1_108' title='bbox 997 1565 1135 1644; x_wconf 85' lang='lat' dir='ltr'>gradum,</span> 
     </span>
     <span class='ocr_line' id='line_1_14' title="bbox 61 1660 1136 1739; baseline 0 -18"><span class='ocrx_word' id='word_1_109' title='bbox 61 1669 87 1721; x_wconf 90' lang='lat' dir='ltr'>et</span> <span class='ocrx_word' id='word_1_110' title='bbox 97 1664 211 1738; x_wconf 85' lang='lat' dir='ltr'>priores</span> <span class='ocrx_word' id='word_1_111' title='bbox 226 1663 371 1722; x_wconf 80' lang='lat' dir='ltr'>Ecclesiae</span> <span class='ocrx_word' id='word_1_112' title='bbox 386 1669 494 1722; x_wconf 85' lang='lat' dir='ltr'>aetates</span> <span class='ocrx_word' id='word_1_113' title='bbox 509 1662 610 1722; x_wconf 82' lang='lat' dir='ltr'>scdulo</span> <span class='ocrx_word' id='word_1_114' title='bbox 627 1677 838 1738; x_wconf 79' lang='lat' dir='ltr'>perornamus.</span> <span class='ocrx_word' id='word_1_115' title='bbox 856 1660 893 1721; x_wconf 91' lang='lat' dir='ltr'>Et</span> <span class='ocrx_word' id='word_1_116' title='bbox 906 1661 976 1722; x_wconf 92' lang='lat' dir='ltr'>dum</span> <span class='ocrx_word' id='word_1_117' title='bbox 988 1661 1060 1723; x_wconf 87' lang='lat' dir='ltr'>haec</span> <span class='ocrx_word' id='word_1_118' title='bbox 1072 1679 1136 1739; x_wconf 86' lang='lat' dir='ltr'>per·</span> 
     </span>
     <span class='ocr_line' id='line_1_15' title="bbox 63 1759 1139 1837; baseline 0 -17"><span class='ocrx_word' id='word_1_119' title='bbox 63 1760 145 1836; x_wconf 89' lang='lat' dir='ltr'>ticio,</span> <span class='ocrx_word' id='word_1_120' title='bbox 168 1760 241 1819; x_wconf 89' lang='lat' dir='ltr'>mihi</span> <span class='ocrx_word' id='word_1_121' title='bbox 263 1759 381 1819; x_wconf 82' lang='lat' dir='ltr'>obuiam</span> <span class='ocrx_word' id='word_1_122' title='bbox 401 1763 483 1820; x_wconf 84' lang='lat' dir='ltr'>venit</span> <span class='ocrx_word' id='word_1_123' title='bbox 504 1760 635 1837; x_wconf 86' lang='lat' dir='ltr'>synodus</span> <span class='ocrx_word' id='word_1_124' title='bbox 662 1761 794 1820; x_wconf 77' lang='lat' dir='ltr'>medena.</span> <span class='ocrx_word' id='word_1_125' title='bbox 821 1760 1022 1820; x_wconf 87' lang='lat' dir='ltr'>Perscrutatus</span> <span class='ocrx_word' id='word_1_126' title='bbox 1042 1766 1139 1820; x_wconf 87' lang='lat' dir='ltr'>autern</span> 
     </span>
     <span class='ocr_line' id='line_1_16' title="bbox 60 1857 1138 1934; baseline 0.001 -18"><span class='ocrx_word' id='word_1_127' title='bbox 60 1857 136 1916; x_wconf 89' lang='lat' dir='ltr'>illius</span> <span class='ocrx_word' id='word_1_128' title='bbox 156 1859 261 1934; x_wconf 82' lang='lat' dir='ltr'>uiginti</span> <span class='ocrx_word' id='word_1_129' title='bbox 277 1873 402 1918; x_wconf 87' lang='lat' dir='ltr'>canones</span> <span class='ocrx_word' id='word_1_130' title='bbox 413 1902 422 1934; x_wconf 94' lang='lat'>,</span> <span class='ocrx_word' id='word_1_131' title='bbox 435 1859 508 1919; x_wconf 89' lang='lat' dir='ltr'>nibil</span> <span class='ocrx_word' id='word_1_132' title='bbox 522 1875 574 1934; x_wconf 89' lang='lat' dir='ltr'>pro</span> <span class='ocrx_word' id='word_1_133' title='bbox 589 1875 620 1916; x_wconf 92' lang='lat' dir='ltr'>re</span> <span class='ocrx_word' id='word_1_134' title='bbox 636 1865 737 1918; x_wconf 88' lang='lat' dir='ltr'>nostra</span> <span class='ocrx_word' id='word_1_135' title='bbox 752 1860 868 1916; x_wconf 85' lang='lat' dir='ltr'>invenio</span> <span class='ocrx_word' id='word_1_136' title='bbox 881 1858 1084 1917; x_wconf 85' lang='lat' dir='ltr'>observatione</span> <span class='ocrx_word' id='word_1_137' title='bbox 1095 1857 1138 1917; x_wconf 55' lang='lat' dir='ltr'>di*</span> 
     </span>
     <span class='ocr_line' id='line_1_17' title="bbox 60 1955 1137 2032; baseline 0 -18"><span class='ocrx_word' id='word_1_138' title='bbox 60 1973 163 2032; x_wconf 81' lang='lat' dir='ltr'>gnum</span> <span class='ocrx_word' id='word_1_139' title='bbox 181 1956 318 2014; x_wconf 84' lang='lat' dir='ltr'>Attamen</span> <span class='ocrx_word' id='word_1_140' title='bbox 338 1957 509 2032; x_wconf 89' lang='lat' dir='ltr'>Hieronymi</span> <span class='ocrx_word' id='word_1_141' title='bbox 523 1955 705 2031; x_wconf 85' lang='lat' dir='ltr'>recordatus,</span> <span class='ocrx_word' id='word_1_142' title='bbox 720 1957 770 2032; x_wconf 78' lang='lat' dir='ltr'>qtri</span> <span class='ocrx_word' id='word_1_143' title='bbox 788 1955 888 2014; x_wconf 86' lang='lat' dir='ltr'>scribit</span> <span class='ocrx_word' id='word_1_144' title='bbox 907 1957 939 2012; x_wconf 90' lang='lat' dir='ltr'>iu</span> <span class='ocrx_word' id='word_1_145' title='bbox 958 1955 1137 2030; x_wconf 84' lang='lat' dir='ltr'>praelatione</span> 
     </span>
     <span class='ocr_line' id='line_1_18' title="bbox 58 2052 1137 2131; baseline -0.001 -19"><span class='ocrx_word' id='word_1_146' title='bbox 58 2053 126 2112; x_wconf 89' lang='lat' dir='ltr'>libri</span> <span class='ocrx_word' id='word_1_147' title='bbox 142 2053 255 2112; x_wconf 73' lang='lat' dir='ltr'>Iudith:</span> <span class='ocrx_word' id='word_1_148' title='bbox 274 2078 287 2104; x_wconf 68' lang='lat' dir='ltr'>a</span> <span class='ocrx_word' id='word_1_149' title='bbox 300 2053 357 2114; x_wconf 87' lang='lat' dir='ltr'>Sed</span> <span class='ocrx_word' id='word_1_150' title='bbox 372 2056 442 2131; x_wconf 91' lang='lat' dir='ltr'>quia</span> <span class='ocrx_word' id='word_1_151' title='bbox 457 2054 535 2112; x_wconf 90' lang='lat' dir='ltr'>huno</span> <span class='ocrx_word' id='word_1_152' title='bbox 552 2053 659 2112; x_wconf 91' lang='lat' dir='ltr'>librum</span> <span class='ocrx_word' id='word_1_153' title='bbox 678 2052 808 2130; x_wconf 87' lang='lat' dir='ltr'>synodus</span> <span class='ocrx_word' id='word_1_154' title='bbox 830 2055 952 2112; x_wconf 79' lang='lat' dir='ltr'>meaena</span> <span class='ocrx_word' id='word_1_155' title='bbox 967 2055 998 2110; x_wconf 91' lang='lat' dir='ltr'>in</span> <span class='ocrx_word' id='word_1_156' title='bbox 1016 2067 1137 2111; x_wconf 91' lang='lat' dir='ltr'>numero</span> 
     </span>
     <span class='ocr_line' id='line_1_19' title="bbox 58 2150 1137 2228; baseline -0.004 -18"><span class='ocrx_word' id='word_1_157' title='bbox 58 2157 228 2210; x_wconf 82' lang='lat' dir='ltr'>sanctarum</span> <span class='ocrx_word' id='word_1_158' title='bbox 245 2150 459 2228; x_wconf 84' lang='lat' dir='ltr'>scripturarum</span> <span class='ocrx_word' id='word_1_159' title='bbox 472 2153 578 2227; x_wconf 88' lang='lat' dir='ltr'>legitur</span> <span class='ocrx_word' id='word_1_160' title='bbox 590 2156 783 2226; x_wconf 84' lang='lat' dir='ltr'>computasse,</span> <span class='ocrx_word' id='word_1_161' title='bbox 803 2151 935 2224; x_wconf 84' lang='lat' dir='ltr'>acquievi</span> <span class='ocrx_word' id='word_1_162' title='bbox 950 2151 1137 2223; x_wconf 82' lang='lat' dir='ltr'>postulationi</span> 
     </span>
     <span class='ocr_line' id='line_1_20' title="bbox 60 2248 1134 2326; baseline -0.003 -19"><span class='ocrx_word' id='word_1_163' title='bbox 60 2256 174 2308; x_wconf 87' lang='lat' dir='ltr'>vestrae</span> <span class='ocrx_word' id='word_1_164' title='bbox 190 2253 246 2308; x_wconf 90' lang='lat' dir='ltr'>etc.</span> <span class='ocrx_word' id='word_1_165' title='bbox 263 2274 275 2300; x_wconf 77' lang='lat' dir='ltr'>o</span> <span class='ocrx_word' id='word_1_166' title='bbox 294 2249 423 2326; x_wconf 88' lang='lat' dir='ltr'>Suspicio</span> <span class='ocrx_word' id='word_1_167' title='bbox 439 2249 537 2326; x_wconf 88' lang='lat' dir='ltr'>aliqua</span> <span class='ocrx_word' id='word_1_168' title='bbox 550 2248 629 2308; x_wconf 86' lang='lat' dir='ltr'>haud</span> <span class='ocrx_word' id='word_1_169' title='bbox 643 2249 752 2308; x_wconf 78' lang='lat' dir='ltr'>frustra</span> <span class='ocrx_word' id='word_1_170' title='bbox 768 2261 864 2307; x_wconf 84' lang='lat' dir='ltr'>meam</span> <span class='ocrx_word' id='word_1_171' title='bbox 879 2253 1005 2304; x_wconf 85' lang='lat' dir='ltr'>mentem</span> <span class='ocrx_word' id='word_1_172' title='bbox 1017 2249 1134 2324; x_wconf 81' lang='lat' dir='ltr'>ingerit,</span> 
     </span>
     <span class='ocr_line' id='line_1_21' title="bbox 59 2343 1136 2424; baseline -0.003 -20"><span class='ocrx_word' id='word_1_173' title='bbox 59 2347 207 2424; x_wconf 84' lang='lat' dir='ltr'>synodum</span> <span class='ocrx_word' id='word_1_174' title='bbox 225 2350 376 2406; x_wconf 77' lang='lat' dir='ltr'>mesenam</span> <span class='ocrx_word' id='word_1_175' title='bbox 398 2347 508 2422; x_wconf 86' lang='lat' dir='ltr'>aliquid</span> <span class='ocrx_word' id='word_1_176' title='bbox 529 2347 567 2405; x_wconf 90' lang='lat' dir='ltr'>de</span> <span class='ocrx_word' id='word_1_177' title='bbox 585 2349 675 2406; x_wconf 88' lang='lat' dir='ltr'>sacris</span> <span class='ocrx_word' id='word_1_178' title='bbox 695 2345 850 2422; x_wconf 79' lang='lat' dir='ltr'>scripturis</span> <span class='ocrx_word' id='word_1_179' title='bbox 878 2347 1049 2405; x_wconf 86' lang='lat' dir='ltr'>decrevisse.</span> <span class='ocrx_word' id='word_1_180' title='bbox 1079 2343 1136 2402; x_wconf 84' lang='lat' dir='ltr'>Ne·</span> 
     </span>
     <span class='ocr_line' id='line_1_22' title="bbox 60 2445 1135 2522; baseline -0.001 -20"><span class='ocrx_word' id='word_1_181' title='bbox 60 2460 140 2502; x_wconf 87' lang='lat' dir='ltr'>cesse</span> <span class='ocrx_word' id='word_1_182' title='bbox 162 2450 207 2504; x_wconf 91' lang='lat' dir='ltr'>est</span> <span class='ocrx_word' id='word_1_183' title='bbox 225 2460 309 2522; x_wconf 88' lang='lat' dir='ltr'>ergo,</span> <span class='ocrx_word' id='word_1_184' title='bbox 321 2462 358 2504; x_wconf 89' lang='lat' dir='ltr'>ne</span> <span class='ocrx_word' id='word_1_185' title='bbox 372 2447 462 2505; x_wconf 88' lang='lat' dir='ltr'>errori</span> <span class='ocrx_word' id='word_1_186' title='bbox 475 2445 506 2504; x_wconf 92' lang='lat' dir='ltr'>id</span> <span class='ocrx_word' id='word_1_187' title='bbox 521 2445 700 2522; x_wconf 88' lang='lat' dir='ltr'>Hieronymo</span> <span class='ocrx_word' id='word_1_188' title='bbox 719 2445 897 2521; x_wconf 85' lang='lat' dir='ltr'>tribuamus,</span> <span class='ocrx_word' id='word_1_189' title='bbox 917 2445 1071 2504; x_wconf 91' lang='lat' dir='ltr'>concilium</span> <span class='ocrx_word' id='word_1_190' title='bbox 1091 2445 1135 2502; x_wconf 87' lang='lat' dir='ltr'>ni-</span> 
     </span>
     <span class='ocr_line' id='line_1_23' title="bbox 60 2544 1136 2620; baseline 0.002 -20"><span class='ocrx_word' id='word_1_191' title='bbox 60 2557 185 2602; x_wconf 88' lang='lat' dir='ltr'>caenum</span> <span class='ocrx_word' id='word_1_192' title='bbox 197 2559 322 2602; x_wconf 82' lang='lat' dir='ltr'>canones</span> <span class='ocrx_word' id='word_1_193' title='bbox 341 2545 438 2618; x_wconf 88' lang='lat' dir='ltr'>plures</span> <span class='ocrx_word' id='word_1_194' title='bbox 458 2559 548 2620; x_wconf 90' lang='lat' dir='ltr'>quam</span> <span class='ocrx_word' id='word_1_195' title='bbox 564 2545 669 2620; x_wconf 86' lang='lat' dir='ltr'>viginti</span> <span class='ocrx_word' id='word_1_196' title='bbox 681 2545 862 2619; x_wconf 78' lang='lat' dir='ltr'>instituisse3</span> <span class='ocrx_word' id='word_1_197' title='bbox 879 2544 925 2602; x_wconf 91' lang='lat' dir='ltr'>vel</span> <span class='ocrx_word' id='word_1_198' title='bbox 940 2547 1035 2620; x_wconf 89' lang='lat' dir='ltr'>potius</span> <span class='ocrx_word' id='word_1_199' title='bbox 1049 2559 1136 2620; x_wconf 88' lang='lat' dir='ltr'>quac·</span> 
     </span>
     <span class='ocr_line' id='line_1_24' title="bbox 57 2638 1134 2716; baseline 0 -18"><span class='ocrx_word' id='word_1_200' title='bbox 57 2638 126 2698; x_wconf 86' lang='lat' dir='ltr'>dam</span> <span class='ocrx_word' id='word_1_201' title='bbox 140 2641 202 2698; x_wconf 89' lang='lat' dir='ltr'>suis</span> <span class='ocrx_word' id='word_1_202' title='bbox 219 2642 251 2698; x_wconf 92' lang='lat' dir='ltr'>in</span> <span class='ocrx_word' id='word_1_203' title='bbox 270 2643 342 2700; x_wconf 89' lang='lat' dir='ltr'>actis</span> <span class='ocrx_word' id='word_1_204' title='bbox 361 2641 398 2700; x_wconf 93' lang='lat' dir='ltr'>de</span> <span class='ocrx_word' id='word_1_205' title='bbox 413 2640 568 2716; x_wconf 87' lang='lat' dir='ltr'>Scripturis</span> <span class='ocrx_word' id='word_1_206' title='bbox 588 2641 838 2700; x_wconf 86' lang='lat' dir='ltr'>animadvertisse.</span> <span class='ocrx_word' id='word_1_207' title='bbox 859 2641 938 2700; x_wconf 89' lang='lat' dir='ltr'>llaec</span> <span class='ocrx_word' id='word_1_208' title='bbox 958 2647 1057 2699; x_wconf 84' lang='lat' dir='ltr'>autem</span> <span class='ocrx_word' id='word_1_209' title='bbox 1078 2655 1134 2698; x_wconf 93' lang='lat' dir='ltr'>nos</span> 
     </span>
     <span class='ocr_line' id='line_1_25' title="bbox 56 2738 1136 2815; baseline 0.003 -21"><span class='ocrx_word' id='word_1_210' title='bbox 56 2738 266 2813; x_wconf 79' lang='lat' dir='ltr'>expendentes,</span> <span class='ocrx_word' id='word_1_211' title='bbox 286 2741 407 2797; x_wconf 90' lang='lat' dir='ltr'>esacris</span> <span class='ocrx_word' id='word_1_212' title='bbox 425 2739 612 2815; x_wconf 90' lang='lat' dir='ltr'>scriptoribus</span> <span class='ocrx_word' id='word_1_213' title='bbox 634 2741 799 2798; x_wconf 90' lang='lat' dir='ltr'>invenimus</span> <span class='ocrx_word' id='word_1_214' title='bbox 821 2755 889 2797; x_wconf 84' lang='lat' dir='ltr'>vere</span> <span class='ocrx_word' id='word_1_215' title='bbox 909 2739 1024 2797; x_wconf 83' lang='lat' dir='ltr'>decreta</span> <span class='ocrx_word' id='word_1_216' title='bbox 1050 2739 1136 2814; x_wconf 90' lang='lat' dir='ltr'>plura</span> 
     </span>
     <span class='ocr_line' id='line_1_26' title="bbox 56 2835 1135 2915; baseline 0.001 -21"><span class='ocrx_word' id='word_1_217' title='bbox 56 2851 146 2910; x_wconf 87' lang='lat' dir='ltr'>quam</span> <span class='ocrx_word' id='word_1_218' title='bbox 166 2838 272 2912; x_wconf 85' lang='lat' dir='ltr'>viginti</span> <span class='ocrx_word' id='word_1_219' title='bbox 299 2842 407 2896; x_wconf 84' lang='lat' dir='ltr'>statuta</span> <span class='ocrx_word' id='word_1_220' title='bbox 435 2837 526 2897; x_wconf 81' lang='lat' dir='ltr'>fuisse</span> <span class='ocrx_word' id='word_1_221' title='bbox 537 2854 562 2896; x_wconf 69' lang='lat' dir='ltr'>,a</span> <span class='ocrx_word' id='word_1_222' title='bbox 581 2837 693 2915; x_wconf 85' lang='lat' dir='ltr'>synodo</span> <span class='ocrx_word' id='word_1_223' title='bbox 719 2839 856 2897; x_wconf 74' lang='lat' dir='ltr'>nicaena</span> <span class='ocrx_word' id='word_1_224' title='bbox 874 2835 1058 2896; x_wconf 86' lang='lat' dir='ltr'>Abrahamus</span> <span class='ocrx_word' id='word_1_225' title='bbox 1081 2837 1135 2895; x_wconf 90' lang='lat' dir='ltr'>Ec·</span> 
     </span>
     <span class='ocr_line' id='line_1_27' title="bbox 58 2933 1137 2994; baseline 0.004 -5"><span class='ocrx_word' id='word_1_226' title='bbox 58 2933 212 2990; x_wconf 90' lang='lat' dir='ltr'>chellensis</span> <span class='ocrx_word' id='word_1_227' title='bbox 228 2936 372 2992; x_wconf 88' lang='lat' dir='ltr'>maronita</span> <span class='ocrx_word' id='word_1_228' title='bbox 389 2934 426 2992; x_wconf 92' lang='lat' dir='ltr'>de</span> <span class='ocrx_word' id='word_1_229' title='bbox 446 2937 617 2994; x_wconf 85' lang='lat' dir='ltr'>auctoritate</span> <span class='ocrx_word' id='word_1_230' title='bbox 629 2950 774 2994; x_wconf 92' lang='lat' dir='ltr'>canonum</span> <span class='ocrx_word' id='word_1_231' title='bbox 787 2942 816 2994; x_wconf 92' lang='lat' dir='ltr'>et</span> <span class='ocrx_word' id='word_1_232' title='bbox 836 2937 1074 2994; x_wconf 85' lang='lat' dir='ltr'>constitutionum</span> <span class='ocrx_word' id='word_1_233' title='bbox 1095 2937 1137 2993; x_wconf 91' lang='lat' dir='ltr'>ni·</span> 
     </span>
     <span class='ocr_line' id='line_1_28' title="bbox 56 3032 1135 3112; baseline 0.001 -24"><span class='ocrx_word' id='word_1_234' title='bbox 56 3045 165 3088; x_wconf 87' lang='lat' dir='ltr'>caenae</span> <span class='ocrx_word' id='word_1_235' title='bbox 181 3032 291 3106; x_wconf 88' lang='lat' dir='ltr'>primae</span> <span class='ocrx_word' id='word_1_236' title='bbox 308 3032 432 3112; x_wconf 87' lang='lat' dir='ltr'>synodi,</span> <span class='ocrx_word' id='word_1_237' title='bbox 451 3049 527 3108; x_wconf 84' lang='lat' dir='ltr'>quae</span> <span class='ocrx_word' id='word_1_238' title='bbox 544 3049 606 3091; x_wconf 90' lang='lat' dir='ltr'>ase</span> <span class='ocrx_word' id='word_1_239' title='bbox 623 3050 660 3092; x_wconf 84' lang='lat' dir='ltr'>ex</span> <span class='ocrx_word' id='word_1_240' title='bbox 674 3033 789 3092; x_wconf 90' lang='lat' dir='ltr'>arabico</span> <span class='ocrx_word' id='word_1_241' title='bbox 803 3033 893 3092; x_wconf 89' lang='lat' dir='ltr'>latine</span> <span class='ocrx_word' id='word_1_242' title='bbox 910 3034 1034 3092; x_wconf 89' lang='lat' dir='ltr'>donatae</span> <span class='ocrx_word' id='word_1_243' title='bbox 1049 3038 1135 3106; x_wconf 86' lang='lat' dir='ltr'>sunt,</span> 
     </span>
     <span class='ocr_line' id='line_1_29' title="bbox 57 3127 1135 3205; baseline 0.002 -21"><span class='ocrx_word' id='word_1_244' title='bbox 57 3127 184 3202; x_wconf 88' lang='lat' dir='ltr'>perbelle</span> <span class='ocrx_word' id='word_1_245' title='bbox 202 3129 327 3188; x_wconf 88' lang='lat' dir='ltr'>ostendit</span> <span class='ocrx_word' id='word_1_246' title='bbox 339 3129 498 3205; x_wconf 87' lang='lat' dir='ltr'>plurimas,</span> <span class='ocrx_word' id='word_1_247' title='bbox 519 3131 661 3189; x_wconf 82' lang='lat' dir='ltr'>etruriae</span> <span class='ocrx_word' id='word_1_248' title='bbox 678 3129 767 3190; x_wconf 81' lang='lat' dir='ltr'>luisse</span> <span class='ocrx_word' id='word_1_249' title='bbox 786 3133 1004 3189; x_wconf 86' lang='lat' dir='ltr'>constitutiones</span> <span class='ocrx_word' id='word_1_250' title='bbox 1020 3131 1135 3187; x_wconf 87' lang='lat' dir='ltr'>concilii</span> 
     </span>
    </p>
   </div>
   <div class='ocr_carea' id='block_1_3' title="bbox 55 3225 1231 3304">
    <p class='ocr_par' dir='ltr' id='par_1_3' title="bbox 55 3225 1231 3304">
     <span class='ocr_line' id='line_1_30' title="bbox 55 3225 1231 3304; baseline 0.002 -22"><span class='ocrx_word' id='word_1_251' title='bbox 55 3227 182 3284; x_wconf 88' lang='lat' dir='ltr'>nicoeni.</span> <span class='ocrx_word' id='word_1_252' title='bbox 209 3225 245 3284; x_wconf 93' lang='lat' dir='ltr'>In</span> <span class='ocrx_word' id='word_1_253' title='bbox 258 3227 321 3300; x_wconf 89' lang='lat' dir='ltr'>ipsa</span> <span class='ocrx_word' id='word_1_254' title='bbox 340 3226 536 3304; x_wconf 82' lang='lat' dir='ltr'>praelatione,</span> <span class='ocrx_word' id='word_1_255' title='bbox 552 3243 626 3304; x_wconf 87' lang='lat' dir='ltr'>quae</span> <span class='ocrx_word' id='word_1_256' title='bbox 650 3229 772 3286; x_wconf 89' lang='lat' dir='ltr'>concilio</span> <span class='ocrx_word' id='word_1_257' title='bbox 785 3227 933 3303; x_wconf 87' lang='lat' dir='ltr'>inhaeret,</span> <span class='ocrx_word' id='word_1_258' title='bbox 950 3227 1056 3302; x_wconf 82' lang='lat' dir='ltr'>logitur</span> <span class='ocrx_word' id='word_1_259' title='bbox 1075 3228 1134 3300; x_wconf 85' lang='lat' dir='ltr'>epi·</span> <span class='ocrx_word' id='word_1_260' title='bbox 1230 3227 1231 3234; x_wconf 75' lang='grc'>’</span> 
     </span>
    </p>
   </div>
   <div class='ocr_carea' id='block_1_4' title="bbox 50 3324 1135 4458">
    <p class='ocr_par' dir='ltr' id='par_1_4' title="bbox 50 3324 1135 4458">
     <span class='ocr_line' id='line_1_31' title="bbox 56 3324 1135 3402; baseline 0 -22"><span class='ocrx_word' id='word_1_261' title='bbox 56 3337 212 3396; x_wconf 79' lang='lat' dir='ltr'>scaporum</span> <span class='ocrx_word' id='word_1_262' title='bbox 230 3338 400 3398; x_wconf 84' lang='lat' dir='ltr'>congressus</span> <span class='ocrx_word' id='word_1_263' title='bbox 419 3327 509 3383; x_wconf 90' lang='lat' dir='ltr'>trium</span> <span class='ocrx_word' id='word_1_264' title='bbox 529 3341 673 3384; x_wconf 86' lang='lat' dir='ltr'>annorum</span> <span class='ocrx_word' id='word_1_265' title='bbox 698 3327 792 3400; x_wconf 87' lang='lat' dir='ltr'>spatio</span> <span class='ocrx_word' id='word_1_266' title='bbox 810 3325 991 3402; x_wconf 85' lang='lat' dir='ltr'>perdurasse.</span> <span class='ocrx_word' id='word_1_267' title='bbox 1022 3324 1135 3382; x_wconf 87' lang='lat' dir='ltr'>Descri-</span> 
     </span>
     <span class='ocr_line' id='line_1_32' title="bbox 55 3421 1135 3498; baseline 0.002 -20"><span class='ocrx_word' id='word_1_268' title='bbox 55 3425 140 3494; x_wconf 89' lang='lat' dir='ltr'>ptum</span> <span class='ocrx_word' id='word_1_269' title='bbox 161 3424 259 3480; x_wconf 86' lang='lat' dir='ltr'>autem</span> <span class='ocrx_word' id='word_1_270' title='bbox 276 3421 316 3479; x_wconf 90' lang='lat' dir='ltr'>ibi</span> <span class='ocrx_word' id='word_1_271' title='bbox 331 3421 387 3480; x_wconf 86' lang='lat' dir='ltr'>fuit</span> <span class='ocrx_word' id='word_1_272' title='bbox 402 3422 543 3498; x_wconf 91' lang='lat' dir='ltr'>quidquid</span> <span class='ocrx_word' id='word_1_273' title='bbox 558 3439 626 3482; x_wconf 91' lang='lat' dir='ltr'>curn</span> <span class='ocrx_word' id='word_1_274' title='bbox 645 3423 797 3481; x_wconf 85' lang='lat' dir='ltr'>haereticis</span> <span class='ocrx_word' id='word_1_275' title='bbox 822 3428 851 3481; x_wconf 91' lang='lat' dir='ltr'>et</span> <span class='ocrx_word' id='word_1_276' title='bbox 870 3421 938 3481; x_wconf 89' lang='lat' dir='ltr'>fidei</span> <span class='ocrx_word' id='word_1_277' title='bbox 955 3425 1135 3498; x_wconf 88' lang='lat' dir='ltr'>impugnato·</span> 
     </span>
     <span class='ocr_line' id='line_1_33' title="bbox 56 3515 1134 3596; baseline 0.004 -24"><span class='ocrx_word' id='word_1_278' title='bbox 56 3515 139 3576; x_wconf 90' lang='lat' dir='ltr'>ribus</span> <span class='ocrx_word' id='word_1_279' title='bbox 157 3515 335 3592; x_wconf 88' lang='lat' dir='ltr'>disputatum</span> <span class='ocrx_word' id='word_1_280' title='bbox 355 3525 417 3593; x_wconf 90' lang='lat' dir='ltr'>est,</span> <span class='ocrx_word' id='word_1_281' title='bbox 433 3524 462 3578; x_wconf 89' lang='lat' dir='ltr'>et</span> <span class='ocrx_word' id='word_1_282' title='bbox 478 3519 620 3596; x_wconf 82' lang='lat' dir='ltr'>qrridquid</span> <span class='ocrx_word' id='word_1_283' title='bbox 632 3525 729 3596; x_wconf 90' lang='lat' dir='ltr'>patres</span> <span class='ocrx_word' id='word_1_284' title='bbox 749 3521 824 3578; x_wconf 88' lang='lat' dir='ltr'>inter</span> <span class='ocrx_word' id='word_1_285' title='bbox 841 3536 872 3578; x_wconf 89' lang='lat' dir='ltr'>se</span> <span class='ocrx_word' id='word_1_286' title='bbox 890 3520 1024 3578; x_wconf 89' lang='lat' dir='ltr'>collocuti</span> <span class='ocrx_word' id='word_1_287' title='bbox 1034 3561 1036 3566; x_wconf 83' lang='lat'>.</span> <span class='ocrx_word' id='word_1_288' title='bbox 1046 3525 1134 3595; x_wconf 89' lang='lat' dir='ltr'>sunt,</span> 
     </span>
     <span class='ocr_line' id='line_1_34' title="bbox 55 3614 1135 3694; baseline 0.002 -22"><span class='ocrx_word' id='word_1_289' title='bbox 55 3621 143 3694; x_wconf 84' lang='lat' dir='ltr'>atque</span> <span class='ocrx_word' id='word_1_290' title='bbox 161 3614 379 3691; x_wconf 88' lang='lat' dir='ltr'>discusserunt,</span> <span class='ocrx_word' id='word_1_291' title='bbox 395 3616 589 3693; x_wconf 84' lang='lat' dir='ltr'>quadraginta</span> <span class='ocrx_word' id='word_1_292' title='bbox 604 3617 697 3676; x_wconf 89' lang='lat' dir='ltr'>libris.</span> <span class='ocrx_word' id='word_1_293' title='bbox 717 3615 905 3694; x_wconf 86' lang='lat' dir='ltr'>Singulorum</span> <span class='ocrx_word' id='word_1_294' title='bbox 929 3632 998 3675; x_wconf 89' lang='lat' dir='ltr'>vero</span> <span class='ocrx_word' id='word_1_295' title='bbox 1018 3621 1135 3675; x_wconf 85' lang='lat' dir='ltr'>sancto·</span> 
     </span>
     <span class='ocr_line' id='line_1_35' title="bbox 55 3716 1135 3793; baseline 0.002 -21"><span class='ocrx_word' id='word_1_296' title='bbox 55 3729 122 3772; x_wconf 85' lang='lat' dir='ltr'>mm</span> <span class='ocrx_word' id='word_1_297' title='bbox 141 3721 260 3790; x_wconf 90' lang='lat' dir='ltr'>patrum</span> <span class='ocrx_word' id='word_1_298' title='bbox 272 3718 449 3792; x_wconf 87' lang='lat' dir='ltr'>sententiae,</span> <span class='ocrx_word' id='word_1_299' title='bbox 469 3733 615 3776; x_wconf 90' lang='lat' dir='ltr'>sermones</span> <span class='ocrx_word' id='word_1_300' title='bbox 630 3724 660 3776; x_wconf 90' lang='lat' dir='ltr'>et</span> <span class='ocrx_word' id='word_1_301' title='bbox 673 3716 742 3776; x_wconf 87' lang='lat' dir='ltr'>iidei</span> <span class='ocrx_word' id='word_1_302' title='bbox 754 3716 946 3793; x_wconf 87' lang='lat' dir='ltr'>professiones</span> <span class='ocrx_word' id='word_1_303' title='bbox 958 3758 966 3791; x_wconf 99' lang='lat'>,</span> <span class='ocrx_word' id='word_1_304' title='bbox 984 3733 1057 3792; x_wconf 84' lang='lat' dir='ltr'>quas</span> <span class='ocrx_word' id='word_1_305' title='bbox 1074 3717 1135 3775; x_wconf 84' lang='lat' dir='ltr'>adi-</span> 
     </span>
     <span class='ocr_line' id='line_1_36' title="bbox 54 3811 1134 3892; baseline 0.002 -22"><span class='ocrx_word' id='word_1_306' title='bbox 54 3811 175 3888; x_wconf 83' lang='lat' dir='ltr'>derunt,</span> <span class='ocrx_word' id='word_1_307' title='bbox 194 3811 259 3871; x_wconf 88' lang='lat' dir='ltr'>aliis</span> <span class='ocrx_word' id='word_1_308' title='bbox 277 3813 358 3871; x_wconf 88' lang='lat' dir='ltr'>libris</span> <span class='ocrx_word' id='word_1_309' title='bbox 380 3813 560 3890; x_wconf 85' lang='lat' dir='ltr'>quirrdecim,</span> <span class='ocrx_word' id='word_1_310' title='bbox 581 3817 632 3890; x_wconf 91' lang='lat' dir='ltr'>qui</span> <span class='ocrx_word' id='word_1_311' title='bbox 644 3817 762 3874; x_wconf 89' lang='lat' dir='ltr'>nomine</span> <span class='ocrx_word' id='word_1_312' title='bbox 782 3812 1010 3892; x_wconf 82' lang='lat' dir='ltr'>apostolicormn</span> <span class='ocrx_word' id='word_1_313' title='bbox 1030 3815 1134 3891; x_wconf 90' lang='lat' dir='ltr'>digno-</span> 
     </span>
     <span class='ocr_line' id='line_1_37' title="bbox 52 3911 1135 3988; baseline 0.003 -21"><span class='ocrx_word' id='word_1_314' title='bbox 52 3914 197 3985; x_wconf 90' lang='lat' dir='ltr'>scuntur,</span> <span class='ocrx_word' id='word_1_315' title='bbox 213 3917 243 3968; x_wconf 91' lang='lat' dir='ltr'>et</span> <span class='ocrx_word' id='word_1_316' title='bbox 260 3917 468 3970; x_wconf 86' lang='lat' dir='ltr'>conservantur</span> <span class='ocrx_word' id='word_1_317' title='bbox 496 3914 528 3969; x_wconf 87' lang='lat' dir='ltr'>iu</span> <span class='ocrx_word' id='word_1_318' title='bbox 551 3913 738 3970; x_wconf 88' lang='lat' dir='ltr'>ecelesiarum</span> <span class='ocrx_word' id='word_1_319' title='bbox 756 3911 949 3972; x_wconf 87' lang='lat' dir='ltr'>bibliothecis.</span> <span class='ocrx_word' id='word_1_320' title='bbox 972 3912 1135 3988; x_wconf 88' lang='lat' dir='ltr'>Eutychius</span> 
     </span>
     <span class='ocr_line' id='line_1_38' title="bbox 51 4005 1135 4085; baseline 0.001 -21"><span class='ocrx_word' id='word_1_321' title='bbox 51 4005 222 4078; x_wconf 87' lang='lat' dir='ltr'>patriarcha</span> <span class='ocrx_word' id='word_1_322' title='bbox 242 4007 446 4076; x_wconf 80' lang='lat' dir='ltr'>alexandrinus</span> <span class='ocrx_word' id='word_1_323' title='bbox 470 4010 502 4066; x_wconf 91' lang='lat' dir='ltr'>in</span> <span class='ocrx_word' id='word_1_324' title='bbox 518 4025 571 4068; x_wconf 90' lang='lat' dir='ltr'>suo</span> <span class='ocrx_word' id='word_1_325' title='bbox 590 4008 733 4068; x_wconf 82' lang='lat' dir='ltr'>Chronico</span> <span class='ocrx_word' id='word_1_326' title='bbox 762 4008 798 4066; x_wconf 91' lang='lat' dir='ltr'>de</span> <span class='ocrx_word' id='word_1_327' title='bbox 816 4009 872 4068; x_wconf 92' lang='lat' dir='ltr'>hoc</span> <span class='ocrx_word' id='word_1_328' title='bbox 896 4025 985 4085; x_wconf 87' lang='lat' dir='ltr'>agens</span> <span class='ocrx_word' id='word_1_329' title='bbox 1011 4009 1135 4066; x_wconf 91' lang='lat' dir='ltr'>concilio</span> 
     </span>
     <span class='ocr_line' id='line_1_39' title="bbox 50 4103 1134 4182; baseline 0.003 -22"><span class='ocrx_word' id='word_1_330' title='bbox 50 4105 104 4160; x_wconf 88' lang='lat' dir='ltr'>ait:</span> <span class='ocrx_word' id='word_1_331' title='bbox 125 4128 138 4154; x_wconf 69' lang='lat' dir='ltr'>a</span> <span class='ocrx_word' id='word_1_332' title='bbox 149 4103 380 4180; x_wconf 77' lang='lat' dir='ltr'>composuerunt</span> <span class='ocrx_word' id='word_1_333' title='bbox 392 4108 480 4166; x_wconf 89' lang='lat' dir='ltr'>ctiam</span> <span class='ocrx_word' id='word_1_334' title='bbox 493 4108 549 4182; x_wconf 79' lang='lat' dir='ltr'>ipsi</span> <span class='ocrx_word' id='word_1_335' title='bbox 557 4105 747 4166; x_wconf 82' lang='lat' dir='ltr'>Constantino</span> <span class='ocrx_word' id='word_1_336' title='bbox 758 4105 847 4165; x_wconf 88' lang='lat' dir='ltr'>libros</span> <span class='ocrx_word' id='word_1_337' title='bbox 861 4107 1067 4182; x_wconf 87' lang='lat' dir='ltr'>quadraginta,</span> <span class='ocrx_word' id='word_1_338' title='bbox 1083 4107 1134 4179; x_wconf 88' lang='lat' dir='ltr'>qui</span> 
     </span>
     <span class='ocr_line' id='line_1_40' title="bbox 53 4201 1135 4279; baseline 0 -23"><span class='ocrx_word' id='word_1_339' title='bbox 53 4203 280 4260; x_wconf 90' lang='lat' dir='ltr'>constitutiones</span> <span class='ocrx_word' id='word_1_340' title='bbox 291 4209 319 4260; x_wconf 89' lang='lat' dir='ltr'>et</span> <span class='ocrx_word' id='word_1_341' title='bbox 334 4202 411 4279; x_wconf 90' lang='lat' dir='ltr'>leges</span> <span class='ocrx_word' id='word_1_342' title='bbox 428 4201 624 4262; x_wconf 90' lang='lat' dir='ltr'>continebant.</span> <span class='ocrx_word' id='word_1_343' title='bbox 650 4228 662 4253; x_wconf 65' lang='lat' dir='ltr'>a</span> <span class='ocrx_word' id='word_1_344' title='bbox 688 4201 861 4262; x_wconf 83' lang='lat' dir='ltr'>Abuharcus</span> <span class='ocrx_word' id='word_1_345' title='bbox 880 4201 1052 4261; x_wconf 87' lang='lat' dir='ltr'>habbasides</span> <span class='ocrx_word' id='word_1_346' title='bbox 1076 4216 1135 4256; x_wconf 90' lang='lat' dir='ltr'>mo·</span> 
     </span>
     <span class='ocr_line' id='line_1_41' title="bbox 51 4295 1133 4379; baseline 0 -26"><span class='ocrx_word' id='word_1_347' title='bbox 51 4295 269 4360; x_wconf 89' lang='lat' dir='ltr'>hammedunus</span> <span class='ocrx_word' id='word_1_348' title='bbox 289 4303 411 4376; x_wconf 89' lang='lat' dir='ltr'>scriptor</span> <span class='ocrx_word' id='word_1_349' title='bbox 426 4306 507 4377; x_wconf 81' lang='lat' dir='ltr'>parto</span> <span class='ocrx_word' id='word_1_350' title='bbox 525 4302 616 4362; x_wconf 87' lang='lat' dir='ltr'>altera</span> <span class='ocrx_word' id='word_1_351' title='bbox 633 4317 702 4363; x_wconf 87' lang='lat' dir='ltr'>suae</span> <span class='ocrx_word' id='word_1_352' title='bbox 722 4302 871 4379; x_wconf 88' lang='lat' dir='ltr'>apologiae</span> <span class='ocrx_word' id='word_1_353' title='bbox 901 4300 1039 4360; x_wconf 86' lang='lat' dir='ltr'>adversus</span> <span class='ocrx_word' id='word_1_354' title='bbox 1057 4297 1133 4359; x_wconf 86' lang='lat' dir='ltr'>chri-</span> 
     </span>
     <span class='ocr_line' id='line_1_42' title="bbox 93 4395 775 4458; baseline 0 -2"><span class='ocrx_word' id='word_1_355' title='bbox 93 4395 177 4456; x_wconf 82' lang='lat' dir='ltr'>I’ars</span> <span class='ocrx_word' id='word_1_356' title='bbox 188 4395 217 4456; x_wconf 90' lang='grc' dir='ltr'>Ι.</span> <span class='ocrx_word' id='word_1_357' title='bbox 740 4407 775 4458; x_wconf 82' lang='lat'>12</span> 
     </span>
    </p>
   </div>
   <div class='ocr_carea' id='block_1_5' title="bbox 0 0 1516 5178">
    <p class='ocr_par' dir='ltr' id='par_1_5' title="bbox 0 0 1516 5178">
     <span class='ocr_line' id='line_1_43' title="bbox 0 0 1516 5178; baseline 0 4"><span class='ocrx_word' id='word_1_358' title='bbox 0 0 1516 5178; x_wconf 95' lang='lat' dir='ltr'> </span> 
     </span>
    </p>
   </div>
  </div>
 </body>
</html>
