3094 5176
553 343 731 400 -ili-

143 453 171 532 s.
194 451 235 516 il.
260 456 373 520 interea
393 452 499 532 nobis,
520 455 601 516 haud
620 461 665 518 est
683 453 870 534 mirandum,
891 460 917 519 si
937 458 1054 538 Moyses
1073 461 1183 524 11111111

102 551 354 631 institutionibus,
374 569 447 631 quas
463 553 614 614 mandevit
629 555 729 615 Israeli
744 539 871 615 inlibris
890 552 995 634 legis,
1013 565 1179 634 1111111111·

102 655 174 712 serit
193 654 329 730 explicite
348 661 410 714 tam
423 656 504 732 pium
518 659 548 714 et
560 655 756 714 necessarium
772 659 957 732 praeceptum
977 658 1056 717 circe
1074 657 1181 719 sutiru-

103 753 164 828 gla,
179 769 253 830 quae
265 769 283 812 a
296 753 372 812 vivis
386 769 438 830 pro
450 752 595 812 deltrnctis
608 752 751 830 explenda
759 759 853 813 erant.
865 752 985 830 Moyses
992 755 1023 814 ln
1034 755 1183 833 Scriptum

103 848 175 926 legis
190 865 225 909 ea
238 849 445 910 animadvertit
464 852 669 927 potissimum,
690 865 766 928 quae
779 855 843 910 tum
857 852 1054 912 extrinsecam
1066 849 1182 912 hebrai-

103 963 155 1008 cae
174 948 350 1025 reipublicae
371 950 505 1026 politiam
526 954 709 1026 spectarent,
731 955 793 1008 tum
814 965 870 1026 ea,
892 965 967 1027 quae
986 951 1093 1026 impias
1112 965 1182 1030 gen·

102 1045 177 1104 tium
200 1046 424 1108 consuetudines
450 1052 655 1124 contererent,
682 1046 827 1124 iidemque
847 1055 987 1125 augerent
1007 1050 1038 1108 ln
1058 1049 1183 1110 Redern·

103 1149 238 1221 ptorem,
259 1145 310 1222 qui
323 1151 465 1206 venturus
479 1151 562 1224 erat3
584 1152 613 1207 et
632 1146 670 1206 ob
683 1145 740 1206 hoc
753 1147 837 1206 varia
849 1146 1061 1236 sacrificiorum
1076 1160 1184 1226 genera

104 1247 215 1304 statuta
233 1249 339 1320 erant,
360 1257 435 1322 quae
453 1242 491 1303 ab
508 1245 566 1306 illis
584 1244 674 1306 veluti
685 1242 995 1322 iigume-haitebantur
1010 1245 1126 1306 futurae
1139 1262 1183 1308 re·

104 1337 300 1417 demptionis,
322 1347 351 1401 et
371 1357 404 1401 eo
425 1350 554 1418 tempore
574 1341 737 1419 duratura,
758 1357 909 1419 quousque
930 1342 1123 1404 adduceretur
1134 1348 1183 1422 Ja-

105 1441 186 1498 stltia
207 1442 405 1516 sempiterna,
430 1440 600 1517 impleretur
627 1442 702 1500 visio
725 1447 755 1500 et
778 1441 952 1518 prophetia,
973 1447 1003 1502 et
1027 1448 1185 1520 ungeretur

105 1543 225 1598 sanctus
246 1544 425 1598 sanctorum.
448 1537 549 1615 Neque
569 1539 686 1616 insuper
707 1537 826 1618 Moyses
846 1541 878 1599 in
898 1540 1095 1602 Pentateucho
1111 1557 1185 1617 opus

104 1639 262 1714 insumpsit
281 1637 319 1698 ad
338 1638 584 1716 propugnandam
604 1639 725 1700 alterius
742 1640 821 1698 vitae
834 1643 944 1701 statum
960 1645 1184 1715 postmortem,

104 1751 198 1812 neque
216 1736 253 1796 de
270 1743 349 1796 sorte
362 1738 423 1814 egit
436 1739 566 1798 virorum
580 1744 770 1814 sanctorum,
793 1744 822 1798 et
834 1739 1001 1816 impiorum.
1018 1737 1093 1800 Item
1107 1741 1187 1801 eirea

106 1835 238 1894 caritatis
259 1831 359 1914 leges',
380 1851 455 1914 quae
476 1839 538 1912 jam
561 1837 592 1894 in
617 1838 747 1897 omnium
766 1836 903 1898 cordibus
927 1839 1052 1913 scriptae
1071 1836 1188 1898 merant

105 1939 154 2009 et,
184 1939 218 1993 ut
241 1935 282 1994 alt
301 1934 480 2013 Apostolus,
495 1933 533 2011 (1)
554 1937 754 1994 testimonium
770 1933 909 1994 reddebat
930 1933 989 1994 illis
1009 1936 1186 1996 conscientia

106 2033 258 2109 1111111111,Ι
280 2031 399 2111 Moyses
415 2047 477 2093 non
491 2035 635 2109 instituit,
658 2033 710 2093 sed
723 2039 839 2094 tantum
854 2035 1014 2092 universim
1031 2035 1188 2092 innovavit

105 2130 261 2208 quodiam
282 2148 332 2208 per
353 2132 538 2192 traditionem
552 2136 629 2193 inter
645 2131 786 2193 hebraeos
804 2137 943 2210 perpetuo
962 2131 1111 2192 ilrmatum
1125 2137 1188 2191 erat

107 2229 145 2290 ab
165 2232 249 2291 initio
270 2231 373 2292 mnndi
395 2232 434 2292 ad
455 2245 539 2292 suum
567 2247 673 2292 aevum
695 2249 808 2309 usque3
830 2238 859 2293 et
878 2231 1029 2291 Abraham
1042 2236 1072 2290 et
1085 2230 1186 2306 Isaac,

4 2347 5 2352 ¹
111 2334 140 2388 et
157 2329 249 2388 11111)
264 2333 328 2406 jam
341 2338 486 2391 noverant
499 2337 528 2390 et
541 2330 767 2408 comprobarent
780 2337 880 2408 utpote
892 2330 1065 2390 mandatum
1079 2372 1088 2405 ,
1109 2328 1189 2406 quod

4 2425 5 2466 l
108 2427 193 2486 valde
211 2443 301 2504 prope
314 2445 364 2488 eos
378 2436 441 2488 erat
463 2428 725 2506 (quemadmodum
737 2429 843 2506 legitur
857 2430 888 2486 in
907 2427 1132 2487 Deuteronomio
1147 2425 1186 2502 (2)

108 2526 138 2584 in
158 2542 208 2586 ore
229 2543 351 2604 eorum,
373 2533 403 2587 et
422 2530 452 2586 in
472 2528 559 2587 corde
577 2543 698 2605 eorum,
720 2533 749 2587 et
768 2531 799 2586 in
818 2527 954 2587 manibus
971 2541 1072 2586 eorum
1092 2531 1126 2585 ut
1144 2525 1188 2584 ia·

4 2709 5 2714 ¹
107 2631 205 2684 eerent
226 2625 310 2686 illud.
333 2625 370 2685 lit
394 2625 504 2686 idcirco
529 2641 589 2685 non
613 2628 670 2686 nisi
693 2626 806 2703 obiter,
829 2631 859 2684 et
877 2625 998 2685 relative
1025 2639 1071 2684 ser
1120 2639 1189 2684 nem

107 2719 210 2782 habuit
229 2723 348 2804 Moyses
371 2725 407 2784 de
428 2729 542 2784 animae
563 2724 804 2801 immortalitate,
827 2723 863 2782 de
882 2729 960 2783 statu
980 2721 1097 2782 laturae
1111 2722 1190 2781 vitae

109 2833 144 2878 ae
165 2820 202 2879 de
219 2824 321 2882 ceteris
335 2821 514 2902 hujusmodl.
531 2825 577 2884 lta
591 2839 628 2883 ex
642 2839 687 2901 gr.
702 2823 788 2882 lesus
801 2821 979 2898 respondens
993 2817 1188 2895 sadducaeis,

4 2929 5 2966 1
108 2919 159 2992 qui
183 2927 364 2982 mortuorum
386 2925 626 2982 resurrectionem
647 2921 816 3000 negabant,
840 2922 881 2980 ait
903 2920 961 2979 illis
975 2919 1034 2996 llll:
1061 2943 1073 2969 «
1092 2916 1136 2978 De
1149 2933 1191 2977 ra·

107 3019 288 3076 surrectione
311 3025 409 3078 autem
436 3025 618 3080 mortuoram
644 3037 704 3078 non
730 3021 842 3096 legistis
871 3018 950 3094 quod
975 3018 1087 3078 dictum
1107 3023 1152 3078 est
1172 3033 1191 3076 a

4 3127 7 3166 v
108 3111 170 3170 Deo
188 3111 301 3173 dicente
319 3115 423 3174 vobis:
447 3118 509 3194 Ego
529 3133 595 3176 sum
609 3117 687 3176 Deus
701 3117 871 3190 Abraham,
895 3115 973 3174 Deus
987 3116 1090 3191 Isaac,
1112 3115 1190 3174 Deus

4 3227 5 3266 i
110 3209 230 3268 iacobi
250 3209 316 3271 Non
337 3218 381 3272 est
400 3213 478 3274 Deus
500 3221 703 3290 mortuorum,
725 3215 777 3274 sed
795 3215 968 3274 viventium.
982 3237 994 3263 1
1015 3212 1060 3272 Ex
1073 3227 1109 3272 ea
1121 3227 1191 3289 ergo

4 3331 5 3362 i
109 3308 235 3384 simplici
255 3309 355 3384 phrasi
377 3317 508 3372 veterum
523 3313 762 3389 scripturarum,
784 3327 843 3388 qua
856 3311 998 3388 Moyses,
1020 3316 1049 3369 et
1062 3309 1190 3386 Prophe·

106 3411 155 3466 tae
173 3407 219 3466 usi
239 3415 328 3486 suut,
351 3410 409 3470 alia
429 3417 546 3488 sumpta
566 3415 700 3489 ratione,
721 3411 870 3470 dicentes:
897 3434 909 3459 «
922 3409 1001 3468 Deus
1022 3406 1189 3484 Abraham,

109 3503 187 3564 Deus
206 3505 315 3584 Jsaae,
342 3508 420 3568 Deus
439 3510 554 3586 11111),
570 3535 581 3561 o
609 3513 701 3572 satius
722 3509 930 3587 praedixerunt
950 3508 1191 3566 resurrectionem

109 3609 315 3682 momuorum,
343 3623 432 3684 quem
457 3615 619 3686 opportune
643 3609 746 3670 deinde
767 3609 900 3670 Christus
921 3611 1127 3684 interpretatus
1147 3611 1193 3666 est

111 3698 290 3778 redarguens
310 3702 504 3765 Sadducaeos.
534 3705 673 3768 Similiter
696 3707 742 3784 (et
763 3708 818 3766 lroc
839 3708 928 3768 relate
949 3706 986 3768 ad
1010 3711 1192 3784 praesentem

112 3800 331 3878 quaestionem)
354 3805 408 3863 etsi
428 3806 610 3879 apertissime
628 3821 688 3864 non
706 3813 825 3867 eruetur
841 3822 857 3866 e
873 3807 964 3867 sacris
979 3797 1091 3883 Moysis
1111 3803 1192 3863 libris

110 3901 140 3954 et
157 3895 369 3974 Prophetarum
383 3904 432 3978 pia
446 3901 638 3964 hebraeorum
653 3903 845 3979 consuetudo,
860 3918 976 3979 preces,
987 3902 1102 3978 aliaque
1115 3899 1193 3960 bona

110 4009 199 4070 opera
217 3997 352 4071 explendi
372 4015 426 4076 pro
444 4003 591 4077 mortuis,
613 4007 742 4061 attamen
756 4017 773 4060 e
789 4003 881 4060 variis
899 3998 1068 4061 eorumdem
1088 3996 1194 4056 Biblio-

111 4107 178 4151 rum
200 4097 374 4174 sententiis,
399 4104 429 4158 et
448 4101 612 4160 actionibus
634 4107 803 4160 sanctorum
826 4101 958 4160 virorum
978 4102 1009 4158 in
1030 4095 1192 4156 11111111-

145 4303 179 4366 (r)
193 4305 345 4362 illiterato.
361 4315 393 4364 11.
412 4321 448 4366 11.
469 4341 499 4354 ·-
509 4313 544 4380 (2)
558 4317 689 4368 11111111.
703 4317 777 4366 xxx.
797 4317 833 4366 il.
846 4339 876 4352 -
890 4311 925 4378 (t)
940 4313 998 4364 Mat.
1010 4325 1032 4362 1.
1049 4311 1125 4363 xxti.
1142 4317 1180 4362 31.
