<?xml version="1.0" encoding="UTF-8"?>
<!DOCTYPE html PUBLIC "-//W3C//DTD XHTML 1.0 Transitional//EN"
    "http://www.w3.org/TR/xhtml1/DTD/xhtml1-transitional.dtd">
<html xmlns="http://www.w3.org/1999/xhtml" xml:lang="en" lang="en">
 <head>
  <title>
</title>
<meta http-equiv="Content-Type" content="text/html;charset=utf-8" />
  <meta name='ocr-system' content='tesseract 3.04.00' />
  <meta name='ocr-capabilities' content='ocr_page ocr_carea ocr_par ocr_line ocrx_word'/>
</head>
<body>
  <div class='ocr_page' id='page_1' title='image "./sessioquartacon00vincgoog_0273.png"; bbox 0 0 3022 5178; ppageno 0'>
   <div class='ocr_carea' id='block_1_1' title="bbox 796 383 975 438">
    <p class='ocr_par' dir='ltr' id='par_1_1' title="bbox 796 383 975 438">
     <span class='ocr_line' id='line_1_1' title="bbox 796 383 975 438; baseline 0 -1"><span class='ocrx_word' id='word_1_1' title='bbox 796 383 975 438; x_wconf 78' lang='lat'>-218-</span> 
     </span>
    </p>
   </div>
   <div class='ocr_carea' id='block_1_2' title="bbox 343 491 1416 1154">
    <p class='ocr_par' dir='ltr' id='par_1_2' title="bbox 345 491 1411 764">
     <span class='ocr_line' id='line_1_2' title="bbox 346 491 1409 570; baseline 0.003 -17"><span class='ocrx_word' id='word_1_2' title='bbox 346 493 419 553; x_wconf 89' lang='lat' dir='ltr'><strong>liber</strong></span> <span class='ocrx_word' id='word_1_3' title='bbox 433 504 462 553; x_wconf 78' lang='lat'><strong>2.</strong></span> <span class='ocrx_word' id='word_1_4' title='bbox 479 495 707 569; x_wconf 76' lang='lat' dir='ltr'><strong>Ecclesiasticus,</strong></span> <span class='ocrx_word' id='word_1_5' title='bbox 727 501 755 552; x_wconf 79' lang='lat' dir='ltr'><strong>a.</strong></span> <span class='ocrx_word' id='word_1_6' title='bbox 770 493 889 570; x_wconf 87' lang='lat' dir='ltr'><strong>Tobias,</strong></span> <span class='ocrx_word' id='word_1_7' title='bbox 912 503 942 552; x_wconf 83' lang='grc'><strong>4.</strong></span> <span class='ocrx_word' id='word_1_8' title='bbox 962 491 1076 570; x_wconf 84' lang='lat' dir='ltr'><strong>Judltb,</strong></span> <span class='ocrx_word' id='word_1_9' title='bbox 1092 500 1122 551; x_wconf 83' lang='lat'><strong>⁵.</strong></span> <span class='ocrx_word' id='word_1_10' title='bbox 1141 497 1170 552; x_wconf 91' lang='lat' dir='ltr'><strong>et</strong></span> <span class='ocrx_word' id='word_1_11' title='bbox 1184 502 1213 552; x_wconf 82' lang='grc'><strong>6.</strong></span> <span class='ocrx_word' id='word_1_12' title='bbox 1229 494 1409 556; x_wconf 86' lang='lat' dir='ltr'><strong>blachabaoo·</strong></span> 
     </span>
     <span class='ocr_line' id='line_1_3' title="bbox 347 590 1411 669; baseline 0.003 -20"><span class='ocrx_word' id='word_1_13' title='bbox 347 607 412 650; x_wconf 89' lang='lat' dir='ltr'><strong>rum</strong></span> <span class='ocrx_word' id='word_1_14' title='bbox 431 591 513 667; x_wconf 90' lang='lat' dir='ltr'><strong>libri,</strong></span> <span class='ocrx_word' id='word_1_15' title='bbox 535 607 608 667; x_wconf 89' lang='lat' dir='ltr'><strong>quos</strong></span> <span class='ocrx_word' id='word_1_16' title='bbox 630 592 698 650; x_wconf 89' lang='lat' dir='ltr'><strong>licet</strong></span> <span class='ocrx_word' id='word_1_17' title='bbox 710 591 812 667; x_wconf 79' lang='lat' dir='ltr'><strong>judaei</strong></span> <span class='ocrx_word' id='word_1_18' title='bbox 827 594 903 651; x_wconf 83' lang='lat' dir='ltr'><strong>mter</strong></span> <span class='ocrx_word' id='word_1_19' title='bbox 922 590 1105 669; x_wconf 90' lang='lat' dir='ltr'><strong>apocryphos</strong></span> <span class='ocrx_word' id='word_1_20' title='bbox 1122 597 1275 668; x_wconf 85' lang='lat' dir='ltr'><strong>separent,</strong></span> <span class='ocrx_word' id='word_1_21' title='bbox 1292 591 1411 653; x_wconf 69' lang='lat' dir='ltr'><strong>Facleia</strong></span> 
     </span>
     <span class='ocr_line' id='line_1_4' title="bbox 345 687 1336 764; baseline 0.001 -17"><span class='ocrx_word' id='word_1_22' title='bbox 345 695 443 748; x_wconf 65' lang='lat' dir='ltr'><strong>nmen</strong></span> <span class='ocrx_word' id='word_1_23' title='bbox 458 687 566 747; x_wconf 79' lang='lat' dir='ltr'><strong>Christi</strong></span> <span class='ocrx_word' id='word_1_24' title='bbox 578 691 655 748; x_wconf 86' lang='lat' dir='ltr'><strong>inter</strong></span> <span class='ocrx_word' id='word_1_25' title='bbox 666 689 782 748; x_wconf 85' lang='lat' dir='ltr'><strong>divinos</strong></span> <span class='ocrx_word' id='word_1_26' title='bbox 796 688 886 749; x_wconf 89' lang='lat' dir='ltr'><strong>libros</strong></span> <span class='ocrx_word' id='word_1_27' title='bbox 904 695 934 748; x_wconf 90' lang='lat' dir='ltr'><strong>et</strong></span> <span class='ocrx_word' id='word_1_28' title='bbox 946 688 1071 748; x_wconf 89' lang='lat' dir='ltr'><strong>honorat</strong></span> <span class='ocrx_word' id='word_1_29' title='bbox 1092 693 1122 747; x_wconf 90' lang='lat' dir='ltr'><strong>et</strong></span> <span class='ocrx_word' id='word_1_30' title='bbox 1145 689 1303 764; x_wconf 88' lang='lat' dir='ltr'><strong>praedicat.</strong></span> <span class='ocrx_word' id='word_1_31' title='bbox 1324 714 1336 740; x_wconf 75' lang='grc' dir='ltr'><strong>»ι</strong></span> 
     </span>
    </p>

    <p class='ocr_par' dir='ltr' id='par_1_3' title="bbox 343 781 1416 1154">
     <span class='ocr_line' id='line_1_5' title="bbox 385 781 1414 862; baseline 0.002 -18"><span class='ocrx_word' id='word_1_32' title='bbox 385 784 412 860; x_wconf 79' lang='lat' dir='ltr'><strong>s.</strong></span> <span class='ocrx_word' id='word_1_33' title='bbox 435 785 528 845; x_wconf 89' lang='lat' dir='ltr'><strong>XXV.</strong></span> <span class='ocrx_word' id='word_1_34' title='bbox 550 784 663 844; x_wconf 87' lang='lat' dir='ltr'><strong>Saoouli</strong></span> <span class='ocrx_word' id='word_1_35' title='bbox 680 803 744 844; x_wconf 86' lang='lat' dir='ltr'><strong>x111</strong></span> <span class='ocrx_word' id='word_1_36' title='bbox 765 787 872 862; x_wconf 89' lang='lat' dir='ltr'><strong>initio,</strong></span> <span class='ocrx_word' id='word_1_37' title='bbox 890 787 1045 862; x_wconf 79' lang='lat' dir='ltr'><strong>sanctitate</strong></span> <span class='ocrx_word' id='word_1_38' title='bbox 1075 781 1211 846; x_wconf 78' lang='lat' dir='ltr'><strong>excelluit</strong></span> <span class='ocrx_word' id='word_1_39' title='bbox 1228 785 1414 862; x_wconf 80' lang='lat' dir='ltr'><strong>Antonius‚e</strong></span> 
     </span>
     <span class='ocr_line' id='line_1_6' title="bbox 346 881 1415 961; baseline 0.002 -21"><span class='ocrx_word' id='word_1_40' title='bbox 346 885 463 942; x_wconf 84' lang='lat' dir='ltr'><strong>civitate</strong></span> <span class='ocrx_word' id='word_1_41' title='bbox 479 881 529 941; x_wconf 91' lang='lat' dir='ltr'><strong>ubl</strong></span> <span class='ocrx_word' id='word_1_42' title='bbox 550 882 642 958; x_wconf 93' lang='lat' dir='ltr'><strong>obiit,</strong></span> <span class='ocrx_word' id='word_1_43' title='bbox 660 884 697 943; x_wconf 89' lang='lat' dir='ltr'><strong>de</strong></span> <span class='ocrx_word' id='word_1_44' title='bbox 713 883 815 942; x_wconf 86' lang='lat' dir='ltr'><strong>Padua</strong></span> <span class='ocrx_word' id='word_1_45' title='bbox 830 884 1001 959; x_wconf 88' lang='lat' dir='ltr'><strong>appellatus.</strong></span> <span class='ocrx_word' id='word_1_46' title='bbox 1024 882 1090 944; x_wconf 89' lang='lat' dir='ltr'><strong>Suis</strong></span> <span class='ocrx_word' id='word_1_47' title='bbox 1108 886 1141 942; x_wconf 93' lang='lat' dir='ltr'><strong>in</strong></span> <span class='ocrx_word' id='word_1_48' title='bbox 1157 886 1295 961; x_wconf 80' lang='lat' dir='ltr'><strong>mysticis</strong></span> <span class='ocrx_word' id='word_1_49' title='bbox 1309 887 1415 960; x_wconf 85' lang='lat' dir='ltr'><strong>exposi-</strong></span> 
     </span>
     <span class='ocr_line' id='line_1_7' title="bbox 343 977 1415 1057; baseline 0.004 -21"><span class='ocrx_word' id='word_1_50' title='bbox 343 977 470 1038; x_wconf 87' lang='lat' dir='ltr'><strong>tionibus</strong></span> <span class='ocrx_word' id='word_1_51' title='bbox 490 981 521 1037; x_wconf 89' lang='lat' dir='ltr'><strong>in</strong></span> <span class='ocrx_word' id='word_1_52' title='bbox 542 979 706 1056; x_wconf 79' lang='lat' dir='ltr'><strong>Scripturas</strong></span> <span class='ocrx_word' id='word_1_53' title='bbox 729 980 818 1039; x_wconf 88' lang='lat' dir='ltr'><strong>libros</strong></span> <span class='ocrx_word' id='word_1_54' title='bbox 836 980 947 1057; x_wconf 80' lang='lat' dir='ltr'><strong>colligit</strong></span> <span class='ocrx_word' id='word_1_55' title='bbox 966 982 1055 1039; x_wconf 85' lang='lat' dir='ltr'><strong>etiarn</strong></span> <span class='ocrx_word' id='word_1_56' title='bbox 1076 978 1240 1056; x_wconf 88' lang='lat' dir='ltr'><strong>Sapientiae</strong></span> <span class='ocrx_word' id='word_1_57' title='bbox 1252 981 1376 1057; x_wconf 89' lang='lat' dir='ltr'><strong>librum,</strong></span> <span class='ocrx_word' id='word_1_58' title='bbox 1388 987 1415 1040; x_wconf 89' lang='lat' dir='ltr'><strong>et</strong></span> 
     </span>
     <span class='ocr_line' id='line_1_8' title="bbox 343 1062 1416 1154; baseline 0 -18"><span class='ocrx_word' id='word_1_59' title='bbox 343 1062 589 1153; x_wconf 66' lang='lat' dir='ltr'><strong>massuetum,</strong></span> <span class='ocrx_word' id='word_1_60' title='bbox 600 1077 729 1137; x_wconf 68' lang='lat' dir='ltr'><strong>numera</strong></span> <span class='ocrx_word' id='word_1_61' title='bbox 741 1083 771 1137; x_wconf 77' lang='lat' dir='ltr'><strong>a</strong></span> <span class='ocrx_word' id='word_1_62' title='bbox 790 1077 894 1137; x_wconf 62' lang='lat' dir='ltr'><strong>nsua</strong></span> <span class='ocrx_word' id='word_1_63' title='bbox 909 1077 1087 1154; x_wconf 69' lang='lat' dir='ltr'><strong>canaonas,</strong></span> <span class='ocrx_word' id='word_1_64' title='bbox 1101 1077 1209 1137; x_wconf 79' lang='lat' dir='ltr'><strong>notrae</strong></span> <span class='ocrx_word' id='word_1_65' title='bbox 1227 1077 1336 1137; x_wconf 79' lang='lat' dir='ltr'><strong>mrum</strong></span> <span class='ocrx_word' id='word_1_66' title='bbox 1347 1121 1357 1154; x_wconf 88' lang='lat'>‚</span> <span class='ocrx_word' id='word_1_67' title='bbox 1369 1078 1416 1136; x_wconf 75' lang='lat' dir='ltr'><strong>aa</strong></span> 
     </span>
    </p>
   </div>
   <div class='ocr_carea' id='block_1_3' title="bbox 219 1172 1413 1251">
    <p class='ocr_par' dir='ltr' id='par_1_4' title="bbox 219 1172 1413 1251">
     <span class='ocr_line' id='line_1_9' title="bbox 219 1172 1413 1251; baseline 0.002 -19"><span class='ocrx_word' id='word_1_68' title='bbox 219 1178 222 1186; x_wconf 90' lang='lat'>&#39;</span> <span class='ocrx_word' id='word_1_69' title='bbox 343 1172 408 1232; x_wconf 86' lang='lat' dir='ltr'><strong>dlth</strong></span> <span class='ocrx_word' id='word_1_70' title='bbox 424 1179 453 1232; x_wconf 90' lang='lat' dir='ltr'><strong>et</strong></span> <span class='ocrx_word' id='word_1_71' title='bbox 468 1173 711 1234; x_wconf 86' lang='lat' dir='ltr'><strong>Machabaeorum</strong></span> <span class='ocrx_word' id='word_1_72' title='bbox 724 1173 843 1250; x_wconf 91' lang='lat' dir='ltr'><strong>ambos,</strong></span> <span class='ocrx_word' id='word_1_73' title='bbox 854 1190 935 1251; x_wconf 73' lang='lat' dir='ltr'><strong>quos</strong></span> <span class='ocrx_word' id='word_1_74' title='bbox 953 1177 1014 1250; x_wconf 90' lang='lat' dir='ltr'><strong>ipse</strong></span> <span class='ocrx_word' id='word_1_75' title='bbox 1034 1175 1072 1235; x_wconf 82' lang='lat' dir='ltr'><strong>ad</strong></span> <span class='ocrx_word' id='word_1_76' title='bbox 1088 1189 1238 1235; x_wconf 89' lang='lat' dir='ltr'><strong>sacrarum</strong></span> <span class='ocrx_word' id='word_1_77' title='bbox 1253 1174 1413 1251; x_wconf 88' lang='lat' dir='ltr'><strong>Scriptura·</strong></span> 
     </span>
    </p>
   </div>
   <div class='ocr_carea' id='block_1_4' title="bbox 340 1269 1416 2914">
    <p class='ocr_par' dir='ltr' id='par_1_5' title="bbox 344 1269 1416 1642">
     <span class='ocr_line' id='line_1_10' title="bbox 344 1269 1414 1348; baseline 0.001 -19"><span class='ocrx_word' id='word_1_78' title='bbox 344 1281 411 1329; x_wconf 85' lang='lat' dir='ltr'><strong>rum</strong></span> <span class='ocrx_word' id='word_1_79' title='bbox 427 1269 575 1330; x_wconf 77' lang='lat' dir='ltr'><strong>canonem</strong></span> <span class='ocrx_word' id='word_1_80' title='bbox 594 1273 735 1346; x_wconf 89' lang='lat' dir='ltr'><strong>pertinere</strong></span> <span class='ocrx_word' id='word_1_81' title='bbox 753 1271 878 1348; x_wconf 83' lang='lat' dir='ltr'><strong>latetur,</strong></span> <span class='ocrx_word' id='word_1_82' title='bbox 896 1272 968 1332; x_wconf 91' lang='lat' dir='ltr'><strong>dum</strong></span> <span class='ocrx_word' id='word_1_83' title='bbox 985 1274 1028 1331; x_wconf 91' lang='lat' dir='ltr'><strong>sic</strong></span> <span class='ocrx_word' id='word_1_84' title='bbox 1045 1274 1105 1332; x_wconf 86' lang='lat' dir='ltr'><strong>alt:</strong></span> <span class='ocrx_word' id='word_1_85' title='bbox 1125 1272 1239 1332; x_wconf 74' lang='lat' dir='ltr'><strong>«Sacra</strong></span> <span class='ocrx_word' id='word_1_86' title='bbox 1256 1277 1356 1332; x_wconf 89' lang='lat' dir='ltr'><strong>autem</strong></span> <span class='ocrx_word' id='word_1_87' title='bbox 1369 1287 1414 1347; x_wconf 91' lang='lat' dir='ltr'><strong>pa·</strong></span> 
     </span>
     <span class='ocr_line' id='line_1_11' title="bbox 345 1367 1416 1446; baseline -0.001 -18"><span class='ocrx_word' id='word_1_88' title='bbox 345 1369 415 1443; x_wconf 79' lang='lat' dir='ltr'><strong>glm</strong></span> <span class='ocrx_word' id='word_1_89' title='bbox 430 1367 467 1444; x_wconf 79' lang='grc' dir='ltr'><strong>(ι)</strong></span> <span class='ocrx_word' id='word_1_90' title='bbox 484 1385 503 1428; x_wconf 94' lang='lat' dir='ltr'><strong>a</strong></span> <span class='ocrx_word' id='word_1_91' title='bbox 518 1368 627 1444; x_wconf 85' lang='lat' dir='ltr'><strong>Spiritu</strong></span> <span class='ocrx_word' id='word_1_92' title='bbox 644 1369 766 1445; x_wconf 90' lang='lat' dir='ltr'><strong>Sancto,</strong></span> <span class='ocrx_word' id='word_1_93' title='bbox 778 1375 812 1429; x_wconf 90' lang='lat' dir='ltr'><strong>ut</strong></span> <span class='ocrx_word' id='word_1_94' title='bbox 829 1371 871 1428; x_wconf 89' lang='lat' dir='ltr'><strong>ait</strong></span> <span class='ocrx_word' id='word_1_95' title='bbox 881 1369 982 1446; x_wconf 86' lang='lat' dir='ltr'><strong>llugo,</strong></span> <span class='ocrx_word' id='word_1_96' title='bbox 997 1370 1125 1429; x_wconf 87' lang='lat' dir='ltr'><strong>revelata</strong></span> <span class='ocrx_word' id='word_1_97' title='bbox 1135 1375 1163 1429; x_wconf 90' lang='lat' dir='ltr'><strong>at</strong></span> <span class='ocrx_word' id='word_1_98' title='bbox 1177 1385 1228 1445; x_wconf 90' lang='lat' dir='ltr'><strong>per</strong></span> <span class='ocrx_word' id='word_1_99' title='bbox 1245 1375 1364 1429; x_wconf 80' lang='lat' dir='ltr'><strong>saucms</strong></span> <span class='ocrx_word' id='word_1_100' title='bbox 1378 1371 1416 1427; x_wconf 87' lang='lat' dir='ltr'><strong>vi·</strong></span> 
     </span>
     <span class='ocr_line' id='line_1_12' title="bbox 345 1466 1416 1544; baseline 0.003 -19"><span class='ocrx_word' id='word_1_101' title='bbox 345 1481 405 1544; x_wconf 90' lang='lat' dir='ltr'><strong>ros,</strong></span> <span class='ocrx_word' id='word_1_102' title='bbox 418 1471 452 1525; x_wconf 91' lang='lat' dir='ltr'><strong>ut</strong></span> <span class='ocrx_word' id='word_1_103' title='bbox 464 1469 506 1527; x_wconf 89' lang='lat' dir='ltr'><strong>alt</strong></span> <span class='ocrx_word' id='word_1_104' title='bbox 515 1466 617 1526; x_wconf 89' lang='lat' dir='ltr'><strong>beatus</strong></span> <span class='ocrx_word' id='word_1_105' title='bbox 634 1466 748 1543; x_wconf 88' lang='lat' dir='ltr'><strong>Petrus,</strong></span> <span class='ocrx_word' id='word_1_106' title='bbox 759 1467 995 1544; x_wconf 88' lang='lat' dir='ltr'><strong>subministrata,</strong></span> <span class='ocrx_word' id='word_1_107' title='bbox 1006 1467 1077 1528; x_wconf 86' lang='lat' dir='ltr'><strong>dicit</strong></span> <span class='ocrx_word' id='word_1_108' title='bbox 1089 1468 1270 1527; x_wconf 85' lang='lat' dir='ltr'><strong>salvatorem</strong></span> <span class='ocrx_word' id='word_1_109' title='bbox 1286 1473 1416 1528; x_wconf 86' lang='lat' dir='ltr'><strong>nostrum</strong></span> 
     </span>
     <span class='ocr_line' id='line_1_13' title="bbox 345 1565 1110 1642; baseline -0.005 -18"><span class='ocrx_word' id='word_1_110' title='bbox 345 1565 477 1625; x_wconf 86' lang='lat' dir='ltr'><strong>humano</strong></span> <span class='ocrx_word' id='word_1_111' title='bbox 495 1569 592 1642; x_wconf 82' lang='lat' dir='ltr'><strong>generi</strong></span> <span class='ocrx_word' id='word_1_112' title='bbox 609 1583 715 1642; x_wconf 90' lang='lat' dir='ltr'><strong>panem</strong></span> <span class='ocrx_word' id='word_1_113' title='bbox 731 1566 920 1642; x_wconf 83' lang='lat' dir='ltr'><strong>multiplicem</strong></span> <span class='ocrx_word' id='word_1_114' title='bbox 937 1565 1110 1625; x_wconf 56' lang='lat' dir='ltr'><strong>exhiberes»</strong></span> 
     </span>
    </p>

    <p class='ocr_par' dir='ltr' id='par_1_6' title="bbox 340 1661 1415 2914">
     <span class='ocr_line' id='line_1_14' title="bbox 385 1661 1414 1740; baseline 0.002 -18"><span class='ocrx_word' id='word_1_115' title='bbox 385 1662 413 1738; x_wconf 79' lang='lat' dir='ltr'><strong>s.</strong></span> <span class='ocrx_word' id='word_1_116' title='bbox 435 1661 543 1724; x_wconf 84' lang='lat' dir='ltr'>XXVI.</span> <span class='ocrx_word' id='word_1_117' title='bbox 564 1664 687 1723; x_wconf 82' lang='lat' dir='ltr'><strong>Ineunte</strong></span> <span class='ocrx_word' id='word_1_118' title='bbox 700 1663 818 1723; x_wconf 87' lang='lat' dir='ltr'><strong>saeculo</strong></span> <span class='ocrx_word' id='word_1_119' title='bbox 835 1664 1060 1740; x_wconf 78' lang='lat' dir='ltr'><strong>decimotertio,</strong></span> <span class='ocrx_word' id='word_1_120' title='bbox 1074 1664 1161 1740; x_wconf 87' lang='lat' dir='ltr'><strong>Hugo</strong></span> <span class='ocrx_word' id='word_1_121' title='bbox 1177 1665 1213 1724; x_wconf 88' lang='lat' dir='ltr'><strong>de</strong></span> <span class='ocrx_word' id='word_1_122' title='bbox 1230 1671 1335 1724; x_wconf 89' lang='lat' dir='ltr'><strong>saneto</strong></span> <span class='ocrx_word' id='word_1_123' title='bbox 1345 1665 1414 1724; x_wconf 83' lang='lat' dir='ltr'><strong>Caro</strong></span> 
     </span>
     <span class='ocr_line' id='line_1_15' title="bbox 343 1760 1414 1838; baseline 0.004 -19"><span class='ocrx_word' id='word_1_124' title='bbox 343 1775 361 1818; x_wconf 92' lang='lat' dir='ltr'><strong>e</strong></span> <span class='ocrx_word' id='word_1_125' title='bbox 381 1760 618 1838; x_wconf 80' lang='lat' dir='ltr'><strong>burgundionum</strong></span> <span class='ocrx_word' id='word_1_126' title='bbox 635 1768 720 1838; x_wconf 89' lang='lat' dir='ltr'><strong>gente</strong></span> <span class='ocrx_word' id='word_1_127' title='bbox 736 1761 767 1821; x_wconf 88' lang='lat' dir='ltr'><strong>S.</strong></span> <span class='ocrx_word' id='word_1_128' title='bbox 778 1763 816 1821; x_wconf 88' lang='lat' dir='ltr'><strong>lt.</strong></span> <span class='ocrx_word' id='word_1_129' title='bbox 830 1763 864 1820; x_wconf 81' lang='grc'>11.</span> <span class='ocrx_word' id='word_1_130' title='bbox 890 1763 1046 1821; x_wconf 84' lang='lat' dir='ltr'><strong>cardinalis</strong></span> <span class='ocrx_word' id='word_1_131' title='bbox 1067 1765 1275 1822; x_wconf 85' lang='lat' dir='ltr'><strong>commentaria</strong></span> <span class='ocrx_word' id='word_1_132' title='bbox 1287 1765 1322 1822; x_wconf 81' lang='lat' dir='ltr'><strong>in&#39;</strong></span> <span class='ocrx_word' id='word_1_133' title='bbox 1335 1767 1414 1823; x_wconf 82' lang='lat' dir='ltr'><strong>vetra</strong></span> 
     </span>
     <span class='ocr_line' id='line_1_16' title="bbox 345 1860 1413 1938; baseline 0.004 -20"><span class='ocrx_word' id='word_1_134' title='bbox 345 1861 375 1918; x_wconf 85' lang='lat' dir='ltr'><strong>et</strong></span> <span class='ocrx_word' id='word_1_135' title='bbox 386 1875 497 1919; x_wconf 88' lang='lat' dir='ltr'><strong>novum</strong></span> <span class='ocrx_word' id='word_1_136' title='bbox 513 1867 626 1919; x_wconf 88' lang='lat' dir='ltr'><strong>textum</strong></span> <span class='ocrx_word' id='word_1_137' title='bbox 641 1863 728 1936; x_wconf 86' lang='lat' dir='ltr'><strong>juxta</strong></span> <span class='ocrx_word' id='word_1_138' title='bbox 749 1860 902 1920; x_wconf 92' lang='lat' dir='ltr'><strong>litteralem</strong></span> <span class='ocrx_word' id='word_1_139' title='bbox 924 1867 954 1920; x_wconf 86' lang='lat' dir='ltr'><strong>et</strong></span> <span class='ocrx_word' id='word_1_140' title='bbox 971 1863 1127 1938; x_wconf 90' lang='lat' dir='ltr'><strong>mysticum</strong></span> <span class='ocrx_word' id='word_1_141' title='bbox 1143 1877 1260 1920; x_wconf 88' lang='lat' dir='ltr'><strong>sensum</strong></span> <span class='ocrx_word' id='word_1_142' title='bbox 1281 1867 1413 1922; x_wconf 86' lang='lat' dir='ltr'><strong>accurate</strong></span> 
     </span>
     <span class='ocr_line' id='line_1_17' title="bbox 344 1955 1412 2036; baseline 0.004 -22"><span class='ocrx_word' id='word_1_143' title='bbox 344 1959 450 2033; x_wconf 83' lang='lat' dir='ltr'><strong>exegit.</strong></span> <span class='ocrx_word' id='word_1_144' title='bbox 469 1955 544 2016; x_wconf 91' lang='lat' dir='ltr'><strong>Prae</strong></span> <span class='ocrx_word' id='word_1_145' title='bbox 563 1958 697 2018; x_wconf 88' lang='lat' dir='ltr'><strong>manibus</strong></span> <span class='ocrx_word' id='word_1_146' title='bbox 715 1973 786 2017; x_wconf 83' lang='lat' dir='ltr'><strong>vero</strong></span> <span class='ocrx_word' id='word_1_147' title='bbox 804 1961 912 2033; x_wconf 89' lang='lat' dir='ltr'><strong>scripta</strong></span> <span class='ocrx_word' id='word_1_148' title='bbox 936 1957 999 2017; x_wconf 91' lang='lat' dir='ltr'><strong>divi</strong></span> <span class='ocrx_word' id='word_1_149' title='bbox 1013 1958 1184 2036; x_wconf 84' lang='lat' dir='ltr'><strong>Hieronymi</strong></span> <span class='ocrx_word' id='word_1_150' title='bbox 1200 1961 1341 2020; x_wconf 85' lang='lat' dir='ltr'><strong>continuo</strong></span> <span class='ocrx_word' id='word_1_151' title='bbox 1364 1959 1412 2018; x_wconf 88' lang='lat' dir='ltr'><strong>ba-</strong></span> 
     </span>
     <span class='ocr_line' id='line_1_18' title="bbox 344 2053 1411 2134; baseline 0.004 -22"><span class='ocrx_word' id='word_1_152' title='bbox 344 2053 418 2112; x_wconf 87' lang='lat' dir='ltr'><strong>buit.</strong></span> <span class='ocrx_word' id='word_1_153' title='bbox 439 2053 716 2131; x_wconf 85' lang='lat' dir='ltr'><strong>Explanationibus,</strong></span> <span class='ocrx_word' id='word_1_154' title='bbox 733 2061 767 2115; x_wconf 87' lang='lat' dir='ltr'><strong>ut</strong></span> <span class='ocrx_word' id='word_1_155' title='bbox 783 2055 864 2132; x_wconf 87' lang='lat' dir='ltr'><strong>dixi,</strong></span> <span class='ocrx_word' id='word_1_156' title='bbox 883 2058 943 2115; x_wconf 89' lang='lat' dir='ltr'><strong>suis</strong></span> <span class='ocrx_word' id='word_1_157' title='bbox 966 2055 1129 2132; x_wconf 86' lang='lat' dir='ltr'><strong>Scripturas</strong></span> <span class='ocrx_word' id='word_1_158' title='bbox 1146 2072 1260 2134; x_wconf 92' lang='lat' dir='ltr'><strong>quoque</strong></span> <span class='ocrx_word' id='word_1_159' title='bbox 1276 2056 1411 2116; x_wconf 74' lang='lat' dir='ltr'><strong>Deutmo</strong></span> 
     </span>
     <span class='ocr_line' id='line_1_19' title="bbox 344 2150 1412 2230; baseline 0.003 -21"><span class='ocrx_word' id='word_1_160' title='bbox 344 2150 505 2211; x_wconf 85' lang='lat' dir='ltr'><strong>Canonleas</strong></span> <span class='ocrx_word' id='word_1_161' title='bbox 523 2151 647 2229; x_wconf 88' lang='lat' dir='ltr'><strong>ditavit,</strong></span> <span class='ocrx_word' id='word_1_162' title='bbox 667 2153 705 2212; x_wconf 88' lang='lat' dir='ltr'><strong>de</strong></span> <span class='ocrx_word' id='word_1_163' title='bbox 723 2167 848 2230; x_wconf 83' lang='lat' dir='ltr'><strong>quartum</strong></span> <span class='ocrx_word' id='word_1_164' title='bbox 863 2155 1033 2214; x_wconf 85' lang='lat' dir='ltr'><strong>aucmritate</strong></span> <span class='ocrx_word' id='word_1_165' title='bbox 1054 2151 1126 2213; x_wconf 87' lang='lat' dir='ltr'><strong>baec</strong></span> <span class='ocrx_word' id='word_1_166' title='bbox 1145 2155 1229 2214; x_wconf 89' lang='lat' dir='ltr'><strong>nobis</strong></span> <span class='ocrx_word' id='word_1_167' title='bbox 1253 2155 1412 2214; x_wconf 80' lang='lat' dir='ltr'><strong>mandarit.</strong></span> 
     </span>
     <span class='ocr_line' id='line_1_20' title="bbox 344 2247 1415 2330; baseline 0.005 -24"><span class='ocrx_word' id='word_1_168' title='bbox 344 2247 379 2306; x_wconf 92' lang='lat' dir='ltr'><strong>ln</strong></span> <span class='ocrx_word' id='word_1_169' title='bbox 407 2250 527 2327; x_wconf 82' lang='lat' dir='ltr'><strong>prologo</strong></span> <span class='ocrx_word' id='word_1_170' title='bbox 557 2249 751 2311; x_wconf 81' lang='lat' dir='ltr'><strong>Ecclesiasiici</strong></span> <span class='ocrx_word' id='word_1_171' title='bbox 779 2252 816 2311; x_wconf 86' lang='lat' dir='ltr'><strong>(le</strong></span> <span class='ocrx_word' id='word_1_172' title='bbox 840 2250 984 2312; x_wconf 84' lang='lat' dir='ltr'><strong>vocabulo</strong></span> <span class='ocrx_word' id='word_1_173' title='bbox 1004 2251 1191 2330; x_wconf 71' lang='lat' dir='ltr'><strong>apocrypho,</strong></span> <span class='ocrx_word' id='word_1_174' title='bbox 1214 2268 1274 2328; x_wconf 94' lang='lat' dir='ltr'><strong>quo</strong></span> <span class='ocrx_word' id='word_1_175' title='bbox 1290 2268 1362 2312; x_wconf 88' lang='lat' dir='ltr'><strong>usus</strong></span> <span class='ocrx_word' id='word_1_176' title='bbox 1375 2259 1415 2311; x_wconf 84' lang='lat' dir='ltr'><strong>est</strong></span> 
     </span>
     <span class='ocr_line' id='line_1_21' title="bbox 344 2345 1414 2426; baseline 0.004 -22"><span class='ocrx_word' id='word_1_177' title='bbox 344 2345 560 2425; x_wconf 86' lang='lat' dir='ltr'><strong>Hieronymus,</strong></span> <span class='ocrx_word' id='word_1_178' title='bbox 577 2347 650 2408; x_wconf 89' lang='lat' dir='ltr'><strong>baec</strong></span> <span class='ocrx_word' id='word_1_179' title='bbox 668 2349 786 2426; x_wconf 87' lang='lat' dir='ltr'><strong>scribit,</strong></span> <span class='ocrx_word' id='word_1_180' title='bbox 805 2351 963 2408; x_wconf 88' lang='lat' dir='ltr'><strong>numeratis</strong></span> <span class='ocrx_word' id='word_1_181' title='bbox 980 2353 1067 2426; x_wconf 78' lang='lat' dir='ltr'><strong>juxta</strong></span> <span class='ocrx_word' id='word_1_182' title='bbox 1082 2349 1221 2410; x_wconf 88' lang='lat' dir='ltr'><strong>hebraeos</strong></span> <span class='ocrx_word' id='word_1_183' title='bbox 1235 2351 1351 2410; x_wconf 82' lang='lat' dir='ltr'><strong>veteris</strong></span> <span class='ocrx_word' id='word_1_184' title='bbox 1361 2349 1414 2408; x_wconf 83' lang='lat' dir='ltr'><strong>loe</strong></span> 
     </span>
     <span class='ocr_line' id='line_1_22' title="bbox 343 2442 1411 2524; baseline 0.004 -23"><span class='ocrx_word' id='word_1_185' title='bbox 343 2442 420 2503; x_wconf 85' lang='lat' dir='ltr'><strong>deris</strong></span> <span class='ocrx_word' id='word_1_186' title='bbox 431 2444 524 2504; x_wconf 88' lang='lat' dir='ltr'><strong>libris:</strong></span> <span class='ocrx_word' id='word_1_187' title='bbox 540 2470 554 2496; x_wconf 70' lang='grc' dir='ltr'><strong>«ι</strong></span> <span class='ocrx_word' id='word_1_188' title='bbox 565 2444 806 2524; x_wconf 81' lang='lat' dir='ltr'><strong>Apocryphortun</strong></span> <span class='ocrx_word' id='word_1_189' title='bbox 816 2463 886 2506; x_wconf 88' lang='lat' dir='ltr'><strong>vero</strong></span> <span class='ocrx_word' id='word_1_190' title='bbox 898 2447 957 2506; x_wconf 87' lang='lat' dir='ltr'><strong>duo</strong></span> <span class='ocrx_word' id='word_1_191' title='bbox 968 2453 1038 2507; x_wconf 89' lang='lat' dir='ltr'><strong>sunt</strong></span> <span class='ocrx_word' id='word_1_192' title='bbox 1048 2463 1163 2524; x_wconf 89' lang='lat' dir='ltr'><strong>genera.</strong></span> <span class='ocrx_word' id='word_1_193' title='bbox 1177 2447 1328 2521; x_wconf 85' lang='lat' dir='ltr'><strong>Quaedam</strong></span> <span class='ocrx_word' id='word_1_194' title='bbox 1336 2453 1411 2522; x_wconf 89' lang='lat' dir='ltr'><strong>sunt,</strong></span> 
     </span>
     <span class='ocr_line' id='line_1_23' title="bbox 340 2543 1411 2652; baseline 0.005 -54"><span class='ocrx_word' id='word_1_195' title='bbox 340 2554 466 2614; x_wconf 91' lang='lat' dir='ltr'><strong>quorum</strong></span> <span class='ocrx_word' id='word_1_196' title='bbox 483 2547 514 2600; x_wconf 92' lang='lat' dir='ltr'><strong>et</strong></span> <span class='ocrx_word' id='word_1_197' title='bbox 532 2548 652 2619; x_wconf 85' lang='lat' dir='ltr'><strong>auctor,</strong></span> <span class='ocrx_word' id='word_1_198' title='bbox 669 2549 699 2602; x_wconf 87' lang='lat' dir='ltr'><strong>et</strong></span> <span class='ocrx_word' id='word_1_199' title='bbox 716 2545 824 2602; x_wconf 89' lang='lat' dir='ltr'><strong>veritas</strong></span> <span class='ocrx_word' id='word_1_200' title='bbox 852 2545 1040 2620; x_wconf 87' lang='lat' dir='ltr'><strong>ignorantur,</strong></span> <span class='ocrx_word' id='word_1_201' title='bbox 1057 2549 1091 2603; x_wconf 92' lang='lat' dir='ltr'><strong>ut</strong></span> <span class='ocrx_word' id='word_1_202' title='bbox 1113 2549 1156 2602; x_wconf 90' lang='lat' dir='ltr'><strong>est</strong></span> <span class='ocrx_word' id='word_1_203' title='bbox 1173 2543 1246 2604; x_wconf 89' lang='lat' dir='ltr'><strong>liber</strong></span> <span class='ocrx_word' id='word_1_204' title='bbox 1262 2543 1301 2602; x_wconf 87' lang='lat' dir='ltr'><strong>de</strong></span> <span class='ocrx_word' id='word_1_205' title='bbox 1319 2544 1411 2652; x_wconf 60' lang='grc'>11111111-</span> 
     </span>
     <span class='ocr_line' id='line_1_24' title="bbox 342 2635 1412 2720; baseline 0.003 -23"><span class='ocrx_word' id='word_1_206' title='bbox 342 2639 385 2697; x_wconf 89' lang='lat' dir='ltr'><strong>tia</strong></span> <span class='ocrx_word' id='word_1_207' title='bbox 401 2635 576 2715; x_wconf 87' lang='lat' dir='ltr'><strong>Salvatorls,</strong></span> <span class='ocrx_word' id='word_1_208' title='bbox 600 2645 630 2699; x_wconf 89' lang='lat' dir='ltr'><strong>et</strong></span> <span class='ocrx_word' id='word_1_209' title='bbox 648 2639 721 2699; x_wconf 90' lang='lat' dir='ltr'><strong>liber</strong></span> <span class='ocrx_word' id='word_1_210' title='bbox 747 2641 783 2700; x_wconf 87' lang='lat' dir='ltr'><strong>de</strong></span> <span class='ocrx_word' id='word_1_211' title='bbox 810 2639 1015 2717; x_wconf 66' lang='lat' dir='ltr'><strong>assumptione</strong></span> <span class='ocrx_word' id='word_1_212' title='bbox 1031 2641 1065 2702; x_wconf 90' lang='grc' dir='ltr'><strong>Β.</strong></span> <span class='ocrx_word' id='word_1_213' title='bbox 1088 2641 1199 2701; x_wconf 90' lang='lat' dir='ltr'><strong>Mariae</strong></span> <span class='ocrx_word' id='word_1_214' title='bbox 1218 2639 1365 2720; x_wconf 78' lang='lat' dir='ltr'><strong>Virginis,</strong></span> <span class='ocrx_word' id='word_1_215' title='bbox 1387 2649 1412 2700; x_wconf 89' lang='lat' dir='ltr'><strong>et</strong></span> 
     </span>
     <span class='ocr_line' id='line_1_25' title="bbox 342 2735 1410 2824; baseline 0.003 -29"><span class='ocrx_word' id='word_1_216' title='bbox 342 2735 396 2824; x_wconf 80' lang='lat' dir='ltr'><strong>laos</strong></span> <span class='ocrx_word' id='word_1_217' title='bbox 414 2752 474 2796; x_wconf 90' lang='lat' dir='ltr'><strong>non</strong></span> <span class='ocrx_word' id='word_1_218' title='bbox 499 2739 600 2813; x_wconf 86' lang='lat' dir='ltr'><strong>recipit</strong></span> <span class='ocrx_word' id='word_1_219' title='bbox 615 2737 754 2798; x_wconf 79' lang='lat' dir='ltr'><strong>Ecclesia.</strong></span> <span class='ocrx_word' id='word_1_220' title='bbox 781 2735 850 2798; x_wconf 80' lang='lat' dir='ltr'><strong>Alia</strong></span> <span class='ocrx_word' id='word_1_221' title='bbox 872 2746 941 2799; x_wconf 89' lang='lat' dir='ltr'><strong>sunt</strong></span> <span class='ocrx_word' id='word_1_222' title='bbox 964 2755 1088 2816; x_wconf 90' lang='lat' dir='ltr'><strong>quorum</strong></span> <span class='ocrx_word' id='word_1_223' title='bbox 1113 2745 1213 2800; x_wconf 88' lang='lat' dir='ltr'><strong>auctor</strong></span> <span class='ocrx_word' id='word_1_224' title='bbox 1237 2742 1410 2817; x_wconf 83' lang='lat' dir='ltr'><strong>ignoratur,</strong></span> 
     </span>
     <span class='ocr_line' id='line_1_26' title="bbox 340 2831 1409 2914; baseline 0.005 -22"><span class='ocrx_word' id='word_1_225' title='bbox 340 2831 394 2892; x_wconf 75' lang='lat' dir='ltr'><strong>&#39;sed</strong></span> <span class='ocrx_word' id='word_1_226' title='bbox 412 2833 449 2893; x_wconf 90' lang='lat' dir='ltr'><strong>de</strong></span> <span class='ocrx_word' id='word_1_227' title='bbox 466 2837 589 2895; x_wconf 74' lang='lat' dir='ltr'><strong>vertute</strong></span> <span class='ocrx_word' id='word_1_228' title='bbox 605 2843 665 2895; x_wconf 89' lang='lat' dir='ltr'><strong>non</strong></span> <span class='ocrx_word' id='word_1_229' title='bbox 682 2831 850 2914; x_wconf 88' lang='lat' dir='ltr'><strong>dubitatur,</strong></span> <span class='ocrx_word' id='word_1_230' title='bbox 867 2841 901 2897; x_wconf 90' lang='lat' dir='ltr'><strong>ut</strong></span> <span class='ocrx_word' id='word_1_231' title='bbox 913 2843 959 2897; x_wconf 88' lang='lat' dir='ltr'><strong>est</strong></span> <span class='ocrx_word' id='word_1_232' title='bbox 970 2837 1043 2897; x_wconf 90' lang='lat' dir='ltr'><strong>liber</strong></span> <span class='ocrx_word' id='word_1_233' title='bbox 1062 2836 1165 2897; x_wconf 77' lang='lat' dir='ltr'><strong>iudith</strong></span> <span class='ocrx_word' id='word_1_234' title='bbox 1177 2843 1207 2897; x_wconf 89' lang='lat' dir='ltr'><strong>et</strong></span> <span class='ocrx_word' id='word_1_235' title='bbox 1219 2837 1409 2898; x_wconf 85' lang='lat' dir='ltr'><strong>Machabaeo</strong></span> 
     </span>
    </p>
   </div>
   <div class='ocr_carea' id='block_1_5' title="bbox 340 2931 1502 3013">
    <p class='ocr_par' dir='ltr' id='par_1_7' title="bbox 340 2931 1502 3013">
     <span class='ocr_line' id='line_1_27' title="bbox 340 2931 1502 3013; baseline 0.008 -22"><span class='ocrx_word' id='word_1_236' title='bbox 340 2947 418 3009; x_wconf 87' lang='lat' dir='ltr'><strong>rum,</strong></span> <span class='ocrx_word' id='word_1_237' title='bbox 439 2931 601 3010; x_wconf 81' lang='lat' dir='ltr'><strong>Sapientiae</strong></span> <span class='ocrx_word' id='word_1_238' title='bbox 617 2933 690 2994; x_wconf 90' lang='lat' dir='ltr'><strong>liber</strong></span> <span class='ocrx_word' id='word_1_239' title='bbox 707 2937 737 2996; x_wconf 89' lang='lat' dir='ltr'><strong>et</strong></span> <span class='ocrx_word' id='word_1_240' title='bbox 752 2933 988 3013; x_wconf 78' lang='lat' dir='ltr'><strong>Ecclesiasticus,</strong></span> <span class='ocrx_word' id='word_1_241' title='bbox 1012 2937 1085 2998; x_wconf 89' lang='lat' dir='ltr'><strong>liber</strong></span> <span class='ocrx_word' id='word_1_242' title='bbox 1113 2937 1220 2996; x_wconf 79' lang='lat' dir='ltr'><strong>Tobiae</strong></span> <span class='ocrx_word' id='word_1_243' title='bbox 1237 2943 1267 2996; x_wconf 90' lang='lat' dir='ltr'><strong>et</strong></span> <span class='ocrx_word' id='word_1_244' title='bbox 1286 2937 1408 3012; x_wconf 87' lang='lat' dir='ltr'><strong>Pastor;</strong></span> <span class='ocrx_word' id='word_1_245' title='bbox 1501 2931 1502 2937; x_wconf 61' lang='lat'><em>&#39;</em></span> 
     </span>
    </p>
   </div>
   <div class='ocr_carea' id='block_1_6' title="bbox 338 3031 1409 4189">
    <p class='ocr_par' dir='ltr' id='par_1_8' title="bbox 338 3031 1409 3406">
     <span class='ocr_line' id='line_1_28' title="bbox 340 3031 1409 3112; baseline 0.002 -21"><span class='ocrx_word' id='word_1_246' title='bbox 340 3037 370 3091; x_wconf 87' lang='lat' dir='ltr'><strong>et</strong></span> <span class='ocrx_word' id='word_1_247' title='bbox 386 3032 440 3092; x_wconf 88' lang='lat' dir='ltr'><strong>hos</strong></span> <span class='ocrx_word' id='word_1_248' title='bbox 459 3035 561 3112; x_wconf 89' lang='lat' dir='ltr'><strong>recipit</strong></span> <span class='ocrx_word' id='word_1_249' title='bbox 577 3031 721 3111; x_wconf 83' lang='lat' dir='ltr'><strong>Ecclesia,</strong></span> <span class='ocrx_word' id='word_1_250' title='bbox 742 3049 803 3094; x_wconf 89' lang='lat' dir='ltr'><strong>nou</strong></span> <span class='ocrx_word' id='word_1_251' title='bbox 822 3033 861 3096; x_wconf 83' lang='lat' dir='ltr'><strong>ad</strong></span> <span class='ocrx_word' id='word_1_252' title='bbox 877 3033 946 3095; x_wconf 82' lang='lat' dir='ltr'><strong>fidel</strong></span> <span class='ocrx_word' id='word_1_253' title='bbox 958 3035 1129 3112; x_wconf 85' lang='lat' dir='ltr'><strong>dogrnatum</strong></span> <span class='ocrx_word' id='word_1_254' title='bbox 1146 3038 1348 3111; x_wconf 84' lang='lat' dir='ltr'><strong>assertionem,</strong></span> <span class='ocrx_word' id='word_1_255' title='bbox 1362 3034 1409 3093; x_wconf 87' lang='lat' dir='ltr'><strong>sed</strong></span> 
     </span>
     <span class='ocr_line' id='line_1_29' title="bbox 340 3128 1408 3210; baseline 0.003 -23"><span class='ocrx_word' id='word_1_256' title='bbox 340 3128 379 3188; x_wconf 85' lang='lat' dir='ltr'><strong>ad</strong></span> <span class='ocrx_word' id='word_1_257' title='bbox 392 3145 507 3190; x_wconf 90' lang='lat' dir='ltr'><strong>momm</strong></span> <span class='ocrx_word' id='word_1_258' title='bbox 523 3134 753 3192; x_wconf 87' lang='lat' dir='ltr'><strong>instructionem.</strong></span> <span class='ocrx_word' id='word_1_259' title='bbox 768 3157 781 3184; x_wconf 69' lang='lat' dir='ltr'><strong>n</strong></span> <span class='ocrx_word' id='word_1_260' title='bbox 800 3131 835 3191; x_wconf 88' lang='lat' dir='ltr'><strong>ln</strong></span> <span class='ocrx_word' id='word_1_261' title='bbox 849 3132 969 3210; x_wconf 86' lang='lat' dir='ltr'><strong>prologo</strong></span> <span class='ocrx_word' id='word_1_262' title='bbox 983 3131 1051 3192; x_wconf 88' lang='lat' dir='ltr'><strong>libri</strong></span> <span class='ocrx_word' id='word_1_263' title='bbox 1067 3132 1155 3192; x_wconf 85' lang='lat' dir='ltr'><strong>Josue</strong></span> <span class='ocrx_word' id='word_1_264' title='bbox 1164 3131 1312 3193; x_wconf 86' lang='lat' dir='ltr'><strong>Cauonem</strong></span> <span class='ocrx_word' id='word_1_265' title='bbox 1325 3130 1408 3191; x_wconf 91' lang='lat' dir='ltr'><strong>libro·</strong></span> 
     </span>
     <span class='ocr_line' id='line_1_30' title="bbox 338 3229 1102 3290; baseline 0.001 -2"><span class='ocrx_word' id='word_1_266' title='bbox 338 3238 405 3288; x_wconf 84' lang='lat' dir='ltr'><strong>tum</strong></span> <span class='ocrx_word' id='word_1_267' title='bbox 423 3231 529 3289; x_wconf 75' lang='lat' dir='ltr'><strong>veteris</strong></span> <span class='ocrx_word' id='word_1_268' title='bbox 544 3233 710 3290; x_wconf 79' lang='lat' dir='ltr'><strong>testamenti</strong></span> <span class='ocrx_word' id='word_1_269' title='bbox 728 3229 786 3290; x_wconf 82' lang='lat' dir='ltr'><strong>hoe</strong></span> <span class='ocrx_word' id='word_1_270' title='bbox 802 3231 930 3290; x_wconf 84' lang='lat' dir='ltr'><strong>carmine</strong></span> <span class='ocrx_word' id='word_1_271' title='bbox 949 3229 1102 3290; x_wconf 79' lang='lat' dir='ltr'><strong>describit:</strong></span> 
     </span>
     <span class='ocr_line' id='line_1_31' title="bbox 403 3315 1311 3406; baseline 0.001 -21"><span class='ocrx_word' id='word_1_272' title='bbox 403 3350 419 3378; x_wconf 67' lang='lat' dir='ltr'><strong>e</strong></span> <span class='ocrx_word' id='word_1_273' title='bbox 440 3327 573 3404; x_wconf 86' lang='lat' dir='ltr'><strong>Quinque</strong></span> <span class='ocrx_word' id='word_1_274' title='bbox 592 3325 682 3387; x_wconf 90' lang='lat' dir='ltr'><strong>libros</strong></span> <span class='ocrx_word' id='word_1_275' title='bbox 701 3318 817 3406; x_wconf 82' lang='lat' dir='ltr'><strong>Moysi,</strong></span> <span class='ocrx_word' id='word_1_276' title='bbox 839 3318 941 3404; x_wconf 70' lang='lat' dir='ltr'><strong>iosue,</strong></span> <span class='ocrx_word' id='word_1_277' title='bbox 960 3315 1114 3404; x_wconf 62' lang='lat' dir='ltr'><strong>iudicum,</strong></span> <span class='ocrx_word' id='word_1_278' title='bbox 1132 3326 1311 3404; x_wconf 88' lang='lat' dir='ltr'><strong>Samuelem,</strong></span> 
     </span>
    </p>

    <p class='ocr_par' dir='ltr' id='par_1_9' title="bbox 437 3411 1307 3502">
     <span class='ocr_line' id='line_1_32' title="bbox 437 3411 1307 3502; baseline 0.001 -19"><span class='ocrx_word' id='word_1_279' title='bbox 437 3423 475 3483; x_wconf 83' lang='lat' dir='ltr'><strong>lit</strong></span> <span class='ocrx_word' id='word_1_280' title='bbox 492 3411 667 3501; x_wconf 85' lang='lat' dir='ltr'><strong>Melacblm,</strong></span> <span class='ocrx_word' id='word_1_281' title='bbox 689 3431 748 3484; x_wconf 90' lang='lat' dir='ltr'><strong>tres</strong></span> <span class='ocrx_word' id='word_1_282' title='bbox 767 3429 936 3502; x_wconf 90' lang='lat' dir='ltr'><strong>praecipuos</strong></span> <span class='ocrx_word' id='word_1_283' title='bbox 950 3423 996 3485; x_wconf 92' lang='lat' dir='ltr'><strong>bis</strong></span> <span class='ocrx_word' id='word_1_284' title='bbox 1013 3441 1121 3502; x_wconf 84' lang='lat' dir='ltr'><strong>sexque</strong></span> <span class='ocrx_word' id='word_1_285' title='bbox 1134 3425 1307 3501; x_wconf 72' lang='lat' dir='ltr'><strong>Prophetas</strong></span> 
     </span>
    </p>

    <p class='ocr_par' dir='ltr' id='par_1_10' title="bbox 437 3519 1136 3600">
     <span class='ocr_line' id='line_1_33' title="bbox 437 3519 1136 3600; baseline 0.004 -21"><span class='ocrx_word' id='word_1_286' title='bbox 437 3519 585 3581; x_wconf 86' lang='lat' dir='ltr'><strong>Hebraeus</strong></span> <span class='ocrx_word' id='word_1_287' title='bbox 603 3522 722 3598; x_wconf 89' lang='lat' dir='ltr'><strong>reliquls</strong></span> <span class='ocrx_word' id='word_1_288' title='bbox 740 3529 838 3582; x_wconf 89' lang='lat' dir='ltr'><strong>censet</strong></span> <span class='ocrx_word' id='word_1_289' title='bbox 854 3523 1025 3600; x_wconf 87' lang='lat' dir='ltr'><strong>praecellere</strong></span> <span class='ocrx_word' id='word_1_290' title='bbox 1043 3523 1136 3582; x_wconf 91' lang='lat' dir='ltr'><strong>llbris.</strong></span> 
     </span>
    </p>

    <p class='ocr_par' dir='ltr' id='par_1_11' title="bbox 435 3617 1301 3698">
     <span class='ocr_line' id='line_1_34' title="bbox 435 3617 1301 3698; baseline 0.002 -22"><span class='ocrx_word' id='word_1_291' title='bbox 435 3617 570 3696; x_wconf 83' lang='lat' dir='ltr'><strong>Quinque</strong></span> <span class='ocrx_word' id='word_1_292' title='bbox 588 3627 675 3680; x_wconf 83' lang='lat' dir='ltr'><strong>vocat</strong></span> <span class='ocrx_word' id='word_1_293' title='bbox 691 3622 804 3698; x_wconf 84' lang='lat' dir='ltr'><strong>legem,</strong></span> <span class='ocrx_word' id='word_1_294' title='bbox 825 3622 950 3698; x_wconf 90' lang='lat' dir='ltr'><strong>reliquos</strong></span> <span class='ocrx_word' id='word_1_295' title='bbox 970 3621 1035 3681; x_wconf 85' lang='lat' dir='ltr'><strong>vult</strong></span> <span class='ocrx_word' id='word_1_296' title='bbox 1056 3637 1119 3681; x_wconf 89' lang='lat' dir='ltr'><strong>esse</strong></span> <span class='ocrx_word' id='word_1_297' title='bbox 1135 3619 1301 3696; x_wconf 86' lang='lat' dir='ltr'><strong>prophetas.</strong></span> 
     </span>
    </p>

    <p class='ocr_par' dir='ltr' id='par_1_12' title="bbox 438 3713 1386 3797">
     <span class='ocr_line' id='line_1_35' title="bbox 438 3713 1386 3797; baseline 0.002 -23"><span class='ocrx_word' id='word_1_298' title='bbox 438 3713 509 3775; x_wconf 87' lang='lat' dir='ltr'><strong>Post</strong></span> <span class='ocrx_word' id='word_1_299' title='bbox 524 3715 731 3796; x_wconf 80' lang='lat' dir='ltr'><strong>Agiographa,</strong></span> <span class='ocrx_word' id='word_1_300' title='bbox 746 3726 815 3779; x_wconf 89' lang='lat' dir='ltr'><strong>suut</strong></span> <span class='ocrx_word' id='word_1_301' title='bbox 832 3719 950 3797; x_wconf 79' lang='lat' dir='ltr'><strong>Daniel,</strong></span> <span class='ocrx_word' id='word_1_302' title='bbox 968 3719 1081 3796; x_wconf 85' lang='lat' dir='ltr'><strong>David,</strong></span> <span class='ocrx_word' id='word_1_303' title='bbox 1099 3717 1204 3778; x_wconf 86' lang='lat' dir='ltr'><strong>Esther</strong></span> <span class='ocrx_word' id='word_1_304' title='bbox 1224 3725 1254 3778; x_wconf 87' lang='lat' dir='ltr'><strong>et</strong></span> <span class='ocrx_word' id='word_1_305' title='bbox 1270 3717 1386 3792; x_wconf 81' lang='lat' dir='ltr'><strong>Esdras3</strong></span> 
     </span>
    </p>

    <p class='ocr_par' dir='ltr' id='par_1_13' title="bbox 438 3812 1194 3894">
     <span class='ocr_line' id='line_1_36' title="bbox 438 3812 1194 3894; baseline 0.005 -23"><span class='ocrx_word' id='word_1_306' title='bbox 438 3812 517 3890; x_wconf 85' lang='lat' dir='ltr'><strong>Job,</strong></span> <span class='ocrx_word' id='word_1_307' title='bbox 536 3813 794 3894; x_wconf 87' lang='lat' dir='ltr'><strong>Paralipomenon,</strong></span> <span class='ocrx_word' id='word_1_308' title='bbox 815 3824 844 3877; x_wconf 89' lang='lat' dir='ltr'><strong>et</strong></span> <span class='ocrx_word' id='word_1_309' title='bbox 862 3823 921 3877; x_wconf 88' lang='lat' dir='ltr'><strong>tres</strong></span> <span class='ocrx_word' id='word_1_310' title='bbox 937 3817 1005 3877; x_wconf 90' lang='lat' dir='ltr'><strong>llbri</strong></span> <span class='ocrx_word' id='word_1_311' title='bbox 1022 3815 1194 3877; x_wconf 90' lang='lat' dir='ltr'><strong>Salomonis.</strong></span> 
     </span>
    </p>

    <p class='ocr_par' dir='ltr' id='par_1_14' title="bbox 436 3909 1133 3991">
     <span class='ocr_line' id='line_1_37' title="bbox 436 3909 1133 3991; baseline 0.001 -21"><span class='ocrx_word' id='word_1_312' title='bbox 436 3909 499 3970; x_wconf 91' lang='lat' dir='ltr'><strong>Lex</strong></span> <span class='ocrx_word' id='word_1_313' title='bbox 520 3917 604 3973; x_wconf 85' lang='lat' dir='ltr'><strong>vetus</strong></span> <span class='ocrx_word' id='word_1_314' title='bbox 623 3912 670 3972; x_wconf 90' lang='lat' dir='ltr'><strong>his</strong></span> <span class='ocrx_word' id='word_1_315' title='bbox 689 3913 771 3974; x_wconf 89' lang='lat' dir='ltr'><strong>llbris</strong></span> <span class='ocrx_word' id='word_1_316' title='bbox 792 3913 917 3991; x_wconf 83' lang='lat' dir='ltr'><strong>perlecta</strong></span> <span class='ocrx_word' id='word_1_317' title='bbox 933 3919 996 3974; x_wconf 88' lang='lat' dir='ltr'><strong>tota</strong></span> <span class='ocrx_word' id='word_1_318' title='bbox 1010 3919 1133 3974; x_wconf 89' lang='lat' dir='ltr'><strong>tenetur.</strong></span> 
     </span>
    </p>

    <p class='ocr_par' dir='ltr' id='par_1_15' title="bbox 437 4007 1217 4090">
     <span class='ocr_line' id='line_1_38' title="bbox 437 4007 1217 4090; baseline 0.003 -23"><span class='ocrx_word' id='word_1_319' title='bbox 437 4007 560 4070; x_wconf 82' lang='lat' dir='ltr'><strong>Restant</strong></span> <span class='ocrx_word' id='word_1_320' title='bbox 579 4011 765 4090; x_wconf 88' lang='lat' dir='ltr'><strong>apocrypha,</strong></span> <span class='ocrx_word' id='word_1_321' title='bbox 782 4011 883 4089; x_wconf 78' lang='lat' dir='ltr'><strong>lesus,</strong></span> <span class='ocrx_word' id='word_1_322' title='bbox 906 4010 1073 4088; x_wconf 85' lang='lat' dir='ltr'><strong>Sapientia,</strong></span> <span class='ocrx_word' id='word_1_323' title='bbox 1094 4011 1217 4086; x_wconf 85' lang='lat' dir='ltr'><strong>Pastor,</strong></span> 
     </span>
    </p>

    <p class='ocr_par' dir='ltr' id='par_1_16' title="bbox 437 4105 1224 4189">
     <span class='ocr_line' id='line_1_39' title="bbox 437 4105 1224 4189; baseline 0.001 -23"><span class='ocrx_word' id='word_1_324' title='bbox 437 4105 475 4166; x_wconf 79' lang='lat' dir='ltr'><strong>ut</strong></span> <span class='ocrx_word' id='word_1_325' title='bbox 495 4105 739 4170; x_wconf 87' lang='lat' dir='ltr'><strong>Macbabaeorum</strong></span> <span class='ocrx_word' id='word_1_326' title='bbox 759 4109 846 4189; x_wconf 86' lang='lat' dir='ltr'><strong>libri,</strong></span> <span class='ocrx_word' id='word_1_327' title='bbox 867 4107 1224 4188; x_wconf 58' lang='lat' dir='ltr'><strong>sacrumfactum.</strong></span> 
     </span>
    </p>
   </div>
   <div class='ocr_carea' id='block_1_7' title="bbox 365 4298 654 4370">
    <p class='ocr_par' dir='ltr' id='par_1_17' title="bbox 365 4298 654 4370">
     <span class='ocr_line' id='line_1_40' title="bbox 365 4298 654 4370; baseline 0.021 -20"><span class='ocrx_word' id='word_1_328' title='bbox 365 4298 654 4370; x_wconf 62' lang='lat' dir='ltr'><strong>mmmm</strong></span> 
     </span>
    </p>
   </div>
   <div class='ocr_carea' id='block_1_8' title="bbox 0 0 1516 5178">
    <p class='ocr_par' dir='ltr' id='par_1_18' title="bbox 0 0 1516 5178">
     <span class='ocr_line' id='line_1_41' title="bbox 0 0 1516 5178; baseline 0 1"><span class='ocrx_word' id='word_1_329' title='bbox 0 0 1516 5178; x_wconf 95' lang='lat' dir='ltr'><strong> </strong></span> 
     </span>
    </p>
   </div>
  </div>
 </body>
</html>
