3070 5180
449 393 450 396 ,
527 389 567 400 „..
589 366 624 418 3⁷
646 391 686 402 ....

68 474 231 548 expressius
252 471 406 550 transadi3
428 487 516 550 quern
540 473 649 534 librum
661 473 751 534 editio
771 474 898 552 Vulgata
912 475 1059 536 laciniosis
1077 477 1150 540 hine

69 573 129 634 inde
148 571 311 632 verborum
331 571 438 632 linibus
457 571 567 649 trahit,
590 573 698 634 addens
722 589 776 650 aa,
791 589 867 650 quae
889 591 924 634 eo
941 581 1070 652 tempore
1088 577 1148 636 diei

69 676 200 748 poterant
223 676 254 729 et
274 669 385 746 audiri,
407 671 482 730 siem
496 671 614 732 solihrm
626 678 672 730 eet
692 671 872 732 scholaribus
884 672 1056 749 diseiplinis,
1071 690 1149 734 sum·

70 777 113 844 pto
135 770 270 828 themate
287 770 467 844 emogltare,
487 768 595 843 quihus
622 769 718 828 verbis
740 771 785 828 uti
801 771 911 845 pomit,
934 773 985 846 qui
1010 773 1148 848 injurium

70 881 168 942 passns
192 871 254 942 ast,
281 866 328 926 vel
347 867 398 941 qui
417 867 554 942 iniuriam
571 867 651 926 leoli.
682 866 745 926 Vos
763 871 863 926 autem
877 867 970 928 Perde
991 873 1021 928 et
1044 868 1147 928 Eusto-

68 965 183 1040 mlum,
197 966 340 1042 quoniam
354 969 384 1024 et
398 963 592 1030 Bibliotheoas
605 964 796 1024 hebraeorum
809 965 961 1026 studuistis
978 967 1101 1043 haume,
1115 971 1147 1028 et

69 1066 258 1138 interpretum
274 1065 434 1124 eertamina
449 1061 676 1138 oompmbastis,
696 1068 826 1122 tenenoes
851 1063 955 1124 Esther
979 1063 1148 1124 hebraicum

69 1161 172 1222 lihmm
184 1177 240 1236 per
250 1160 369 1237 singula
380 1160 471 1220 umba
485 1166 616 1221 nostram
635 1161 855 1220 translationem
875 1163 994 1240 aspicite
1006 1167 1063 1222 ete.
1083 1187 1096 1212 ι
1112 1163 1149 1222 In

68 1261 244 1320 Hieremiam
259 1259 315 1336 (1),
340 1258 377 1320 de
396 1258 471 1320 libro
490 1259 606 1320 aneh
621 1261 676 1318 eit:
697 1259 850 1321 «Libellus
868 1262 923 1320 iste
943 1277 1004 1320 non
1024 1259 1150 1320 hahetur

68 1359 138 1436 apud
157 1357 318 1433 hebraeos,
340 1364 370 1416 et
387 1357 661 1434 Pseudeplgraphon
680 1357 840 1432 prtolam
855 1357 1017 1418 Hieremiae
1032 1373 1143 1434 nequa·

69 1473 152 1532 quun
170 1456 274 1516 eausui
289 1454 522 1516 disserendam.»
540 1455 653 1516 Pariter
669 1457 704 1514 in
723 1454 903 1530 praefatione
926 1445 964 1514 ad
984 1455 1147 1517 Hieremiae
1223 1443 1226 1449 ’

69 1556 323 1614 eommentarium:
343 1551 494 1612 «Librum
512 1559 611 1614 nutem
638 1553 755 1614 Barueh
771 1555 877 1612 notarii
895 1553 1068 1628 Hieremiae,
1093 1557 1146 1630 qui

70 1653 141 1728 apud
157 1651 302 1712 hebraeos
322 1667 378 1710 neo
396 1637 501 1728 legitur
514 1667 568 1710 neo
586 1651 727 1726 habetur,
746 1652 1010 1728 praetermisimus3
1031 1667 1085 1726 pro
1101 1651 1149 1712 his

70 1749 223 1810 maledieta
243 1748 281 1810 ab
297 1748 432 1808 omnibus
462 1749 669 1824 praestolantes
692 1748 798 1824 quihus
820 1765 868 1808 ma
893 1765 1010 1808 naomse
1032 1755 1077 1808 est
1097 1765 1149 1824 per

69 1849 182 1924 singula
192 1847 335 1923 opuscula
345 1847 533 1922 mwndere:
553 1872 565 1898 υ
582 1845 748 1923 Aliquando
761 1845 859 1906 verbis
869 1847 1032 1908 aTohiaet
1042 1847 1151 1908 iudith

69 1947 161 2020 petitis
183 1961 271 2020 usus,
284 1944 359 2004 hano
380 1947 554 2007 sententiam
565 1946 720 2004 interserit:
737 1942 790 2002 «St
804 1946 869 2020 quis
887 1944 951 2006 vult
965 1945 1084 2021 lihmm,
1098 1946 1147 2006 vel

69 2046 269 2104 auctoritatem
289 2045 374 2104 istius
394 2042 742 2118 recipere.;re1,Steui
761 2043 856 2116 placet
868 2042 946 2101 hune
965 2045 1090 2118 resipere
1109 2043 1149 2103 li·

69 2141 159 2202 hrum.
171 2166 185 2190 ι»
198 2143 236 2200 In
245 2140 395 2200 Danielem
404 2140 629 2217 (aiProphetam
641 2140 751 2200 scribit:
766 2140 866 2200 «Haeo
878 2139 986 2198 ideireo
999 2139 1104 2214 refero,
1116 2147 1152 2200 ιιι

70 2239 270 2300 diifieulmtem
284 2239 369 2298 vohis
388 2239 517 2300 Danielis
534 2238 736 2314 ostenderem,
758 2239 810 2314 qui
828 2238 907 2312 apud
926 2238 1082 2314 hebraeos,
1096 2253 1152 2298 noe

70 2337 217 2398 Sosannae
237 2337 326 2396 hnhet
344 2336 516 2413 historiarn,
544 2353 598 2396 nee
626 2336 770 2414 hymnum
790 2337 879 2397 trium
896 2333 1076 2412 lpuerorum,
1097 2351 1152 2394 nee

71 2435 142 2511 Heli,
165 2435 362 2510 draoonisqne
382 2433 508 2494 tabulas.
528 2459 541 2486 a
565 2435 603 2494 In
620 2434 679 2494 fine
698 2435 898 2495 eommentarll
922 2433 1005 2492 addit
1024 2433 1085 2494 lore
1099 2449 1149 2492 ea·

71 2533 131 2592 dem
142 2532 246 2592 verba:
266 2556 280 2581 o
291 2521 437 2607 Expositis
451 2535 539 2608 juxte
551 2531 732 2608 hebraicum,
747 2548 822 2608 quae
831 2533 1016 2592 eontinentur
1029 2534 1061 2590 in
1075 2530 1153 2590 libro

71 2630 196 2690 Dentatis
220 2630 398 2707 Prophetae,
417 2630 544 2690 breviter
562 2645 725 2707 exponam,
744 2630 816 2706 quid
832 2629 973 2706 Origenes
991 2632 1023 2688 in
1037 2630 1153 2700 decimo

71 2727 248 2788 stromatum
272 2743 392 2788 amium
410 2727 486 2788 libro
505 2728 543 2786 de
559 2717 710 2788 Susannae
731 2735 760 2788 et
776 2728 838 2788 Beli
861 2728 969 2788 fabulis
996 2728 1112 2788 dixerit.
1133 2752 1146 2778 e

70 2826 108 2884 De
124 2826 202 2886 libro
221 2825 343 2902 iudith,
361 2833 396 2886 ut
415 2825 502 2901 paulo
522 2833 609 2886 antea
625 2827 730 2902 retolli,
757 2827 835 2901 apud
851 2826 991 2886 hebraeos
1008 2828 1063 2886 iste
1076 2824 1150 2886 lih'ar

72 2925 141 2984 inter
160 2925 331 3002 apocrypha
349 2925 470 3002 legitur,
485 2928 568 3002 eujus
582 2927 740 2986 auotoritas
754 2924 792 2983 ad
808 2925 972 2986 roboranda
988 2926 1059 3000 illa,
1075 2941 1152 3000 quae

73 3025 100 3080 in
125 3026 343 3082 eontentionem
368 3026 506 3100 veniunt,
525 3026 622 3082 minus
643 3024 748 3082 idonea
769 3023 952 3098 judicatur.»
969 3023 1043 3082 Item
1062 3026 1094 3082 in
1114 3022 1149 3081 li·

70 3119 152 3178 bmm
179 3119 290 3178 Tobiae
306 3119 345 3178 ad
364 3123 512 3196 episeopoe
531 3119 731 3180 Chromatium
752 3126 782 3180 et
793 3119 995 3180 Heliodorum:
1016 3143 1029 3170 «
1047 3119 1152 3182 tium

71 3234 125 3276 non
141 3218 245 3278 desino
258 3221 418 3278 mectioms
434 3226 548 3280 vernae
558 3221 750 3295 instantiam,
762 3220 878 3294 exigitis
898 3220 977 3278 enim
986 3223 1020 3276 nt
1033 3216 1071 3276 ad
1084 3217 1151 3278 lati·

71 3331 137 3374 nam
151 3317 264 3394 stylum
272 3317 389 3376 trahem
401 3317 509 3376 Tobiae
519 3318 626 3376 librum
637 3318 776 3376 chaldaeo
789 3333 921 3376 sermone
934 3317 1149 3390 oonsoriptum3

72 3414 177 3474 libmm
189 3417 290 3491 ntique
304 3415 427 3490 Tobiae,
439 3431 524 3491 mmm
548 3414 665 3474 hebraei
683 3416 719 3474 de
732 3416 865 3492 catalogo
886 3415 1054 3476 divinarum
1072 3411 1149 3474 Sori-

71 3519 222 3585 pturarnm
231 3518 362 3572 secantes
372 3512 429 3588 his,
442 3529 516 3588 quae
530 3514 697 3590 apocrypha
714 3519 894 3589 memorant,
905 3514 1117 3587 manciparunt.
1134 3535 1146 3560 ι

106 3609 130 3666 Ε
151 3611 269 3684 seriptis
288 3609 365 3668 beati
377 3609 548 3687 Hieronymi
564 3613 722 3670 sententiae
732 3613 805 3670 istae
821 3609 1036 3686 quodammodo
1048 3613 1151 3668 eontra

72 3705 163 3766 Biblia
189 3707 476 3766 Beatam-Canonioa
504 3710 610 3767 veteris
639 3708 782 3783 foederis,
812 3714 944 3784 sumptae
964 3712 1042 3766 sunt.
1065 3705 1151 3764 Nune

73 3803 153 3862 nobis
174 3803 380 3878 inquirendum
404 3809 450 3864 est
469 3804 610 3880 quidquid
634 3821 687 3880 pro
713 3821 814 3864 eornm
834 3805 983 3864 librorum·
998 3804 1151 3864 divinitate

73 3901 138 3960 alibi
158 3905 395 3977 pronuntiaverit
412 3903 522 3964 dontor.
539 3904 616 3962 Ante
632 3907 730 3964 omnia
747 3919 851 3980 operae
870 3907 1014 3980 praetium
1031 3906 1089 3964 erit
1098 3902 1151 3962 oh·

73 4015 185 4059 umere
199 3999 297 4060 Sancti
318 4007 457 4078 aetatem
478 4001 543 4062 loen
561 4008 591 4060 et
616 4004 868 4078 ebeumstantias,
896 4004 928 4062 in
945 4002 1051 4079 quibus
1072 4000 1150 4060 idem

73 4097 221 4157 scribebat.
247 4098 379 4158 Primum
395 4100 513 4176 quidem
533 4102 638 4160 mentis
658 4099 736 4160 illius
750 4106 862 4162 aestum
885 4099 1150 4164 animadvertamus

97 4291 131 4352 (t)
146 4293 331 4344 antevenere
348 4297 415 4346 lov.
425 4309 449 4358 p.
463 4300 517 4346 745.
526 4321 556 4334 -
566 4294 601 4360 (i)
616 4299 685 4358 Tom.
697 4299 728 4346 V.
739 4310 764 4360 p.
775 4301 842 4346 tito.u
