2964 5174
801 419 980 469 -120-

348 531 418 586 runt
431 531 576 586 tormenta
588 542 663 602 quae
675 525 850 584 videbantur
863 533 892 584 et
905 529 1038 586 vicerunt
1054 532 1215 602 tyranmm
1234 533 1345 603 septem
1362 547 1422 592 san.

347 627 386 683 cti
405 627 497 701 pueri.
512 649 525 674 ι
543 625 577 682 In
593 640 740 683 sermone:
755 624 792 700 (1)
808 650 820 674 «
833 625 946 684 Placuit
960 624 1081 682 Henoch
1091 623 1198 701 Deo,et
1209 640 1274 682 non
1289 634 1423 702 apparuit.

358 769 470 829 «Pater
481 770 553 829 haee
571 770 661 829 verba
672 771 798 846 explicat
817 787 834 828 e
852 771 928 830 libro
945 771 1140 829 Ecclesiastici
1163 769 1284 830 dicens:
1310 739 1356 827 tr’»
1375 743 1425 849 >0⁹21

350 885 493 978 ιιέυἰὲι
513 888 628 1012 ἐφ’
640 885 940 992 dahti&
956 883 1085 1004 τῶ,
1101 924 1123 979 r.
1138 922 1279 981 emam
1293 921 1428 984 vautra

349 1020 427 1079 noch
439 1024 491 1097 qui
507 1024 656 1098 ingressus
670 1029 714 1081 est
727 1025 760 1082 in
773 1023 942 1098 paradisum
960 1024 992 1079 in
1007 1021 1155 1082 doloribus
1168 1025 1365 1098 poenitentiae
1377 1029 1429 1083 ani-

351 1135 427 1178 mae.
443 1145 455 1170 »
473 1120 553 1178 Haec
571 1120 661 1178 verba
678 1127 795 1197 sumpta
816 1126 886 1179 sunt
904 1120 1013 1179 edicta
1029 1118 1198 1196 Scriptura,
1219 1121 1275 1179 ubi
1299 1123 1427 1196 scriptum

346 1223 412 1276 est:
428 1242 441 1267 ι
453 1218 575 1277 Henoch
593 1218 703 1294 placuit
717 1218 797 1294 Deo,
817 1226 847 1277 et
865 1219 1025 1278 translatus
1036 1225 1081 1277 est
1100 1220 1132 1276 in
1142 1219 1334 1293 paradisum,
1348 1226 1376 1278 et
1387 1222 1427 1279 da-

348 1321 397 1373 tus
411 1315 468 1374 fnit
482 1318 514 1374 in
526 1318 735 1392 poenitentiam
747 1317 892 1394 gentibus.
908 1341 920 1366 ι
938 1317 1017 1375 Inter
1031 1317 1110 1375 iilius
1123 1319 1252 1392 scripta,
1270 1333 1347 1392 quae
1360 1333 1427 1393 grae

350 1413 555 1489 cohabentur,
571 1417 604 1471 in
624 1431 757 1472 sermone
775 1413 813 1473 ad
832 1416 1024 1472 imitationem
1034 1413 1265 1473 Proverbiorum
1283 1413 1323 1473 ad
1338 1413 1427 1474 Siraci

347 1509 457 1568 librum
478 1511 619 1587 appellat:
638 1511 677 1587 (a)
698 1511 828 1570 «Beatus
847 1515 899 1587 qui
912 1512 1020 1570 bonam
1041 1514 1208 1587 auspicatus
1223 1511 1317 1570 fuerit
1335 1513 1425 1590 vitam

349 1615 436 1684 atque
449 1611 491 1667 ita
508 1610 680 1686 perfecerit,
694 1617 728 1669 ut
745 1611 871 1669 bomine
884 1611 1012 1687 placeat:
1027 1612 1192 1682 Γέγραπται,
1208 1613 1223 1664 ὁ
1237 1613 1319 1682 τιμᾶν
1341 1611 1427 1683 narica

348 1706 555 1781 εὐφρανθήσεται
569 1708 613 1762 ἐπὶ
624 1710 732 1772 τέκνοις,
744 1712 789 1762 καὶ
805 1710 830 1761 ἐν
841 1707 927 1782 ἡμέρᾳ
940 1711 1090 1780 προσευχῆς
1107 1707 1190 1761 αὐτοῦ
1204 1705 1426 1770 εἷσακουθιίσετιιι,

349 1801 370 1856 i.
386 1816 413 1858 e.
428 1799 574 1875 Scriptum
596 1806 658 1876 est,
681 1803 732 1878 qui
760 1801 885 1859 honorat
908 1807 1042 1876 patrem,
1062 1797 1280 1876 jucundabitur
1299 1801 1331 1856 in
1351 1797 1425 1875 filiis,

350 1899 429 1956 etin
444 1899 492 1956 die
511 1901 652 1958 orationis
671 1900 750 1958 illius
771 1900 953 1959 exaudietur.
969 1923 982 1950 ι
1002 1898 1045 1957 De
1062 1897 1190 1958 secundo
1210 1897 1343 1956 adventu
1358 1913 1423 1954 eum-

349 1996 417 2054 dem
436 1996 640 2074 iibrumiegit,
659 1997 808 2072 captia)
827 1997 1073 2074 «Sifortelegere
1085 1997 1215 2072 nescias,
1235 1995 1344 2053 adhibe
1358 2011 1423 2069 eum,

351 2110 441 2169 aquo
462 2094 563 2153 audire
576 2110 688 2170 queas,
702 2101 789 2172 atque
802 2095 959 2171 proficere,
981 2096 1130 2168 γέγραπται
1145 2094 1214 2166 γάρ,
1229 2091 1276 2146 ἕιὶι
1289 2091 1346 2162 ἴδῃς
1358 2090 1422 2164 rep

349 2193 471 2255 συνετόν,
485 2191 585 2265 ὅρθριζε
608 2196 672 2268 πρός
687 2194 783 2256 αότόν,
804 2197 847 2248 rui
868 2192 990 2264 βαθμούς
1004 2191 1085 2266 θυρῶν
1101 2193 1182 2247 αὐτοῦ
1197 2191 1336 2264 ἔκτριβέτω
1350 2191 1423 2252 darie

349 2305 416 2359 σοι,
431 2287 452 2342 i.
468 2302 496 2344 e.
512 2285 658 2360 Scriptum
673 2291 717 2344 est
732 2289 832 2362 enim,
853 2289 880 2344 si
898 2285 1008 2344 rideris
1023 2287 1123 2344 virum
1140 2291 1311 2358 sensatum,
1331 2281 1421 2358 erigite

350 2381 388 2440 ad
399 2399 487 2457 eum,
512 2388 541 2442 et
563 2383 672 2460 gradm
691 2385 832 2442 ostiorum
848 2384 927 2442 illius
943 2389 1056 2442 exterat
1068 2399 1120 2458 pes
1133 2389 1213 2440 tuus.
1228 2407 1242 2432 ι
1260 2381 1308 2440 Ad
1321 2379 1421 2454 Sapieu

348 2481 407 2536 tiae
429 2479 537 2538 librum
552 2480 630 2538 idem
644 2484 768 2540 vertitur
786 2484 817 2538 in
831 2481 913 2540 illud.
929 2481 967 2557 (4)
986 2505 999 2531 ι
1016 2480 1143 2539 Attende
1161 2479 1299 2555 tibiipsi.
1323 2477 1420 2536 Sustine

350 2577 441 2651 igitur
454 2577 612 2636 Dominum
625 2580 714 2638 electe
729 2580 793 2654 Dei,
808 2585 842 2638 ut
855 2581 906 2655 qui
919 2579 1008 2638 modo
1023 2578 1060 2654 (5)
1078 2578 1421 2654 affliguntobstupeemt

351 2676 383 2731 in
403 2675 569 2734 admirabili
587 2678 681 2736 salute
693 2684 766 2752 tua,
784 2677 822 2752 (6)
840 2676 933 2738 Ketis
951 2678 1218 2750 γέγραπται,δι’καιος
1233 2675 1279 2728 r'u'r
1294 2672 1381 2752 φὸρσῇ
1392 2693 1421 2722 ts·

349 2776 477 2831 λευτῆσαι
493 2817 500 2834 ,
515 2774 539 2826 ἐν
558 2776 703 2830 ἀναπαύσει
717 2776 804 2840 ἔσται,
819 2779 902 2849 γήρας
914 2777 965 2848 γάρ
979 2775 1074 2846 τίμιοι,
1090 2773 1119 2827 οὐ
1134 2775 1162 2828 ra'
1181 2772 1363 2844 πολυχρόνιοι,
1376 2769 1419 2820 οὐδὲ

354 2862 457 2935 deifluo)
472 2865 533 2918 ἐτῶν
548 2869 710 2940 pepercerat
725 2911 735 2942 ,
750 2869 771 2925 i.
787 2883 814 2925 e.
839 2867 920 2925 Sicut
936 2869 1077 2943 scriptum
1100 2872 1162 2940 est,
1179 2870 1280 2940 justus
1302 2865 1326 2920 si
1346 2864 1420 2918 morit

352 2971 580 3040 praeoccupatus
596 2965 705 3042 fuerit,
728 2969 761 3024 in
776 2966 927 3042 refrigerio
942 2968 1015 3040 erit,
1036 2971 1169 3022 senectus
1189 2966 1270 3022 anim
1287 2957 1419 3019 honorati

351 3058 407 3134 iis,
429 3077 490 3119 non
515 3062 672 3139 diuturna,
693 3080 788 3139 neque
812 3078 934 3121 numero
950 3078 1095 3120 annorum
1117 3066 1324 3136 computata.»
1339 3054 1419 3114 Etsic

350 3162 446 3233 pergit
460 3161 562 3218 doctor
580 3162 756 3220 verbotenus
770 3179 834 3237 cap.
852 3179 896 3220 ιν.
912 3169 941 3220 et
955 3179 987 3218 v.
1003 3161 1083 3218 iliius
1098 3160 1265 3234 scripturae
1282 3154 1418 3214 sententias

351 3274 511 3334 exponens.
534 3259 577 3316 De
590 3259 761 3318 Humilitate
781 3259 914 3318 eumdem
935 3259 1044 3317 librum
1057 3258 1187 3316 confert:
1210 3282 1223 3306 ι
1236 3257 1328 3328 Quem
1347 3253 1416 3308 inter·

352 3364 520 3431 rumpentes
538 3360 748 3417 sanctimoniae
764 3360 908 3433 cultores,
922 3357 1013 3432 bene,
1028 3358 1143 3432 inquit,
1158 3355 1281 3429 dixisti,
1295 3349 1368 3428 quod
1380 3361 1417 3403 ne

349 3457 460 3513 minem
478 3457 630 3532 Videmus,
652 3458 802 3528 Γέγραπται
829 3459 893 3528 γάρ,
915 3457 1100 3530 &metaphorae
1122 3454 1218 3516 αὐτούς
1237 3454 1256 3511 η’
1275 3449 1364 3510 κακία,
1383 3443 1416 3498 1²¹⁸

352 3552 404 3606 aritr'
422 3554 537 3624 ἔγνωσαν
559 3554 694 3626 μυστήρια
712 3559 795 3620 Θεοῦ,
810 3559 861 3614 i.e.
873 3556 1020 3632 Scriptum
1033 3561 1077 3614 es’t
1092 3554 1129 3630 (7)
1140 3543 1417 3614 mimz-Eiifflfflfflss

353 3664 403 3706 eos
424 3651 536 3709 malitia
556 3668 674 3728 eorum,
693 3659 723 3711 et
740 3655 908 3712 nescierunt
925 3659 1112 3712 sacramenta
1126 3651 1190 3708 Dei.
1206 3675 1219 3700 ι

392 3746 435 3804 De
455 3747 612 3808 Oratione:
630 3750 668 3825 (8)
689 3751 786 3809 «Tres
803 3755 886 3826 pueri
910 3753 942 3810 in
960 3753 1077 3808 camino
1095 3748 1276 3822 manebant,
1296 3744 1415 3803 animam·

350 3858 407 3919 que
425 3853 586 3920 posuerunt
605 3855 724 3923 propter
742 3849 860 3907 Domini
872 3849 1105 3922 mnfessionem,
1120 3847 1214 3904 nihilo
1228 3851 1324 3904 tamen
1337 3839 1414 3896 minus

348 3950 415 4016 post
426 3945 518 4018 talia,
532 3962 568 4004 ac
581 3953 665 4006 tanta
677 3965 766 4022 opera
778 3948 874 4023 bona,
889 3951 973 4024 ajunt
982 3950 1071 4024 juxta
1085 3945 1292 4020 Septuaginta:
1316 3939 1350 4013 (9)
1361 3935 1411 3987 '0²¹²
1468 3973 1469 3985 ι

376 4171 413 4235 (1)
432 4175 504 4222 rom.
516 4175 548 4221 11.
579 4187 606 4236 p.
618 4177 784 4226 arsetam.
802 4189 824 4225 ι.
836 4177 924 4225 xxrv.
947 4201 979 4213 -
998 4175 1034 4238 (ι)
1052 4178 1122 4224 rom.
1135 4177 1157 4223 1.
1176 4187 1202 4236 p.
1223 4179 1261 4224 sa.
1274 4167 1334 4222 rea.
1350 4175 1369 4212 ι.
1377 4157 1410 4207 111·

353 4277 385 4289 -
398 4251 434 4315 (³)
455 4256 518 4303 rom
538 4255 609 4316 mr.
622 4262 676 4306 roo.
688 4257 764 4320 -(s)
779 4259 849 4306 rom.
862 4255 1228 4321 rpem-(amem.
1241 4243 1408 4311 7.-<etrm·

349 4335 370 4381 l·
384 4349 410 4399 p·
422 4339 461 4384 94.
470 4361 502 4372 -
511 4335 547 4396 (7)
556 4337 613 4398 Sap.
622 4348 645 4384 c.
654 4338 686 4385 11.
699 4344 737 4386 at.
750 4363 780 4374 -
799 4338 912 4401 (8)Tom.
925 4345 948 4388 8.
960 4352 985 4401 p.
998 4342 1054 4388 458.
1064 4337 1140 4400 -(9)
1150 4339 1238 4388 Dm.
1249 4336 1291 4384 111.
1302 4335 1336 4380 at.
