3094 5176
551 417 591 432 -
615 393 670 446 iit
692 417 732 430 —·

98 509 249 566 ostentant
268 501 429 564 adversarii
452 504 484 562 ln
503 501 579 563 libro
594 469 691 580 primo
711 500 984 580 Machabaeorum3
1013 503 1052 580 (ι)
1076 509 1106 564 et
1125 505 1181 565 hoc

99 607 236 660 versatur
260 602 338 660 circa
363 601 477 660 romani
502 601 617 677 imperii
642 601 880 677 institutionem,
909 606 971 660 tum
997 616 1065 660 oum
1089 601 1180 662 tuias
1295 619 1298 628 ’

101 697 299 759 Machabaeus
316 697 505 758 hebraeorum
525 697 733 774 rempublicam
748 697 875 775 gerebat.
892 697 977 772 Quod
991 703 1089 759 autem
1103 699 1180 760 hauc

99 797 259 876 antilogloe
279 797 404 874 speciem
429 797 600 873 consuluit,
627 798 659 856 ln
680 797 726 857 lrls
749 795 846 858 verbis
867 799 1009 873 reperitur
1031 797 1091 874 l²l²
1118 797 1181 859 «Et

98 897 286 956 committunt
307 895 360 955 uni
383 894 496 954 homini
518 895 723 973 magistratum
746 909 832 955 suum
857 911 909 972 per
935 896 1066 974 singulos
1087 911 1181 957 annos

97 995 245 1054 dominari
264 996 418 1054 universae
442 999 536 1054 terrae
558 1008 648 1069 suae,
670 999 699 1053 ct
718 1007 819 1052 omnes
839 993 977 1054 obediunt
998 996 1061 1053 uni.
1088 1019 1100 1045 ι
1124 993 1179 1055 llis

98 1093 220 1170 verbis,
245 1093 402 1170 inquiunt,
424 1092 555 1152 historici
574 1106 695 1168 omnes,
716 1093 768 1168 qui
791 1106 978 1152 romanorum
998 1107 1045 1152 res
1065 1099 1176 1168 pertra-

98 1195 235 1268 ctarunt,
256 1189 452 1268 refragantur.

139 1291 202 1352 Nos
221 1306 292 1350 vero
314 1289 351 1350 da
364 1305 448 1349 soora
462 1305 530 1348 oum
550 1288 672 1348 historia
685 1288 809 1364 prolana
821 1291 1026 1350 convenientia
1040 1291 1177 1368 solliciti,

99 1389 200 1449 sedulo
220 1389 417 1466 expendamus
435 1387 529 1446 divini
549 1389 697 1461 scriptoris
717 1393 843 1447 mentem
861 1390 891 1446 in
909 1387 968 1448 illis
988 1389 1179 1450 enuntiandis

99 1486 208 1547 verbis.
235 1484 535 1546 Animadvertendum
549 1491 593 1545 est
605 1486 749 1562 primum,
763 1483 1009 1546 Machoboeorum
1029 1491 1178 1547 euchrom

101 1589 290 1664 praenotasse
304 1585 335 1644 ln
350 1585 517 1644 namadono
531 1581 568 1644 de
580 1597 615 1642 ea
629 1587 728 1660 gente:
749 1583 813 1642 «itt
823 1585 854 1643 in
866 1583 1001 1644 omnihus
1015 1585 1079 1644 istis
1091 1599 1179 1644 nomo

97 1683 234 1762 portabat
253 1681 406 1759 diadema,
428 1697 522 1758 nequa
535 1679 709 1741 induebatur
726 1697 874 1759 purpura,
895 1688 929 1742 ut
941 1681 1178 1760 magnmoarotur

98 1783 129 1841 in
148 1797 193 1841 aa.
216 1781 254 1840 lit
274 1782 344 1859 quia
360 1782 473 1840 curiam
491 1779 623 1839 lecerunt
635 1778 713 1855 sibl,
733 1786 763 1838 et
776 1780 905 1855 quotidie
918 1779 1109 1840 consulebant
1122 1785 1179 1840 tre·

97 1885 197 1940 centos
211 1879 341 1956 viginti,
362 1876 518 1937 consillum
531 1883 650 1953 agentes
664 1874 700 1936 de
714 1875 921 1953 multitudiue,
945 1885 979 1938 ut
998 1894 1073 1954 quae
1086 1877 1178 1955 digno

97 1983 193 2052 sunt,
221 1983 360 2054 gerant.»
385 1975 419 2034 ln
440 1975 497 2035 hac
519 1977 661 2034 sententia
682 1981 779 2051 aperte
804 1981 906 2036 auotm·
930 1975 1176 2036 Machoboeorum

95 2075 230 2136 cohaeret
247 2075 429 2136 ethnicorum
448 2073 598 2150 historiis,
620 2073 670 2150 qul
685 2077 768 2150 alunt
781 2089 933 2134 romanum
949 2076 1103 2150 imperium
1117 2077 1176 2134 ari·

96 2175 303 2251 stocratioum,
324 2189 376 2234 seu
394 2172 497 2232 melius
514 2171 741 2232 democraticum
759 2171 859 2232 brisce.
883 2173 964 2247 Quae
987 2188 1056 2232 vero
1074 2177 1176 2248 postea

4 2335 5 2342 χ
96 2279 277 2352 ιιιιιιιιιιιιιιι,
298 2272 349 2332 ubl
370 2271 494 2332 dicitur:
521 2269 707 2330 «Consilium
728 2277 847 2348 agentes
868 2269 904 2330 de
918 2269 1124 2348 multitudine,
1143 2279 1177 2333 ut

97 2387 172 2450 quae
193 2371 283 2449 digna
300 2377 392 2448 sunt,
414 2374 538 2450 gerant;
556 2375 585 2428 et
600 2371 786 2428 committunt
800 2371 1003 2446 magistratum
1022 2385 1108 2428 suum
1123 2370 1176 2429 uni

97 2470 210 2532 homini
222 2485 274 2547 per
294 2469 425 2547 singulos
442 2483 535 2528 annos
551 2473 635 2528 eto.»
659 2468 701 2527 lta
717 2467 931 2544 expanduntur.
948 2465 980 2528 Si
998 2467 1176 2528 Dictaturam

96 2569 127 2628 lu
149 2565 208 2632 illis
227 2569 432 2652 interpretatus
445 2567 556 2644 oreris,
577 2581 637 2625 non
657 2569 802 2644 congruit;
825 2570 932 2645 quippe
949 2569 1000 2644 qui
1020 2574 1103 2627 extra
1126 2583 1173 2626 or·

5 2727 7 2752 Ι
97 2665 195 2726 dinan
212 2673 242 2728 et
258 2670 290 2726 in
310 2665 397 2727 rebus
415 2663 584 2726 dillicillhus
605 2669 720 2726 tautum
741 2663 930 2743 designatis,
951 2667 976 2726 sl
991 2669 1088 2725 autem
1102 2679 1170 2724 con·

5 2753 7 2866 ,
98 2765 191 2826 sulem
209 2767 241 2826 ln
265 2781 300 2826 oo
324 2767 497 2844 magistratu
519 2766 668 2841 accipias,
698 2763 735 2824 ad
761 2771 887 2824 mentem
911 2763 1004 2825 divini
1025 2764 1175 2840 scriptoris

96 2867 262 2926 mcessorls.
285 2865 327 2924 De
346 2863 514 2924 consulibus
533 2865 611 2924 enlm
629 2879 786 2942 eorumque
809 2879 929 2924 munere
952 2863 1069 2924 disserit
1090 2877 1176 2938 saepe

95 2961 218 3039 Livius,
240 2967 269 3020 et
289 2963 459 3039 praesertim
477 2962 508 3021 ln
523 2962 589 3022 libri
616 2979 654 3020 ιι.
673 2965 775 3021 initio:
803 2987 815 3014 ι
837 2961 957 3023 Sublata
980 2961 1173 3036 monarchia,

96 3059 217 3134 scribit,
229 3058 370 3119 libertatis
389 3065 486 3118 autam
506 3061 648 3135 originem
668 3059 735 3118 inde
749 3061 863 3136 magis,
885 3061 955 3137 quia
973 3075 1103 3119 annuum
1118 3061 1174 3116 lm·

6 3231 7 3236 γ
95 3159 209 3234 perium
228 3155 380 3216 consulare
405 3155 597 3232 factumest,
618 3171 705 3231 quam
727 3157 805 3231 quod
826 3155 1002 3216 diminutum
1014 3155 1174 3232 quidquam

6 3239 7 3264 ¹
95 3257 194 3315 sites
219 3255 300 3332 regia
322 3259 486 3330 potestate,
512 3269 657 3314 numeres.
685 3253 792 3312 Omnia
811 3257 906 3332 jura,
934 3258 1033 3313 omnia
1058 3255 1176 3331 insigna

98 3353 186 3429 primi
206 3353 339 3412 consules
359 3357 487 3412 mouere.
511 3351 545 3411 ld
562 3351 649 3410 modo
667 3358 784 3411 cautum
803 3357 868 3429 est,
889 3368 926 3411 ne
944 3355 968 3412 sl
982 3351 1174 3412 ambulasses

96 3450 249 3527 haherent,
272 3451 437 3527 duplicatus
456 3457 550 3510 terror
570 3447 727 3510 uideretur.
751 3449 858 3509 Brutus
880 3453 979 3527 prior,
1001 3449 1175 3510 concedente

6 3527 7 3552 ¹
97 3547 230 3626 collega,
251 3549 345 3608 lasces
365 3547 506 3608 hoholt.»

136 3645 179 3706 De
196 3646 301 3706 horum
322 3645 476 3706 consulum
493 3649 614 3724 imperio
635 3647 715 3724 loqui
729 3663 842 3706 sacram
863 3645 1061 3723 Scripturam,
1082 3648 1108 3706 si
1125 3663 1173 3706 ao·

94 3749 195 3804 curete
214 3745 305 3805 rerba
323 3745 434 3806 brednt
452 3746 675 3821 animadversa,
697 3746 783 3807 laede
802 3749 931 3824 uultur,
952 3751 982 3806 ot
997 3748 1124 3806 maximo
1137 3745 1174 3806 de

93 3859 149 3918 eo,
170 3845 221 3920 qul
234 3844 359 3920 singolis
374 3846 458 3904 annis
472 3844 533 3904 dux
547 3844 672 3905 militum
687 3845 912 3906 renunciahatur
926 3861 944 3904 a
958 3852 1079 3920 senatu,
1102 3845 1174 3906 dum

93 3939 146 3999 alii
166 3941 382 4002 mandabantur
397 3945 466 4020 jura
487 3943 624 4004 civitatis.
647 3945 693 4004 lta
712 3946 789 4004 enim
815 3959 846 4003 se
870 3942 979 4004 hahent
1003 3945 1175 4021 graecanica

93 4037 186 4098 verbu
198 4039 276 4100 lllllis
289 4041 462 4118 pericopae:
482 4065 495 4090 o
506 4045 558 4096 ΚιιιΙ
573 4039 755 4116 βουλιυτήριον
771 4042 898 4102 ἐποίησαν
917 4042 1038 4106 ἑαυτοῖς,
1057 4043 1101 4096 καὶ
1113 4039 1173 4096 aab·

92 4132 192 4208 ’ἱμέραν
210 4136 380 4202 ι’βουλίιιοιτο
395 4144 561 4214 τριακόσιοι,
582 4143 627 4198 καὶ
650 4141 733 4198 clauos
757 4143 938 4216 βουλιιίομινοι
955 4143 1094 4204 διαπαντὸς
1115 4142 1173 4210 mgr*

121 4338 158 4402 ιι)
175 4342 231 4392 ιιι.
247 4349 308 4408 pon.
322 4349 341 4397 ι.
355 4361 379 4412 ι.
395 4355 431 4400 ιι.
449 4375 479 4388 -
496 4349 531 4412 (ι)
550 4357 570 4401 ι.
584 4351 646 4401 ure.
661 4363 683 4399 ι.
696 4351 761 4400 vrri.
778 4357 814 4403 ιι.

157 4424 243 4485 Pars.
261 4427 324 4487 lli.
987 4443 1003 4490 o
