2964 5174
803 410 843 420 ...
864 386 902 436 gg
922 407 964 420 ...

342 501 445 574 quinto
456 495 636 558 Stromatum
648 495 720 553 1111111
732 491 844 554 8011111ῐὲ
864 518 876 544 ⁶¹
892 491 1080 566 Ἀριστοβουλῳ
1096 493 1122 546 δὲ
1137 494 1171 561 τῷ
1185 493 1251 546 κατά
1265 495 1416 566 deturpatas

340 597 459 668 γεγενότι
475 594 518 648 ἰὀν
541 591 697 663 Φιλάδελφον
714 630 722 655 ,
739 589 770 646 οὖ
786 592 917 664 μέμνηται
938 593 952 646 ι’
968 592 1160 663 συνταξάμενος
1183 593 1228 650 τήν
1250 592 1298 645 τοῖν
1317 597 1420 647 Μαινα-

343 687 439 752 βοῐιῶι
455 685 582 756 ἐπιτομήν
596 721 604 748 ,
619 685 640 742 1.
656 700 682 742 e.
699 682 747 742 Ab
762 682 932 743 Aristobulo
945 689 1058 760 autem,
1078 685 1129 759 qui
1147 682 1205 741 fuit
1218 689 1348 758 tempore
1362 684 1422 742 Pto

343 786 448 847 lomaei
473 781 673 858 Philadelphi,
697 786 781 858 cujus
810 783 943 840 meminit
962 785 1004 856 is,
1026 784 1077 858 qni
1096 784 1259 857 composuit
1286 783 1423 856 epitomen

346 883 605 957 Machabaeorum,
620 887 677 940 etc.
694 906 708 930 ν
778 893 783 926 ¹

382 980 513 1040 Tandem
528 979 604 1038 libro
617 986 723 1054 quarto
740 978 931 1054 stromatum,
952 979 1003 1038 ubi
1017 982 1079 1056 agit
1094 993 1176 1038 sacer
1188 976 1379 1052 philosophus
1392 978 1423 1038 de

342 1079 486 1156 martyrio
503 1084 533 1136 et
551 1078 589 1136 de
606 1077 802 1154 perfectione,
820 1077 995 1137 luculentius
1014 1077 1099 1136 nobis
1117 1076 1208 1136 tradit
1226 1083 1424 1152 argumentum

343 1195 396 1254 pro
412 1178 569 1252 scripturis
585 1175 728 1234 Deuteris.
741 1176 820 1235 Dicit
833 1179 929 1235 enim:
946 1177 984 1252 (l)
1004 1201 1017 1226 ι
1029 1178 1125 1252 Hujus
1139 1175 1327 1250 perfectionis
1339 1182 1424 1251 potest

342 1282 373 1336 et
390 1278 438 1336 vir
456 1282 486 1336 et
499 1273 604 1334 mulier
624 1290 715 1350 aeque
733 1291 796 1334 esse
812 1278 968 1351 particeps.
989 1277 1057 1335 lem
1074 1291 1145 1333 vero
1164 1291 1224 1332 non
1245 1273 1328 1332 solus
1349 1272 1423 1349 Moy·

345 1393 409 1452 ses,
423 1379 474 1452 qui
488 1375 725 1435 audivitalleo:
740 1374 894 1434 -Locntus
908 1391 974 1434 sum
988 1375 1182 1450 adtesemel,
1196 1373 1298 1449 ethim
1320 1378 1421 1432 ete...

342 1473 428 1528 ’λλλοὶ
444 1476 489 1527 καὶ
503 1471 614 1536 Ἰουδὶὸ,
634 1473 650 1532 ἦ
669 1473 694 1525 ἕν
712 1475 817 1545 γυναιξὶ
838 1471 1016 1535 naasson,
1036 1473 1060 1525 ἕν
1084 1473 1248 1542 συνκλιισμιῖ
1268 1472 1316 1530 τῆς
1340 1471 1425 1532 πόλεις

345 1565 495 1638 γενομένης,
516 1563 644 1623 δεηθεῖσα
668 1566 714 1618 τοῖν
733 1564 920 1637 πρεσβυτέρων,
939 1564 977 1628 εἰς
998 1567 1046 1636 μὲν
1065 1567 1110 1624 τήν
1131 1563 1301 1636 παρεμβολήν
1324 1566 1368 1616 τῶν
1386 1560 1425 1616 aii·

345 1659 463 1731 λοφύλοιν
483 1657 618 1730 ειῖέρχεται
632 1695 641 1720 ,
656 1660 701 1710 τοῦ
714 1660 810 1718 παντός
826 1658 1050 1730 εαταφρονήσασα
1069 1657 1182 1711 κινδύνου
1197 1657 1262 1728 ὑπὲρ
1283 1658 1330 1718 τῆς
1348 1656 1426 1728 πανοί-

348 1755 402 1815 toa,
422 1751 517 1810 ἑαυτήν
541 1749 671 1802 ἐπιδοῦσα
694 1751 749 1812 τοῖς
773 1753 912 1822 πολεμιοις
930 1749 955 1802 ἐν
970 1750 1058 1804 πίστει
1079 1752 1154 1803 Θεοῦ·
1167 1747 1299 1820 λαμβάνει
1318 1749 1344 1802 δέ
1358 1746 1425 1810 εὐθὺς

348 1843 369 1895 τ’
379 1843 506 1914 ἀντίχειρα
527 1864 573 1904 της
591 1842 720 1904 πίστεις,
741 1842 815 1913 κυρία
836 1843 1050 1914 τῆςὈλοφέρνοο
1063 1839 1187 1913 γενομένη
1212 1841 1339 1913 κεφαλῆς·
1359 1838 1424 1892 πάλιν

348 1936 375 1988 σε’
392 1933 428 1988 αὖ
446 1935 463 1992 n‘
479 1935 567 1987 τελειά
588 1935 659 1988 κατα
681 1933 891 2006 τίσεινἘσθιίρ,
913 1935 1024 2008 ῥυόμενον
1048 1933 1258 2004 τιν’ν’1σρανὶλ....
1278 1930 1422 1984 Ἀνεστείλεν

348 2025 375 2078 δὲ
392 2021 593 2096 τᾶν’.-1,ιιοὶν,ιιαι“
608 2023 769 2100 τόνἸσρανὶλ
784 2029 814 2102 τῇ
828 2025 921 2084 τηλενά
933 2028 997 2098 πρός
1011 2028 1053 2080 τόν
1065 2027 1129 2079 litor
1146 2023 1231 2082 δεήσει
1247 2021 1342 2080 α’ταθῆ
1357 2020 1424 2094 drepi-

348 2119 437 2186 λαξον·
455 2120 538 2173 ernau
557 2119 608 2190 γάρ
623 2119 787 2181 Σουσάνναν,
803 2117 848 2170 καὶ
866 2121 910 2179 τῆς
924 2117 1033 2180 itacio<
1043 2117 1154 2191 α’δελφτὶν
1171 2159 1179 2184 ‚
1196 2117 1229 2180 ὥς
1243 2116 1263 2178 η’
1277 2118 1347 2191 μὲν,
1361 2155 1367 2166 .
1381 2151 1386 2162 ·
1398 2149 1423 2162 .-

347 2210 365 2267 u‘
381 2212 406 2262 δὲ
427 2211 585 2282 σεμνότητος
599 2209 740 2282 ὑπερβολῇ,
754 2209 799 2262 καὶ
814 2211 893 2282 μέχρι
910 2208 1023 2263 θανάτου
1036 2211 1178 2282 χαροῦσα,
1193 2209 1257 2283 apoc
1273 2213 1319 2262 τῶν
1341 2207 1423 2263 εἰναλί-

350 2321 416 2356 στιιν
442 2302 555 2373 ἐραστῶν
570 2303 791 2372 κατανιμνομένη,
806 2300 905 2373 μα’ριιις
925 2300 1030 2372 οἱγνειάς
1046 2301 1144 2372 ἔμεινεν
1159 2300 1288 2374 ἇρῤειιῆς,
1303 2303 1324 2360 i,
1339 2319 1364 2360 e.
1378 2298 1423 2358 Sed

351 2403 440 2460 etiam
449 2400 552 2459 ludith
567 2417 642 2476 quae
660 2403 691 2459 in
705 2401 874 2460 mulieribus
889 2408 1108 2478 consummata,
1120 2417 1188 2460 cum
1205 2407 1282 2460 esset
1299 2401 1367 2458 urbs
1379 2401 1422 2456 cir·

350 2513 514 2574 cumsessa,
535 2507 651 2573 precata
668 2501 816 2574 seniores,
835 2501 866 2556 in
886 2507 983 2558 castra
1004 2500 1121 2575 quidem
1145 2501 1374 2575 alienigenarum
1390 2498 1423 2552 in

351 2597 497 2672 graditur,
512 2613 599 2656 omne
611 2596 771 2672 periculum
787 2604 974 2656 contemnens
988 2615 1041 2673 pro
1058 2599 1169 2674 patria,
1183 2600 1367 2672 semetipsam
1379 2600 1423 2651 tra

351 2693 424 2752 dens
444 2696 588 2770 inimicis,
603 2697 635 2752 in
652 2693 710 2754 lide
726 2695 789 2754 ner.
808 2695 942 2754 Praemia
959 2701 1057 2754 autem
1071 2695 1140 2754 fidei
1153 2713 1224 2756 mox
1239 2697 1355 2769 accipit,
1368 2707 1422 2749 eun

352 2794 417 2866 ipsa
430 2795 523 2867 potita
543 2795 582 2852 sit
597 2795 691 2869 capite
711 2792 917 2868 Holophernis.
937 2793 975 2852 Et
994 2811 1095 2852 rursus
1117 2793 1245 2868 perlecta
1264 2793 1318 2852 illa
1332 2793 1362 2850 in
1377 2789 1423 2847 lide

351 2889 476 2966 Esther,
494 2890 621 2950 liberans
638 2891 744 2950 lsrael.
756 2935 764 2948 .
775 2935 802 2948 ..
819 2898 848 2950 et
865 2890 984 2950 sustulit
997 2889 1095 2950 elman
1111 2898 1140 2950 et
1153 2892 1294 2950 lsraelem
1311 2887 1422 2965 perfecta

352 2987 391 3046 ad
407 2987 501 3047 Deum
524 2992 655 3048 oratione
671 2989 805 3048 illaesum
824 2991 1019 3048 conservarit.
1038 2989 1114 3048 Sileo
1131 2991 1210 3048 enim
1230 2987 1422 3047 Susannamet

353 3085 467 3164 Mopsis
485 3104 625 3163 sororem,
637 3088 717 3164 quod
727 3087 800 3146 haec
812 3087 930 3163 quidem
942 3094 998 3146 etc.
1009 3131 1016 3144 .
1027 3131 1052 3144 ..
1068 3086 1170 3146 Altera
1180 3093 1280 3146 antem
1296 3101 1347 3162 per
1360 3097 1422 3140 snm-

354 3201 435 3242 mam
456 3185 653 3261 honestatem,
672 3193 813 3262 utusque
833 3184 871 3244 ad
891 3192 1015 3244 mortem
1032 3185 1191 3260 procedens
1213 3200 1282 3242 eum
1300 3185 1423 3254 intenpe

354 3281 487 3342 rantibus
506 3283 748 3342 condemnaretur
770 3284 967 3358 amatoribus,
987 3285 1113 3358 perstitit
1136 3282 1241 3358 firma,
1257 3287 1288 3339 et
1303 3284 1422 3340 constans

353 3383 436 3439 testis
454 3381 622 3456 pudicitiae.
638 3405 650 3430 ι
668 3381 766 3440 l'erba
782 3380 939 3440 Clementis
956 3380 993 3438 de
1008 3380 1130 3438 Fsthere
1151 3396 1244 3456 nuper
1261 3379 1356 3438 dicta:
1373 3371 1423 3430 «lit

354 3479 490 3538 lsraelem
507 3479 635 3555 perlecta
652 3479 692 3538 ad
712 3479 805 3537 Deum
825 3481 956 3537 oratione
973 3477 1105 3536 illaesum
1124 3472 1421 3536 commetiendis

353 3575 392 3634 ad
416 3579 512 3652 capita
532 3577 668 3636 hebraice
689 3579 797 3654 scripta
813 3578 915 3636 reterri
932 3593 992 3635 non
1005 3579 1134 3652 possint,
1152 3575 1284 3650 partibus
1300 3575 1422 3633 neaera

354 3672 509 3732 Canonicis
517 3678 698 3752 jungantur,
713 3677 745 3732 in
759 3675 866 3751 quilius
881 3678 985 3752 regina
996 3675 1101 3733 Fsther
1111 3675 1283 3752 confugiens
1294 3672 1332 3732 ad
1343 3671 1421 3728 Deum

352 3769 441 3848 longa
461 3773 591 3831 oratione
608 3788 675 3830 enm
692 3771 847 3848 deprecata
863 3780 918 3832 est.
940 3774 1022 3847 Quae
1036 3780 1134 3831 autem
1152 3773 1302 3848 hueusque
1318 3764 1422 3846 protulit

351 3869 384 3926 in
397 3870 459 3928 suis
472 3869 555 3928 libris
566 3869 699 3930 Clemens
710 3887 728 3928 e
740 3869 897 3948 Scripturis
909 3871 1218 3946 DentcroCanonicis,
1230 3869 1359 3947 plurimis
1368 3863 1421 3922 aliis

352 3969 545 4042 testimoniis,
563 3983 639 4043 quae
656 3967 695 4026 ab
711 3967 813 4026 mdern
834 3986 872 4028 en
891 3969 951 4028 illis
969 3972 1080 4028 censita
1097 3975 1185 4044 sunt,
1209 3969 1343 4040 seclusis,
1360 3959 1421 4019 divi-

350 4069 431 4126 mars
445 4068 588 4142 inspirata
607 4079 672 4125 esse
695 4065 780 4126 lirme
797 4067 947 4126 contendit
967 4069 1000 4125 in
1020 4069 1115 4142 capite
1135 4066 1265 4142 ejusdem
1284 4065 1365 4138 libri,
1385 4059 1420 4114 it·

379 4295 413 4356 pl
431 4298 490 4356 Pan.
505 4303 558 4344 aaa.
574 4295 639 4346 iden
651 4296 729 4346 cleo.
