3094 5176
817 415 857 430 ’-
882 391 936 444 itt
957 415 998 430 -

369 505 529 580 chebron,
544 511 574 564 et
592 503 668 562 illios
686 504 770 578 eim,
792 505 821 560 et
838 516 939 561 murus
956 505 1041 578 elas,
1062 508 1092 561 et
1107 507 1205 561 turrea
1223 501 1377 562 simoendit
1393 501 1449 578 igni

369 611 401 668 in
420 609 583 668 circuitui
608 605 682 664 Cum
701 619 793 679 vero,
815 605 858 664 uti
872 619 910 662 ex
924 618 960 663 ea
973 601 1124 678 scriptura
1137 607 1276 678 oonstat,
1295 601 1378 662 luda
1391 619 1450 678 pro

369 709 500 784 illgasset
511 705 588 764 illios
602 705 702 777 Ειιιι,
722 699 913 779 philistaeos,
934 702 1065 779 allusqm
1078 701 1219 761 finitimas
1231 703 1394 778 regiones,
1415 701 1449 760 n

369 813 450 866 otum
471 813 540 881 est,
562 811 596 862 ut
617 818 655 862 ex
677 803 796 880 judaeis
819 799 955 861 nonnulli
975 806 1080 860 oontm
1099 800 1193 877 legem
1218 799 1362 877 Moysis,
1383 798 1452 859 dom

368 903 454 962 idolis
476 903 595 978 doata,
617 900 721 961 furtim
742 901 957 977 surripuerint,
977 901 1084 961 nesods
1102 897 1180 960 Judn
1195 899 1321 976 ιΙιιιιιιιε
1336 897 1453 958 (ludius

368 1001 469 1062 Israel„
492 999 618 1076 Ideoque
638 1002 741 1060 anetor
761 999 829 1058 libri
851 1013 913 1073 n.,
935 999 987 1074 qui
1003 1001 1092 1073 juxta
1113 1013 1251 1072 morem,
1278 1013 1344 1056 non
1363 996 1452 1056 solun

368 1101 522 1162 insariam
536 1098 698 1176 simplieem
711 1098 866 1171 describit,
880 1095 1129 1174 quarmdrnodum
1137 1099 1205 1173 agit
1217 1097 1307 1172 primi
1321 1098 1451 1172 sciptor,

368 1214 472 1260 rernm
491 1201 580 1259 etiam
599 1199 747 1260 humanos
767 1203 850 1256 aetus
869 1195 1028 1272 expendit,
1049 1211 1210 1273 eorumque
1230 1195 1451 1270 reatitudineur,

368 1314 420 1359 seu
434 1300 611 1375 pravitatem
626 1297 788 1374 ponderat,
807 1297 933 1373 indeque
946 1297 999 1356 Dei
1009 1299 1157 1373 justitiam
1170 1296 1305 1372 exterat,
1320 1301 1353 1355 et
1365 1295 1452 1355 neimo

369 1401 515 1473 maxime,
536 1403 566 1457 et
585 1399 723 1472 pietatum
741 1395 836 1456 Judee
858 1395 1052 1472 Machabuei,
1073 1403 1103 1455 et
1123 1395 1319 1456 hebraearum
1341 1397 1452 1456 institu-

368 1497 483 1556 tionum
496 1499 682 1556 sanctitatem
694 1495 803 1571 uhlque
817 1495 848 1553 in
860 1495 916 1553 hoo
929 1494 1005 1554 lihro
1012 1493 1151 1571 oelehmt,
1165 1508 1234 1554 eum
1242 1495 1275 1554 in
1284 1493 1453 1570 hujusmodl

363 1595 539 1671 judaeorum
563 1607 666 1653 nasum
691 1591 859 1668 inuidisset,
884 1597 986 1670 notat,
1010 1609 1064 1653 our
1085 1593 1117 1650 in
1137 1593 1249 1668 praello
1273 1596 1453 1654 oomuimt

367 1693 496 1769 milltes,
517 1693 646 1770 quidque
665 1689 703 1750 ob
723 1691 779 1750 hoe
799 1689 869 1750 ieeit
887 1689 996 1768 ludas,
1015 1693 1135 1754 mittens
1152 1692 1266 1753 seilioet
1284 1693 1453 1770 llloeosoly·

367 1807 447 1851 mam
467 1792 526 1851 duo
546 1791 639 1850 millia
658 1790 865 1850 drachmarum
890 1793 1004 1868 argenti
1023 1791 1061 1852 ad
1074 1791 1228 1852 offerenda
1254 1801 1312 1868 pro
1333 1795 1453 1852 mortus

368 1891 544 1968 expiationis
567 1890 723 1951 saoriiioia.

406 1990 581 2068 Hujusmodi
598 2005 686 2065 porro
702 1989 841 2048 historiae
857 1989 1013 2066 analogia,
1035 1997 1066 2050 et
1087 2005 1123 2050 ea
1139 1989 1375 2068 philosophandi
1399 2007 1454 2051 me

366 2087 497 2166 thodus,
518 2105 593 2166 quae
612 2088 726 2168 eadem,
741 2088 918 2164 ubicumque
933 2103 966 2148 se
987 2105 1019 2148 se
1035 2089 1148 2166 profert
1169 2091 1313 2167 onemo,
1336 2096 1457 2168 apparet

366 2187 397 2246 iu
416 2187 472 2247 hoo
490 2187 577 2264 libro,
601 2180 690 2264 hujus
707 2188 849 2263 pericopis
869 2188 1048 2264 genuitatem
1063 2187 1205 2264 probant,
1220 2187 1379 2248 etioetum
1397 2205 1457 2248 esse

367 2287 496 2346 inuuunt
517 2275 579 2363 'ejus
598 2287 769 2362 scriptoris,
788 2287 840 2360 qui
858 2291 954 2344 totum
976 2285 1119 2362 hocopus
1141 2287 1297 2364 rompegit.
1323 2285 1456 2346 Alterum

365 2363 433 2454 inde
450 2383 607 2462 genuitatis
628 2383 771 2447 lardirium
788 2384 865 2442 eruit
884 2385 933 2442 vir
950 2399 1021 2442 saue
1036 2385 1218 2446 clarissimus
1234 2385 1372 2444 Ioannes
1392 2385 1455 2444 Per·

368 2498 472 2546 rooee
490 2481 556 2544 soe.
578 2481 691 2558 Josu,'
682 2497 713 2542 ιιι
733 2486 860 2540 tractatu
879 2480 916 2540 da
936 2480 998 2540 Deo
1018 2479 1154 2544 creatore
1173 2499 1237 2560 par.
1249 2499 1306 2542 ιιι
1330 2499 1363 2544 c.
1381 2482 1457 2543 ode
1536 2495 1537 2500 ’

306 2645 310 2652 ,
366 2579 466 2648 futura
485 2563 613 2642 hominis
632 2581 713 2640 vita.
737 2578 810 2638 «lbi
829 2581 907 2638 enim
918 2581 1012 2656 ,uit,
1035 2596 1118 2642 saner
1132 2583 1256 2660 seriptor
1269 2580 1457 2658 projndneo

365 2695 432 2738 rum
452 2694 532 2743 more
549 2684 704 2754 utramque
723 2678 947 2753 quamtionem,
969 2678 1006 2737 de
1029 2680 1144 2744 annuae
1164 2679 1278 2766 scilieet
1300 2681 1454 2750 immorta-

366 2757 467 2851 iltata,
488 2792 523 2834 ao
538 2776 574 2834 de
590 2790 746 2850 corporum
761 2777 972 2835 resurrectione
985 2780 1137 2853 conjungit
1150 2820 1160 2855 ,
1174 2784 1263 2854 prout
1273 2783 1307 2838 et
1320 2777 1456 2838 (aruns

366 2875 430 2957 lpse
449 2871 633 2934 Sadducaeos
653 2875 858 2956 perstringens,
872 2873 981 2934 Matth.
1005 2889 1032 2934 o.
1056 2891 1140 2936 ura.
1168 2879 1329 2954 eonjuaxit
1342 2895 1352 2936 ε
1365 2908 1379 2921 -
1391 2875 1456 2936 Nou

364 2971 476 3048 legistis
498 2972 616 3048 inquit,
637 2970 717 3050 quod
736 2970 847 3030 dietum
868 2977 913 3031 est
933 2971 1028 3032 aDeo
1047 2972 1161 3036 dicente
1180 2973 1290 3050 vohis,
1315 2989 1376 3052 ego
1393 2991 1455 3036 sum

364 3069 443 3136 neus
464 3068 636 3160 Abraham,
661 3075 691 3132 et
708 3069 786 3132 Deru
806 3071 913 3146 isaeo,
934 3077 965 3131 et
983 3071 1062 3134 Deus
1082 3073 1200 3135 tamor
1220 3073 1288 3134 Non
1310 3079 1359 3136 est
1381 3073 1456 3136 neu

363 3174 571 3254 moratomm,
591 3153 643 3230 sed
661 3169 864 3229 viventium.»
1091 3194 1098 3204 =

403 3266 460 3328 Sed
479 3281 540 3327 non
565 3273 681 3328 tautum
704 3265 844 3326 historiae
869 3273 900 3326 et
916 3267 1119 3345 philosophiae
1135 3284 1236 3330 saetae
1262 3271 1390 3346 unitos,
1410 3285 1455 3330 eu·

364 3365 457 3424 dem·
448 3381 480 3424 an
497 3367 630 3442 pericope
649 3381 717 3424 oum
737 3367 853 3441 integra
872 3365 929 3425 hae
944 3365 1095 3442 Scriptura
1110 3370 1217 3446 surgit,
1239 3384 1348 3428 rerum
1367 3371 1455 3428 edam

362 3465 506 3528 sermonis
530 3469 560 3522 et
583 3462 740 3532 vorborum
763 3463 935 3522 similitudo.
958 3463 1098 3526 Notatum
1118 3473 1165 3528 est
1185 3465 1255 3526 alihi
1275 3468 1455 3544 interpretes

363 3560 569 3636 alexandrinos
594 3563 626 3620 in
650 3559 806 3636 conflanda
830 3577 936 3638 graeca
957 3561 1120 3624 Bibliorum
1143 3565 1292 3638 versione,
1308 3564 1456 3640 poeuliari

363 3659 465 3734 phrasi
483 3673 553 3718 usos
572 3657 664 3718 ruisse
686 3660 868 3736 generatim,
888 3664 918 3720 et
940 3663 1024 3720 varia
1042 3678 1060 3719 a
1077 3664 1180 3722 ceteris
1199 3661 1366 3738 prophanis
1381 3663 1454 3722 seri-

361 3755 495 3832 ptorihus
514 3755 681 3832 helleuiois;
701 3769 737 3818 an
751 3757 870 3834 insuper
888 3759 920 3815 in
940 3757 1072 3836 singulos
1088 3757 1179 3818 libros
1198 3775 1237 3818 ex
1257 3757 1394 3818 diversis
1413 3760 1456 3816 in-

362 3855 535 3932 terpretibus
560 3856 711 3933 quidpiam
734 3850 891 3920 verborum
910 3857 1088 3944 discriminis
1114 3855 1255 3918 oollatum
1275 3856 1385 3918 fuisse.
1410 3859 1457 3917 lta

362 3953 473 4022 laetum
492 3959 536 4014 est
550 3970 666 4032 quoque
686 3957 718 4014 in
738 3955 795 4014 hoo
813 3954 899 4014 libro
922 3953 1455 4034 nigrummontensem

361 4047 1190 4135 oomporompparo,mmemveooomorotospeeoati
1203 4053 1391 4132 expostam
1407 4069 1457 4130 pe

360 4155 469 4217 euliare
488 4159 600 4216 auctori
620 4157 708 4233 hujus
727 4155 1063 4233 tornamentorum
1081 4155 1207 4231 boam,
1229 4156 1366 4228 reolum,
1393 4173 1457 4224 reo-
1536 4199 1537 4204 1

360 4255 496 4321 πεπτωιῶς
519 4259 710 4334 propeptooos
720 4255 880 4334 promptae
902 4254 1156 4324 saumariorum
1175 4251 1274 4326 bello,
1296 4249 1455 4322 προσδοιὲν

355 4352 520 4432 prosdomo
533 4358 655 4430 expecto
662 4395 671 4426 ,
687 4369 792 4430 spero,
812 4351 955 4426 χαρίζομαι
969 4349 1139 4432 choriaome
1150 4351 1308 4428 protifieor
1315 4391 1325 4424 ‚
1342 4365 1384 4408 ex
1394 4361 1452 4422 quo
