3086 5182
243 3561 246 3566 '
362 3563 511 3640 bonores,
533 3581 552 3623 a
572 3581 631 3640 qno
652 3567 748 3642 vpnma
771 3566 956 3643 philosophia
982 3570 1146 3643 processit,
1171 3567 1442 3643 coemiterium,

1527 3177 1528 3222 l

1527 3409 1528 3450 l

1527 3457 1528 3504 l

1395 4285 1446 4313 „rs

1527 5113 1528 5132 r

824 337 864 352 .-
884 314 922 370 gp
943 337 983 354 ..

406 424 499 486 Aliter
516 439 586 485 vero
604 425 793 485 asserendam
812 433 857 486 est
875 425 912 486 de
932 425 997 488 alls
1018 422 1170 502 gentibns3
1191 440 1294 486 earmn
1313 443 1439 506 namque

368 528 426 584 viri
444 541 514 586 curn
533 525 650 600 ingenio
670 524 774 584 humili
794 531 824 585 et
842 524 924 584 brevi
946 525 1031 585 ditati
1050 527 1132 599 sint,
1159 531 1189 584 et
1208 532 1310 602 suapte
1337 533 1442 586 namra

369 624 527 682 metmnmr
539 621 578 681 ad
591 637 688 682 raum
701 622 898 682 humanarum
910 622 1125 699 adipiscendam
1139 625 1286 699 notitiam,
1301 629 1444 684 conantur

367 721 447 779 omni
467 718 680 794 sollicitudine,
701 725 731 778 et
743 717 863 795 studio,
884 721 989 780 mentis
1002 735 1074 778 suae
1085 719 1219 779 tenebras
1234 720 1397 780 illustrare.
1411 721 1446 780 iit

367 817 406 876 ob
426 817 507 895 hcc,
531 834 578 878 res
598 823 702 894 actas,
728 818 800 877 alios
820 819 922 894 viros,
948 819 1080 894 regiones
1103 817 1221 878 dissitm
1240 824 1271 876 et
1291 817 1447 878 Μεωήοω

367 922 586 992 persenam
598 916 637 977 ad
655 933 691 976 ea
707 915 925 993 comequenda,
946 931 1021 992 qnae
1038 915 1107 975 huie
1124 917 1226 976 mnam
1238 915 1387 979 maeno
1400 933 1446 976 sa·

366 1012 526 1072 tislaeiam.
542 1014 638 1091 linjns
655 1017 769 1092 generis
782 1015 909 1074 maxime
920 1015 1043 1074 extitere
1058 1015 1174 1090 gaeci,
1195 1013 1336 1090 equibus
1349 1013 1446 1089 piare
1527 1055 1528 1086 2

367 1111 478 1171 sciendi
491 1111 649 1188 cupiditate
662 1114 730 1189 acti,
745 1127 826 1170 mare
838 1113 1025 1188 transgressi,
1042 1111 1197 1170 orientales
1210 1112 1347 1188 regiones
1360 1109 1447 1170 Acme
1527 1123 1528 1150 ³

366 1216 396 1270 et
411 1212 529 1272 Atticae
547 1216 760 1288 peragrarunt,
781 1208 833 1269 nbi
844 1217 915 1270 tunc
928 1209 1009 1270 iana
1029 1209 1231 1286 percrebuerat
1249 1211 1334 1270 viros
1346 1208 1447 1270 baberi

364 1311 548 1388 praeclaros,
563 1310 670 1368 eximia
681 1313 860 1383 praestantes
873 1306 1023 1384 doctrina,
1042 1307 1140 1383 ibique
1151 1307 1237 1368 iidem
1252 1307 1352 1366 edocti
1366 1315 1443 1368 snat
1527 1273 1528 1318 ³

365 1409 520 1484 Traditio,
541 1408 589 1468 cui
608 1405 695 1466 modo
714 1406 832 1466 meudrt
851 1421 912 1464 non
930 1421 1015 1480 posse
1034 1405 1188 1482 videmur,
1207 1411 1238 1466 et
1255 1421 1279 1464 a
1298 1408 1402 1466 sacris
1419 1413 1446 1466 et
1527 1403 1528 1482 l

367 1507 497 1584 profanis
519 1505 665 1568 lannois
685 1500 828 1579 suffulta,
849 1509 972 1562 ratane
992 1501 1178 1580 philosophos
1196 1503 1380 1580 hellanicus,
1401 1505 1446 1564 vei
1527 1535 1528 1588 p

366 1621 416 1664 eos
436 1604 539 1664 saitem
558 1604 689 1662 onmium
706 1601 944 1676 endqnissimos,
966 1602 1061 1676 gratia
1070 1601 1104 1660 ln
1118 1602 1246 1662 scientiis
1258 1599 1444 1678 prnflffldl,

364 1703 573 1778 Phoeniciam,
595 1700 764 1777 Aegyptam
777 1698 908 1775 diesque
921 1699 1009 1760 Asiae
1021 1701 1187 1774 prouincias
1207 1699 1328 1760 adiisse..
1354 1699 1445 1760 Sdon
1527 1759 1528 1764 ,

365 1796 1011 1876 minatymrgusdteunturtnorientcm
1029 1793 1224 1874 minati,
1244 1797 1316 1856 inde
1333 1799 1445 1875 graecis
1527 1823 1528 1894 p

366 1897 444 1974 leges
463 1897 607 1973 sepientes
626 1894 804 1971 matulissa,
832 1894 992 1971 memque
1018 1894 1225 1971 rempublicam
1249 1896 1443 1956 morasse.
1527 1965 1528 1970 ἵ

364 1994 499 2054 insanus
518 1997 632 2070 martyr
651 1996 681 2052 et
692 1989 824 2052 Clemens
840 1991 1053 2054 ammanus
1070 1992 1155 2053 vaide
1173 1995 1307 2052 institm
1323 2001 1445 2054 canan
1527 2009 1528 2048 1

365 2090 466 2150 dentes
479 2103 598 2168 gaeoos
609 2087 808 2165 philosophos,
822 2089 975 2150 onenmies
985 2090 1118 2166 repones
1128 2088 1445 2166 proiectoseeoeiesds
1527 2111 1528 2142 Τ

364 2191 563 2266 inspirationis
574 2187 656 2248 ioan
667 2186 801 2248 ebibisse.
830 2187 868 2246 Et
885 2185 1036 2262 Eusebius,
1052 2189 1183 2248 omnium
1202 2186 1444 2264 pbilosophorum

364 2289 591 2350 uemsdssimam
602 2285 793 2346 hebraeorum
807 2285 970 2346 mmtnam
983 2301 1182 2364 propugnans,
1196 2285 1253 2346 boe
1270 2288 1316 2346 lta
1322 2290 1443 2348 astruit:

364 2409 382 2435 ι
394 2384 579 2463 Pythagoras
601 2384 640 2462 (1)
661 2386 738 2444 enim
759 2385 870 2460 primm
891 2385 1024 2444 omnium
1041 2383 1115 2460 init,
1136 2400 1223 2461 quern
1241 2384 1445 2462 philosophiae

363 2497 479 2560 duoque
496 2499 603 2544 nomen
624 2485 770 2542 invenisse
788 2487 913 2544 constat
933 2482 1020 2544 Hunc
1039 2482 1124 2542 multi
1143 2484 1289 2558 manium,
1308 2482 1367 2542 alii
1387 2489 1444 2560 cyp
1527 2473 1528 2518 1

364 2595 496 2657 mnam,
523 2582 573 2641 aiii
597 2583 738 2659 syrium,
764 2589 817 2644 aut
839 2583 950 2658 tyriam
977 2581 1068 2642 foism
1092 2581 1281 2643 contendunt.
1312 2581 1443 2642 Itanon

362 2679 449 2754 plane
468 2695 589 2757 grecus
604 2681 754 2740 maximus
765 2721 780 2755 .,
807 2685 837 2740 et
855 2682 968 2756 pomus
989 2679 1227 2756 pbilosophorum
1246 2679 1286 2738 ab
1307 2679 1443 2740 omnibns
1527 2721 1528 2758 7

361 2775 481 2836 dieitna
510 2777 586 2836 Mra
605 2777 803 2854 Pherecydem
822 2778 969 2838 macram
983 2779 1180 2856 Pythagorae,
1200 2781 1318 2856 syrium
1342 2795 1444 2838 ornnes
1527 2821 1528 2844 ,

363 2874 454 2936 muse
476 2877 618 2954 nadnnt3
641 2880 776 2954 quamvis
802 2894 863 2936 non
885 2895 951 2938 eum
976 2879 1190 2957 solummodo,
1215 2878 1268 2940 sad
1284 2893 1443 2955 ¹persarum
1527 2908 1528 2928 1

363 2977 451 3034 ettam
471 2991 598 3052 magos,
619 2983 649 3036 et
668 2979 870 3054 aegyptiorum
893 2977 1073 3038 divinatores
1100 2978 1215 3038 andbsa
1238 2976 1444 3055 Pythagoram

361 3079 497 3132 msaunt
516 3089 551 3133 eo
572 3080 728 3152 tempore,
749 3091 807 3151 quo
828 3076 1003 3152 judaeorum
1030 3076 1081 3136 aiii
1100 3079 1132 3134 in
1156 3075 1370 3154 Babylonan,
1397 3075 1444 3134 aiii

359 3171 580 3248 inaegyptum
604 3175 786 3250 emigrarant
808 3217 949 3234 ......
972 3173 1000 3232 Δ
1023 3177 1135 3251 graecis
1159 3181 1257 3240 auum
1277 3173 1358 3234 nihil
1379 3189 1443 3232 eam

360 3270 500 3330 babuisse
525 3287 613 3330 ansus
633 3273 788 3348 misceam
806 3279 853 3334 est
876 3272 996 3348 mere,
1020 3279 1105 3334 tanta
1129 3273 1279 3334 conanae
1299 3279 1333 3332 et
1357 3273 1443 3332 bona·

363 3371 551 3430 ruinartium
564 3373 728 3446 penuriain
739 3370 864 3430 Graecia
877 3371 946 3448 init,
957 3377 1118 3448 antoquarn
1131 3371 1318 3448 Pythagoras
1333 3373 1441 3446 omnia,

362 3481 438 3542 quac
462 3467 501 3526 ab
519 3467 580 3527 iliis
597 3468 717 3546 collegit
736 3484 850 3528 summo
869 3468 986 3545 sardio,
1006 3469 1127 3543 docuit,
1147 3474 1177 3528 et
1195 3468 1314 3526 divinos
1338 3470 1443 3527 meruit

360 3663 500 3735 moniam
523 3661 564 3720 ibi
586 3665 713 3722 manime
739 3663 861 3740 docuit,
888 3664 1035 3742 appellare
1059 3665 1166 3724 solent.
1192 3707 1339 3723 ......
1363 3664 1442 3725 Solo

360 3775 428 3816 nem
447 3775 518 3817 vero
537 3774 630 3818 unum
650 3760 686 3820 de
706 3769 835 3839 septem,
861 3765 912 3839 qui
931 3763 1009 3840 legas
1030 3762 1243 3822 atheniensium
1267 3764 1443 3838 conscripsit

358 3861 510 3931 tempore,
532 3873 591 3932 quo
606 3856 707 3933 judaei
726 3859 894 3937 Aegyptum
914 3860 1080 3937 frequentes
1099 3858 1295 3934 babitabant,
1322 3876 1360 3919 eo
1378 3877 1440 3936 per·

359 3955 495 4030 reabse,
517 3953 602 4014 Plato
622 3958 652 4014 in
672 3956 791 4016 timaeo
811 3963 945 4018 testatur.
968 3959 1033 4032 Quo
1054 3957 1173 4034 mudena
1189 3959 1221 4016 in
1240 3955 1319 4016 libro
1343 3956 1440 4016 doceri

357 4067 427 4111 erum
445 4067 464 4110 a
479 4051 625 4130 barbaro,
647 4054 781 4114 videmus
801 4057 848 4115 his
868 4056 965 4116 verbis
977 4073 985 4114 ι
999 4056 1049 4116 -0
1069 4056 1181 4133 Solon,
1202 4055 1315 4132 Solon,
1344 4057 1438 4131 graeci

383 4245 419 4309 (1)
433 4247 520 4298 Euseb.
543 4261 625 4312 praep.
646 4251 736 4310 evang.
750 4250 792 4299 lib.
805 4253 834 4300 x.
851 4263 873 4300 c.
885 4259 907 4302 a.
