3094 5176
574 351 752 402 -lbssu
827 341 838 363 χ

130 467 196 524 tuos
206 465 237 521 in
252 462 328 539 Lego
341 459 453 538 Moysis
465 460 616 536 institutis,
631 457 702 518 dicit
714 457 882 534 Apostolus.
898 457 974 520 Gom
985 463 1064 520 enim
1074 463 1114 522 ibi
1127 465 1205 525 ehri·

130 564 239 624 sdanos
263 578 301 621 ex
321 562 431 621 semine
450 557 602 620 Abraham
620 557 701 618 haud
725 564 860 635 argueret
883 557 1016 637 Paulus,
1045 563 1097 622 aad
1116 565 1205 644 illos,

130 663 180 738 qul
197 677 234 720 ex
248 661 372 720 ethnicis
386 666 490 735 erant,
511 659 696 734 potissimum
713 656 930 734 alloqueretur,
951 675 1102 736 nunquam
1116 664 1148 722 in
1163 681 1206 724 ro

130 759 316 819 snmeedonls
329 763 534 836 argumentum
544 756 717 831 sumpsisset
724 753 881 831 Apostolus
889 763 1001 818 veteres
1016 758 1207 824 hebraeorum

129 855 339 932 institutiones,
355 871 429 933 quas
438 857 496 931 ipsi
507 853 693 932 ignorabam
709 853 810 930 Neque
821 853 857 914 de
871 853 1007 931 baptismi
1019 854 1207 942 Sacramentq

130 952 167 1013 ab
185 951 287 1013 eodem
306 953 422 1016 Christo
443 955 579 1013 instituto
598 950 733 1028 dldtur,
755 951 839 1028 quod
858 953 948 1012 semel
970 959 1000 1014 et
1018 969 1078 1016 non
1098 959 1204 1018 iterum

128 1053 336 1113 eonferendum
358 1057 421 1112 erat
435 1075 452 1129 ,r
467 1067 561 1128 neque
581 1067 635 1127 pro
655 1051 780 1110 mortuis
805 1053 925 1111 omnino
949 1054 1166 1130 suscipiendum
1187 1073 1206 1118 a

129 1149 305 1211 christianis.
329 1150 430 1228 Neque
449 1150 496 1210 his
519 1149 618 1209 verbis
638 1149 771 1225 Apostoli
791 1153 950 1228 congrait,
972 1151 1052 1229 quod
1071 1161 1205 1216 amona·

129 1255 197 1310 rant
216 1249 349 1309 nonnulli
366 1292 375 1324 ,
395 1251 428 1307 ln
448 1249 484 1307 iis
503 1262 609 1325 nempe
628 1249 713 1324 argui
732 1247 898 1310 doctrinam
922 1249 1134 1312 baereticorum
1152 1253 1205 1314 Ce-

129 1347 219 1406 rlntlri
238 1353 269 1407 et
288 1347 456 1406 Marcionis.
479 1345 587 1406 Scribit
605 1344 804 1422 Epiphanius,
826 1346 924 1422 plures
938 1363 976 1407 ex
991 1351 1203 1430 cerinthianis,

128 1452 158 1505 ct
178 1447 358 1506 mmdoaitis
378 1461 431 1521 pro
454 1445 539 1521 aliis,
561 1445 612 1522 qui
632 1447 696 1504 sine
714 1443 860 1520 baptismo
879 1455 1087 1525 acesserunt,
1108 1450 1203 1526 bapti·

127 1549 208 1606 zatos
221 1561 296 1622 esse,
311 1550 341 1604 et
353 1545 411 1604 hoc
423 1543 495 1604 dicit
508 1543 633 1604 Sanetus
648 1559 684 1604 ex
698 1548 845 1620 majorum
858 1545 1033 1621 traditione,
1049 1550 1100 1623 qui
1113 1551 1204 1609 citata

127 1643 233 1704 ruba:
261 1669 274 1696 a
288 1643 365 1717 Quid
381 1643 489 1703 iaciant
504 1645 554 1719 qui
567 1643 751 1718 baptizantur
765 1659 817 1718 pro
831 1646 975 1703 mortuis?
987 1669 999 1696 a
1023 1644 1060 1705 de
1073 1647 1203 1708 Cerinibi

126 1759 223 1802 errore
234 1742 406 1819 Apostolum
417 1744 567 1818 scripsisse
579 1743 756 1802 asserebant.
770 1741 827 1800 Sed
838 1742 894 1800 hoo
902 1743 1126 1818 conprobatur.
1139 1745 1204 1806 Pri·

126 1857 229 1918 mum,
250 1857 311 1900 non
330 1841 493 1917 putandum
514 1847 557 1900 est
577 1839 750 1916 Apostolum
770 1840 926 1900 articulum
935 1841 1008 1901 fidet
1020 1858 1205 1920 propugnan-

126 1945 203 2016 tem,
223 1939 308 1999 illum
329 1957 366 1998 ex
387 1938 703 2016 pseudo-christorum
723 1955 820 1998 errore
840 1940 1067 2016 comprobasse,
1088 1945 1161 2016 quin
1174 1948 1203 2002 et

125 2039 188 2115 ipse
206 2038 272 2097 allis
292 2037 389 2097 verbis
409 2039 563 2112 innueret,
585 2043 613 2096 et
628 2038 798 2113 explanaret
816 2037 950 2097 iidelilars
970 2039 1049 2098 hunc
1063 2037 1100 2098 do
1115 2041 1202 2100 ltera-

124 2137 205 2196 iione
223 2137 361 2211 baptismi
380 2151 517 2196 errorem.
540 2136 663 2211 Insuper
682 2137 709 2194 sl
725 2136 768 2194 ita
786 2141 881 2212 esset,
903 2136 1058 2195 dicendum
1078 2137 1154 2196 leret
1168 2139 1202 2197 d-

125 2233 462 2294 deliomeorinthiorum
482 2249 610 2293 errorem
623 2234 660 2291 de
679 2235 889 2294 resurrectione
909 2241 1091 2295 menbrorum
1105 2252 1202 2296 amen·

124 2333 209 2393 dasse
224 2333 372 2409 Padum,
393 2337 510 2408 sumpto
529 2332 657 2391 themate
671 2347 714 2392 ,ex
734 2331 825 2391 altem
845 2337 962 2409 errore,
984 2347 1045 2408 quo
1061 2333 1204 2394 Corinthii

124 2447 227 2491 revera
240 2447 301 2508 pro
318 2434 441 2492 mortuis
461 2433 600 2490 iterarent
619 2413 819 2506 baptismum,
840 2429 920 2506 quod
941 2431 1096 2508 nequeam
1115 2449 1201 2492 exeo-

125 2529 276 2606 gitandum
298 2537 358 2607 est3
379 2532 542 2608 quinimmo
561 2532 593 2588 ln
612 2530 649 2588 iis
669 2529 773 2589 littsils
793 2527 905 2590 Paulus
921 2529 1009 2590 fidem
1028 2531 1065 2590 da
1078 2547 1203 2592 murro·

123 2631 219 2688 mione
227 2627 444 2705 comprobasset
452 2641 554 2689 mam
563 2629 641 2704 suls,
656 2643 694 2687 aa
702 2643 763 2686 una
773 2625 1007 2687 de'renovatiorie
1018 2627 1202 2705 baptismalis

123 2741 250 2786 errorem
264 2729 417 2806 arguisset.
433 2727 565 2787 Tandem
578 2729 630 2785 vix
644 2731 809 2785 constater
821 2725 1024 2788 ecelesiasticis
1038 2725 1201 2806 historicis,

122 2823 208 2884 Pauli
227 2831 346 2902 oemte,
372 2825 520 2904 ejusmodi¹
536 2823 682 2901 baptisma
705 2823 870 2899 explevisse
884 2822 1057 2883 Canthum
1074 2841 1203 2902 suosque

123 2923 363 3000 commilitones,
391 2940 427 2983 eo
445 2925 541 3000 magis
560 2922 640 2998 quod
662 2921 772 2996 lidan,
798 2921 927 2980 haeresis
945 2924 1057 2998 initio,
1083 2925 1203 2984 minime

122 3021 316 3077 mentirentur
338 3022 486 3079 communi
507 3034 661 3094 corporum
681 3019 896 3077 resurrectioni.
921 3018 960 3094 (1)
1158 3031 1164 3044 ·

161 3115 205 3175 De
224 3131 259 3176 aa
279 3117 369 3193 igitrrr
386 3116 570 3192 baptismatis
589 3119 702 3191 specie,
729 3131 789 3191 quo
807 3115 941 3174 Christus
958 3131 1013 3191 pro
1032 3116 1127 3176 saluta
1146 3116 1201 3192 hu:

120 3217 203 3274 mani
217 3216 331 3291 generis
344 3214 507 3292 baptizatus
521 3214 593 3291 brit,
614 3212 731 3273 videtur
744 3213 859 3272 locutus
872 3213 1030 3288 Apostolus
1044 3213 1201 3274 oodnthia·

120 3315 175 3372 eis.
198 3313 449 3386 Quemadmodum
474 3327 578 3390 nernpe
595 3311 728 3372 Chr-labra
747 3311 853 3387 lesus,
874 3312 919 3371 uti
938 3309 1045 3372 dicitnr
1058 3315 1091 3371 in
1103 3313 1200 3374 Ενωιι

121 3412 218 3490 gello,
240 3418 269 3471 et
281 3413 312 3471 in
326 3411 455 3487 ejusdem
469 3410 554 3472 Pauli
569 3411 709 3487 epistolis,
725 3413 912 3486 semetipsum
926 3409 1085 3488 baptizarit
1096 3425 1201 3487 passus

148 3649 292 3714 (licerium
308 3653 408 3716 quidem
430 3655 484 3716 est,
507 3666 586 3716 neque
599 3653 765 3714 Marcionem,
785 3664 865 3714 neque
885 3651 1028 3702 cerinthum
1041 3652 1067 3701 in
1088 3651 1138 3704 illis
1151 3664 1202 3702 ver·

118 3729 386 3794 bis,aulmadvertisse
405 3734 556 3798 Apostolum.
574 3733 705 3784 cerinthus
723 3733 789 3782 enim
807 3731 887 3792 vixit,
911 3734 936 3782 et
955 3731 1040 3783 docuit
1060 3732 1131 3783 initio
1148 3745 1199 3784 sae·

119 3811 172 3862 culi
189 3812 315 3863 christiani
330 3815 451 3878 seeundi;
467 3817 492 3865 et
509 3815 601 3865 Paulus
620 3815 652 3864 ad
673 3813 813 3864 corinthios
833 3815 938 3878 primam
956 3815 1084 3878 epistolam
1104 3813 1202 3877 scripsit

117 3904 186 3944 anno
202 3893 386 3956 liedernptionls
403 3903 442 3946 51.
460 3909 504 3946 seu
521 3903 559 3948 aa.
576 3895 640 3956 Fieri
659 3909 716 3958 ergo
731 3909 782 3946 noa
797 3897 897 3959 potuit,
913 3897 943 3948 ut
960 3897 1051 3948 Padus
1070 3893 1199 3946 cariathia-

116 3985 165 4024 nos
181 3973 336 4040 redargueret
350 3975 376 4026 in
387 3976 437 4027 illis
452 3976 548 4030 litteris.
566 3977 665 4040 insuper
675 3976 811 4028 noandum
825 3979 872 4040 est,
889 3978 1034 4030 cumbum
1043 3987 1199 4043 nequaquem

117 4054 249 4106 mentitum
266 4069 319 4106 esso
337 4070 468 4122 corporum
484 4058 673 4121 resurrectioni,
696 4057 833 4120 quinimmo
856 4071 910 4108 eam
925 4057 1039 4122 probasse
1063 4057 1115 4108 suis
1130 4058 1197 4107 insti·

116 4133 256 4186 lotionibus
267 4176 275 4198 ‚
286 4149 343 4186 eum
361 4137 386 4188 et
401 4137 453 4200 ipse
469 4137 579 4188 docuerit
592 4137 718 4188 christum
733 4139 817 4188 lesum
833 4139 858 4187 in
873 4140 963 4188 terrem
977 4149 1132 4187 reversurum
1146 4132 1201 4187 luis

117 4225 165 4277 se;
182 4215 266 4280 ibique
288 4230 344 4268 mm
360 4221 385 4270 et
398 4219 532 4270 universim
556 4217 690 4282 discipulos
708 4229 790 4282 suos,
814 4233 857 4282 per
872 4218 940 4268 mille
965 4229 1059 4281 annos,
1085 4215 1199 4268 omnibns

117 4295 239 4346 irruituros
251 4298 332 4349 carnis
347 4299 520 4364 voluptatibus.

181 4377 257 4436 Pars
278 4378 341 4438 ΙΙΙ.
938 4389 973 4438 10
989 4380 1018 4405 **
