3070 5180
544 395 585 408 ..
606 373 642 427 ³3
663 399 704 410 .-

80 482 131 543 bus
151 483 256 542 merito
275 481 308 539 in
326 477 385 540 diei
407 482 454 540 sui
474 482 581 543 natalis
606 485 752 559 oratione,
770 485 924 558 praeconio
942 485 1009 563 illo,
1031 488 1165 565 quotide

79 583 138 656 ipso
162 581 235 658 legit
247 579 396 654 Ecclesia,
412 578 565 640 decoratus
586 581 645 640 est:
671 580 794 658 «Deus,
813 584 865 658 qui
887 583 1031 644 Ecclesiae
1048 591 1117 646 tuae
1135 588 1167 646 in

80 678 257 754 exponendis
286 680 376 738 saeris
403 677 558 755 Scripturis
584 679 703 738 beatum
731 680 944 758 Hieronymum
973 683 1168 744 confessorem

80 782 177 852 muru,
194 776 345 837 doctorem
362 779 525 836 mmhnum
543 777 695 853 providere
714 779 851 856 dignatus
870 795 913 839 es.
928 784 1003 840 ete.»
1067 803 1068 810 ¹

111 874 173 947 Qui
192 876 279 935 nobis
297 875 508 951 adversantur,
528 880 563 934 ut
583 875 694 934 dictum
713 882 773 953 est,
790 879 874 954 quasi
895 893 949 954 pro
970 891 1003 937 se
1022 879 1168 940 stantibus

77 977 200 1032 utuntur
216 973 390 1051 Hieronymi
413 975 537 1049 scriptis.
560 973 667 1034 Utrum
690 976 763 1051 ista,
782 991 836 1036 uec
851 993 907 1053 ne,
922 979 964 1037 lta
978 993 1009 1037 se
1027 977 1167 1054 habeant3

77 1069 301 1131 uuicmmtibm
318 1072 429 1148 multis,
450 1087 502 1131 seu
521 1074 618 1148 potius
637 1072 862 1133 obscuritatibus
875 1076 1032 1150 praevisis,
1047 1077 1079 1134 in
1093 1091 1168 1151 quas

76 1167 225 1228 offendere
244 1185 398 1245 possurnus
419 1171 511 1245 ipsius
532 1169 614 1228 libris
637 1169 782 1246 legendis,
808 1173 952 1247 praetium
976 1187 1082 1247 operae
1106 1175 1163 1232 erit

78 1265 299 1344 educationem,
321 1268 435 1344 studia,
456 1270 717 1345 peregrinationes,
739 1270 854 1346 aliaque
881 1271 960 1330 illius
982 1270 1045 1329 iata
1061 1285 1168 1346 expen-

77 1365 159 1442 dere,
189 1372 224 1424 ut
245 1366 378 1442 facilius,
402 1366 498 1443 quoad
520 1365 583 1426 sseri
606 1373 716 1444 potest,
736 1371 799 1445 ejus
819 1371 992 1428 sententiam
1012 1371 1044 1428 in
1067 1375 1168 1432 nosbu

77 1465 194 1542 negotio
213 1478 416 1540 assequamur.
474 1466 476 1474 ’
645 1497 649 1505 -
1142 1493 1145 1500 ·

111 1561 255 1622 Str-idone
273 1563 306 1622 in
324 1562 471 1622 Dalmatia
489 1569 586 1623 ortum
611 1563 696 1623 duxlt
713 1563 928 1642 Hieronymus,
954 1571 984 1625 et
1009 1565 1050 1625 lbl
1073 1567 1167 1627 odole-

78 1675 157 1719 seeus
181 1661 215 1718 in
237 1660 340 1720 litteris
359 1661 457 1720 latinis
471 1667 500 1719 et
515 1663 625 1737 graecis
640 1664 770 1736 apprime
782 1669 915 1722 versatus
932 1663 1058 1723 Romam
1072 1667 1166 1742 petiit,

77 1758 122 1818 uhi
141 1760 253 1818 ceteris
273 1761 359 1818 vauls
380 1759 484 1818 studiis
506 1759 680 1834 posthabitis
701 1759 739 1819 ad
759 1775 857 1840 sames
878 1760 989 1822 litteras
1012 1763 1166 1839 incubuit,

78 1857 104 1914 ln
124 1855 240 1932 quibus
262 1854 349 1914 valde
366 1855 520 1932 proficiens
538 1858 625 1933 paulo
644 1863 711 1932 post
724 1856 928 1934 Magisterlum
948 1859 1069 1935 adeptus
1084 1867 1138 1921 est.
1257 1879 1260 1886 ’

112 1953 296 2030 Priusquam
316 1960 415 2013 autem
431 1957 630 2030 quaestionem
644 1955 865 2033 aggrediamur,
879 1962 980 2015 utrum
997 1964 1080 2034 pater
1101 1972 1167 2018 sau-

76 2056 134 2110 ctus
161 2050 330 2127 Scripturas
358 2051 658 2112 Dantem-Canonium
684 2057 783 2128 utpote
804 2053 920 2112 divinas
949 2059 1163 2134 aestimaverit,

77 2147 202 2225 singuiis
215 2147 343 2225 patebit,
359 2147 432 2206 mihi
445 2147 569 2225 suadeo,
580 2154 689 2224 quanto
702 2154 832 2225 tempora
845 2151 1041 2228 Hieronymus
1054 2151 1167 2211 liomae

78 2246 197 2304 colonus
221 2244 326 2322 inerit,
346 2249 448 2304 contm
464 2245 658 2306 Deuterorum
670 2245 830 2306 Bibllorum
847 2247 979 2307 divinam
1008 2251 1165 2308 auemrlta-

77 2348 129 2404 ton
142 2343 223 2402 nihil
238 2343 357 2420 didicit,
372 2359 466 2420 neque
480 2344 595 2420 docuit;
610 2359 704 2420 neqm
717 2345 792 2404 luter
806 2347 868 2405 lstu'
881 2352 911 2405 et
932 2345 1035 2406 Priora
1055 2347 1165 2407 disere·

77 2445 206 2516 pantiam
227 2440 321 2500 ullam
339 2443 486 2518 concepit,
500 2441 572 2501 dum
587 2441 717 2501 Ecclesia
735 2442 871 2502 Romana
896 2442 955 2503 hnc
976 2459 1069 2520 usque
1088 2451 1162 2504 tem·

77 2543 165 2616 poris,
181 2545 217 2599 ut
229 2539 373 2615 vidimus,
391 2555 429 2598 ue
444 2538 567 2599 verbum
586 2539 704 2616 qudem
724 2540 864 2600 advemus
873 2539 1037 2618 Scripturas
1057 2539 1163 2602 Secum-

77 2635 124 2696 das
141 2639 351 2714 praesumpsit.
368 2637 431 2696 Hac
450 2652 577 2714 namque
598 2639 763 2698 incivitate
781 2638 884 2697 doctor
904 2639 982 2698 idem
999 2638 1165 2717 scripturae
1216 2681 1217 2691 .

78 2737 224 2813 egregiam
240 2751 360 2811 operam
376 2738 514 2812 navavit,
533 2734 717 2796 versionibus
735 2737 834 2796 latinis
857 2743 983 2814 tantum,
1003 2743 1032 2797 et
1053 2739 1164 2816 graecis

78 2848 159 2911 usus,
181 2835 219 2892 ln
238 2833 345 2910 qulbus
369 2831 535 2909 scripturae
555 2832 731 2892 Posteriores
757 2833 937 2912 legebantur.
969 2835 1026 2895 Sed
1046 2835 1164 2912 insuper

78 2935 187 2990 mnstnt
200 2947 239 2989 ex
256 2932 360 2990 litteris
373 2931 474 2990 multis
489 2946 609 2990 suorum
623 2933 799 3009 amicorum,
819 2939 849 2992 et
867 2935 1068 3010 episcoporum
1086 2935 1162 2993 occi·

77 3027 236 3088 deutallum
257 3028 518 3105 postulationibus,
537 3033 566 3088 et
586 3035 786 3090 matronarum
804 3047 992 3090 romanarum
1013 3033 1159 3107 petitioni-

77 3123 146 3204 bus,
171 3125 293 3204 qulbus,
315 3133 429 3202 praeter
444 3127 588 3186 ‘codicum
607 3127 810 3188 hebraicorum
830 3132 993 3206 versiones,
1015 3145 1088 3206 quos
1110 3133 1159 3205 ju·

79 3221 139 3282 daei
159 3224 279 3283 divinos
307 3222 501 3301 recipiebant,
522 3227 789 3300 interpretationem
813 3243 928 3304 quoque
947 3226 1164 3302 Scripturarum

78 3319 265 3381 Denter-arum
291 3337 329 3380 ex
355 3337 458 3382 earum
485 3322 565 3382 fonte
586 3337 705 3382 noscere
723 3323 887 3399 cupiebant.
911 3324 965 3383 His
984 3323 1160 3398 respondeus

78 3417 290 3496 Hieronymus,
310 3420 458 3478 instantiis
479 3435 581 3478 eorum
604 3420 813 3498 acqutmeens,
833 3423 875 3480 ita
897 3420 934 3479 ad
958 3419 1159 3480 Chromatium

76 3519 101 3572 et
115 3515 286 3574 liiiodorum
304 3517 453 3592 episcopos
471 3516 615 3592 loquitur:
632 3515 669 3593 (i)
684 3541 697 3569 a
710 3517 813 3577 Mirari
833 3533 894 3577 non
914 3518 1015 3577 desino
1028 3520 1155 3577 exactio-

78 3612 118 3670 nis
131 3618 249 3672 veatrae
261 3615 446 3689 instantium3
458 3616 575 3691 exigitis
589 3617 685 3691 enim,
700 3622 734 3675 ut
751 3615 858 3674 librum
872 3615 1011 3674 chaldaeo
1025 3631 1157 3675 sermone

79 3713 271 3786 couscriptum
293 3710 332 3769 ad
356 3711 479 3771 latinum
499 3713 610 3790 stylum
631 3713 764 3789 traham,
785 3711 893 3772 librum
907 3715 1008 3788 utique
1027 3711 1154 3788 Tobiae,

78 3821 159 3880 quem
174 3807 294 3867 hebraei
314 3808 352 3868 de
373 3809 505 3887 catalogo
524 3811 692 3870 divinarum
709 3809 925 3886 scripturarum
943 3816 1092 3886 secantes,
1112 3809 1159 3867 his

80 3918 148 3978 quae
171 3905 373 3984 hagiographa
397 3914 578 3984 memorant,
597 3910 812 3983 manciparunt.
839 3908 907 3966 Feci
926 3909 997 3966 satis
1017 3905 1159 3964 desiderio

79 4007 183 4080 verbo,
203 4019 265 4062 non
283 4008 382 4064 tamma
400 4022 464 4065 meo
480 4005 592 4083 studi03
617 4012 745 4083 arguunt
764 4012 793 4065 et
813 4021 867 4064 nos
888 4002 1079 4064 hebraeorum
1099 4008 1158 4061 stu·

77 4097 136 4176 dia,
151 4107 180 4160 et
198 4103 344 4179 imputant
359 4103 462 4180 nobis,
487 4111 588 4164 contra
606 4121 692 4164 suum
712 4104 859 4164 canonem
881 4105 938 4161 ista
956 4100 1120 4160 transferri.
1141 4125 1158 4152 ».

101 4289 134 4351 (i)
148 4294 175 4341 ln
192 4294 344 4345 Precianam
365 4293 422 4346 iibri
433 4294 511 4346 iatius.

151 4375 266 4435 Persi.
819 4386 836 4433 ii
884 4447 890 4486 ί
944 4397 946 4402 ·
