2964 5174
786 391 946 441 ...74-

328 501 382 560 cile
394 500 525 563 invenire
540 517 599 560 non
617 501 725 574 possit;
742 499 872 574 aequalis
885 503 984 556 tamen
999 499 1178 560 auctoritatis
1193 512 1244 556 cas
1258 495 1401 557 habendas

327 604 407 673 puto.
430 598 521 658 Totus
540 604 637 656 autem
657 596 757 656 Canon
771 595 1006 671 Scripturamm,
1025 596 1057 652 in
1070 610 1128 670 quo
1141 597 1228 653 istam
1246 595 1403 654 considera·

326 696 435 752 tionem
453 694 625 752 versandam
646 694 786 769 dicimus,
805 692 852 768 his
869 691 952 751 libris
971 694 1144 751 continetur.
1165 692 1301 767 Quinque
1324 691 1403 770 Moy·

327 793 378 867 sie,
393 790 467 850 idest
481 791 597 866 Genesi,
610 790 723 865 Exodo,
732 791 873 865 Leuitico,
889 789 1035 865 Numeris,
1054 789 1291 864 Deuteronomio,
1308 795 1337 847 et
1349 805 1404 848 uno

327 887 402 946 libro
418 888 486 946 Jesu
508 887 569 946 lilio
593 887 692 963 Nave,
711 903 771 946 uno
791 887 943 963 iudicum,
969 902 1028 945 uno
1053 885 1150 944 libello
1173 888 1224 961 qui
1245 885 1405 959 appellatur

326 984 423 1060 Ruth,
440 987 491 1059 qui
503 986 597 1060 magis
615 985 654 1044 acl
667 985 834 1060 Regnorum
849 986 1023 1060 principium
1032 982 1148 1042 uidetur
1155 984 1317 1058 pertinere,
1331 981 1406 1040 dein-

326 1082 363 1141 de
377 1089 502 1157 quatuor
517 1083 698 1160 Regnomm,
714 1089 744 1140 et
757 1082 870 1142 duobus
890 1083 1149 1156 Paralipomenon,
1162 1097 1221 1138 non
1232 1095 1407 1156 consequen·

325 1180 402 1238 tibus
421 1180 472 1238 scd
494 1183 579 1256 quasi
605 1197 623 1239 a
643 1181 733 1240 latere
752 1183 934 1257 conjunctis,
956 1180 1100 1255 simulque
1116 1178 1315 1256 pergentibus.
1333 1178 1408 1237 ilaec

326 1284 369 1336 est
387 1278 526 1354 historia,
548 1295 622 1355 quae
641 1279 757 1338 sibimet
775 1295 906 1355 annexa,
923 1286 1055 1354 tempora
1068 1280 1212 1352 concoct,
1232 1281 1323 1351 atque
1334 1275 1407 1334 ordi·

325 1391 392 1434 nem
410 1391 517 1434 rerum.
547 1375 621 1436 Sunt
649 1377 724 1435 aliae
738 1384 880 1453 tanquam
897 1393 934 1435 ex
949 1376 1066 1434 diverso
1083 1374 1201 1449 ordine,
1223 1387 1302 1447 quae
1319 1388 1407 1447 neque

325 1472 394 1531 huic
406 1473 521 1548 ordini,
535 1491 628 1550 neque
648 1477 722 1534 inter
738 1491 769 1533 se
784 1481 1011 1548 connectuntur,
1028 1475 1104 1532 sicut
1120 1471 1250 1546 critob,
1265 1467 1407 1528 ct'Tobias

324 1576 354 1629 et
372 1570 492 1646 Esther,
509 1579 539 1630 et
554 1571 677 1647 iudith,
696 1579 725 1630 et
741 1571 986 1632 Machabaeorum
1003 1569 1072 1630 libri
1084 1571 1162 1645 duo,
1183 1575 1213 1627 et
1225 1567 1338 1626 Esdrac
1352 1567 1406 1632 (luo

326 1668 377 1741 qui
391 1670 486 1744 magis
502 1669 640 1744 subsequi
656 1669 792 1728 videntur
803 1669 968 1728 ordinatam
986 1669 1067 1726 illaru
1080 1667 1248 1740 historiam,
1267 1663 1406 1740 usquead

325 1763 493 1839 Regnorum
519 1773 549 1824 et
572 1767 812 1846 Paralipomenon
836 1769 1039 1841 terminatum3
1063 1764 1167 1824 deinde
1187 1762 1363 1838 Prophetae,
1378 1763 1406 1820 in

329 1862 434 1936 quibus
449 1864 544 1924 David
557 1881 633 1924 unus
643 1866 716 1924 liber
730 1865 925 1940 Psalmorum,
937 1870 968 1922 et
979 1863 1142 1922 Salomonis
1158 1868 1218 1922 tres
1237 1859 1405 1920 Proverbio·

326 1975 409 2037 rum,
426 1961 579 2022 Canticum
597 1962 801 2037 Canticorum,
822 1969 851 2020 et
867 1962 1066 2020 Ecclesiastes.
1088 1959 1165 2018 llam
1185 1960 1231 2017 illi
1252 1959 1312 2017 duo
1332 1957 1404 2032 libri,

324 2061 467 2133 unusqui
481 2059 645 2135 Sapientia,
666 2067 696 2120 et
710 2061 785 2120 alius
797 2063 849 2135 qui
859 2059 1079 2118 Ecclesiasticus
1090 2056 1279 2132 inscribitur,
1292 2055 1329 2114 de
1339 2069 1404 2131 qua·

324 2152 396 2212 dam
413 2156 615 2233 similitudine,
626 2157 789 2216 Salomonis
807 2174 870 2216 esse
882 2157 1029 2215 dicuntur.
1045 2155 1122 2212 llam
1138 2154 1222 2212 lesus
1241 2152 1344 2214 Sirach
1362 2167 1404 2210 eos

323 2253 528 2329 conscripsisse
539 2259 771 2314 constantissime
784 2255 967 2331 perhibetur,
980 2255 1031 2330 qui
1041 2260 1152 2328 tamen,
1160 2254 1302 2328 quoniam
1315 2253 1346 2308 in
1361 2265 1405 2308 au·

324 2352 456 2409 ctoritate
471 2355 559 2428 recipi
573 2360 752 2429 mememnt,
766 2357 843 2412 inter
856 2353 929 2412 alios
946 2351 1129 2427 propheticos
1141 2350 1318 2408 numerandi
1330 2353 1401 2406 sunt.

323 2446 439 2522 Reliqui
459 2456 529 2507 sunt
541 2467 641 2508 eorum
656 2451 741 2527 libri,
755 2453 807 2527 qui
821 2452 936 2526 proprie
950 2449 1111 2524 Prophetae
1128 2447 1325 2522 appellantur,
1338 2445 1402 2504 duo·

324 2543 419 2602 (lecim
437 2545 597 2622 Prophetae
610 2549 678 2629 libri
691 2551 816 2625 singuli,
834 2552 885 2625 qui
898 2550 1022 2606 connexi
1035 2547 1161 2621 sibirnet,
1178 2548 1320 2622 quoniam
1335 2560 1403 2604 nun·

324 2656 413 2714 quam
424 2648 548 2720 sejuncti
560 2654 640 2722 sunt,
664 2663 716 2723 pro
732 2663 792 2706 uno
808 2645 972 2721 bubeutrrr,
987 2659 1112 2722 quorum
1131 2643 1345 2718 Prophetarum
1355 2657 1401 2700 no·

328 2740 408 2796 mina
423 2748 492 2800 sunt
511 2742 594 2818 buce,
613 2744 706 2818 Osee,
724 2745 804 2820 Joel,
825 2743 933 2818 Amos,
950 2742 1063 2818 Abdia,
1079 2741 1175 2816 lona,
1194 2741 1341 2816 Etobesa,
1352 2739 1403 2798 Na-

323 2834 412 2912 hum,
432 2839 585 2917 ilabacuc,
603 2841 761 2917 sophonia,
783 2841 935 2918 Aggasus,
953 2840 1110 2916 Zacharia,
1128 2839 1289 2915 Malachia,
1306 2837 1402 2898 deinde

297 2979 300 2986 .
324 2940 450 3006 quatuor
470 2936 631 3011 Prophetae
645 2945 714 2997 sunt
731 2942 875 3014 majorum
893 2938 1093 3014 volmninum,
1107 2938 1216 3012 haias,
1233 2936 1401 3008 Hieremias,

324 3030 445 3108 Daniel,
463 3034 610 3111 Ezechiel,
627 3036 674 3094 his
695 3037 892 3113 quadraginta
911 3041 1037 3112 qrmtum
1056 3035 1177 3096 libris.»
1198 3036 1237 3094 Et
1253 3041 1402 3112 postquam

323 3132 393 3188 novi
409 3130 532 3190 foederis
551 3133 693 3192 librorum
713 3134 862 3194 Cononem
881 3135 1036 3208 recensuit,
1055 3136 1114 3192 uit:
1134 3135 1192 3192 «ln
1207 3134 1255 3192 his
1274 3130 1401 3192 omnibus

323 3226 407 3286 libris
422 3230 557 3288 umentes
567 3230 633 3307 Dei,
645 3238 674 3290 et
686 3233 787 3307 pietati
802 3233 947 3290 mansueti
962 3237 1108 3310 quaerunt
1123 3231 1307 3290 voluntatem
1319 3229 1398 3289 Dei.-

363 3325 526 3386 Christiane
540 3329 646 3404 lector,
672 3330 744 3389 hacc
758 3329 848 3390 uerba
859 3329 960 3388 scdulo
973 3329 1027 3388 tibi
1041 3328 1302 3388 animaduertenda
1322 3330 1399 3398 sunt,

324 3439 377 3482 nec
394 3427 485 3482 animi
502 3431 662 3486 aestuantis
675 3435 811 3504 parturn,
828 3443 923 3503 neque
937 3429 1065 3502 partium
1083 3425 1180 3486 smnio
1204 3426 1341 3484 allectum
1356 3421 1417 3480 ho.

323 3535 389 3578 rum
408 3530 556 3583 auctorem
572 3542 635 3584 esse
654 3529 737 3584 scito.
757 3527 822 3600 Quo
844 3528 1008 3584 accuratius
1027 3525 1090 3583 (livi
1109 3525 1243 3584 Doctoris
1263 3525 1340 3583 hanc
1354 3521 1399 3578 do

323 3621 449 3678 cuinam
465 3623 626 3698 ponderes,
645 3639 680 3681 eo
697 3627 843 3682 saniorem
860 3623 940 3682 illius
964 3630 1091 3682 mentem
1108 3623 1236 3698 probes,
1252 3637 1307 3680 nec
1320 3621 1400 3679 unius

324 3715 372 3774 hic
388 3717 555 3792 probaveris
579 3723 766 3796 seutemium,
785 3722 837 3780 serl
858 3723 949 3780 totius
962 3720 1129 3780 Catholicae
1144 3721 1292 3780 Ecclesiae
1311 3719 1396 3794 speei-

325 3831 409 3890 mcn,
431 3831 466 3874 ac
483 3818 667 3890 prudentiam
684 3822 878 3896 consequeris.
894 3819 1006 3894 Verba,
1018 3818 1125 3894 quibus
1137 3818 1306 3876 divinorum
1319 3815 1397 3874 libro·

323 3929 390 3970 mm
404 3912 551 3972 Canonem
578 3915 715 3992 orditur,
734 3933 821 3977 snum
841 3919 931 3976 totius
947 3917 1129 3992 antiquitatis
1149 3917 1280 3976 studium
1291 3918 1398 3990 proten·

322 4010 409 4068 dunt.
430 4011 466 4068 Et
481 4011 537 4070 bac
555 4015 667 4073 ratione
682 4017 808 4074 tironem
826 4015 1018 4074 christiamrn
1044 4021 1159 4088 monet,
1174 4020 1210 4073 ut
1226 4014 1321 4072 solum
1332 4009 1398 4068 Scri·

323 4108 527 4182 pturaehbros
540 4109 700 4170 &noricos
717 4113 795 4188 legat
820 4115 964 4187 primum,
985 4111 1059 4170 ahos
1089 4117 1189 4172 autem
1211 4117 1297 4170 caute
1313 4111 1393 4183 legat.

327 4206 445 4266 Ceteros
464 4206 651 4286 Scripturas,
672 4209 708 4267 ‹le
725 4211 830 4285 quibus
847 4211 975 4286 loquitur
990 4211 1038 4268 hic
1058 4209 1157 4286 Pater,
1181 4213 1281 4268 omnia
1300 4209 1397 4281 scripta

324 4305 490 4382 apocrypha
502 4311 597 4382 crant,
612 4323 687 4380 quae
702 4310 803 4382 primis
815 4309 960 4370 Ecclesiae
972 4308 1150 4384 temporibus
1163 4311 1195 4366 in
1210 4324 1315 4368 manus
1328 4303 1395 4364 fide·
