2964 5174
495 423 534 434 -
557 401 610 452 tet
635 407 674 435 ’-·

86 505 106 564 ll
121 503 192 564 libro
203 504 381 582 Sapientiae,
399 507 530 566 oratione
541 507 667 567 secunda
679 509 710 566 in
726 507 789 566 Arii
800 513 956 570 sectatores
968 527 1050 570 num.
1067 519 1116 570 45.

52 603 80 662 de
95 603 231 664 vocabulo
257 607 368 664 meavit
396 605 540 666 disserens
561 605 757 682 Athanasius,
776 607 854 683 quod
873 625 933 666 non
957 613 1122 670 necessario

52 705 172 760 namnam
191 702 239 762 vel
253 708 349 761 ortum
367 701 530 780 signifieat,
547 702 598 762 sed
612 702 723 780 aliquid
737 705 817 764 aliud
834 707 913 764 eirca
926 722 1000 784 rem,
1015 708 1051 767 de
1063 725 1123 784 qua

51 799 164 876 loquitur
184 800 249 860 ilari
274 803 393 878 innuit,
423 803 503 878 quod
522 802 640 880 quidem
659 800 814 861 discrimen
839 819 900 862 non
926 807 1060 880 ignotum
1078 813 1122 866 est

51 897 153 958 divinae
170 898 353 976 scripturae,
372 916 447 978 quae
468 900 505 959 de
525 903 629 960 creatis
650 900 736 960 rebus
754 903 813 977 ait3
835 918 869 960 ae
884 904 960 961 inter
981 903 1060 980 alia,
1080 910 1122 964 te-

48 997 206 1055 stimonium
217 1013 254 1056 ex
263 993 318 1056 hoc
327 998 401 1058 libro
412 998 582 1075 colligit(1):
597 1023 610 1050 s
619 995 662 1052 Ἐν
678 999 703 1051 δι’
722 1001 754 1072 τῇ
769 997 1012 1072 cupioperperam
1028 1003 1074 1054 aar*
1087 1005 1120 1077 τῇ

50 1093 117 1164 σοφίᾳ
131 1097 184 1150 σοῦ
203 1096 400 1160 κατεσκοοοὶσνς
417 1099 460 1150 τόν
480 1094 630 1168 ἄνθρωπον,
650 1095 693 1151 ἵνα
711 1097 827 1168 decadae
855 1100 899 1150 :du
920 1096 970 1151 ὑπό
985 1117 1031 1151 σου
1047 1119 1119 1170 prro·
1148 1123 1149 1131 ν

49 1185 114 1252 μένον
134 1187 283 1258 κτισμάτων
298 1191 339 1252 si.
355 1205 382 1248 e.
397 1189 433 1246 ln
444 1187 591 1264 Sapientia
605 1196 702 1248 autern
712 1191 853 1266 scriptum
863 1195 918 1248 est:
933 1189 992 1247 -Et
1005 1187 1124 1265 Sapien-

48 1285 81 1342 tia
97 1291 148 1346 tua
169 1285 344 1346 constituisti
361 1286 527 1362 bominem,
548 1293 581 1346 ut
592 1286 791 1346 dominaretur
802 1289 953 1363 creaturis,
970 1303 1045 1363 quae
1059 1304 1077 1346 a
1094 1293 1123 1346 te

46 1379 126 1441 lacae
144 1389 227 1443 sunt.
245 1383 354 1442 »Alibi
375 1384 413 1444 ad
433 1385 567 1444 eumdem
590 1383 698 1442 librum
713 1384 751 1461 (2)
769 1384 843 1443 redit
860 1385 1010 1460 inquiens:
1030 1410 1043 1435 «
1067 1384 1124 1444 Sed

46 1495 101 1537 cum
118 1481 413 1558 incommunicabile,
437 1489 470 1542 ut
488 1484 617 1559 loquitur
638 1483 806 1560 Scriptura,
824 1483 877 1541 Dei
894 1499 1001 1542 nomen
1021 1489 1050 1541 et
1068 1483 1121 1540 ho·

45 1593 131 1637 norem
154 1581 205 1656 ils,
217 1583 269 1655 qui
286 1596 345 1639 non
363 1579 415 1657 dii,
436 1581 579 1640 ascribere
592 1581 775 1640 studerent.»
791 1581 883 1640 Paulo
902 1588 970 1640 ante
985 1581 1119 1640 dixerat:

49 1677 148 1748 «Quod
174 1683 204 1735 et
224 1677 371 1754 Sapientia
390 1678 444 1738 Ilei
460 1679 506 1738 his
525 1678 624 1738 verbis
651 1677 795 1740 declarat:
814 1680 853 1756 (3)
869 1709 881 1722 ·
895 1679 1016 1738 Initium
1033 1679 1123 1738 iorni·

44 1777 155 1833 cationis
176 1781 220 1835 est
237 1777 392 1853 exquisitio
413 1775 569 1837 idolorum.
587 1803 599 1829 ν
617 1775 738 1836 Librum
756 1777 865 1837 Tobiae
884 1795 999 1855 quoque
1013 1781 1045 1836 in
1057 1781 1119 1838 suis

45 1871 128 1931 verbis
147 1872 358 1932 confirmandis
376 1874 531 1950 compellat
539 1873 720 1934 Athanasius
734 1877 766 1933 in
782 1891 836 1934 sua
851 1875 985 1952 apologia
1000 1875 1037 1934 ad
1050 1875 1123 1935 Con-

44 1972 179 2029 stantium
192 1973 408 2048 imperatorem,
421 1988 503 2032 num.
520 1980 567 2030 17.
581 1971 652 2031 dum
665 1972 744 2031 illius
762 1976 935 2032 sententiam
949 1973 1071 2032 conlert:
1086 1973 1123 2052 (4)

43 2071 147 2135 Τούτους
179 2070 234 2142 γοίρ
262 2069 388 2142 ἐρώτησον
416 2072 541 2136 Baccha,
573 2071 630 2125 ἐπεὶ
658 2071 684 2124 δέ
707 2071 854 2144 γέγραπται
879 2073 937 2144 περὶ
957 2071 1003 2144 μὲν
1022 2071 1127 2126 ἐκείνων

42 2161 201 2237 ὅτνόμονρός
219 2162 296 2234 μωροὶ
314 2163 435 2222 λαλήσει·
455 2163 513 2234 mapa*
539 2163 568 2216 δὲ
593 2163 696 2228 τούτων,
719 2167 790 2234 nopai
808 2163 903 2225 παντὸς
924 2163 1046 2235 φρονίμου
1064 2183 1129 2234 συμ·

46 2253 146 2318 toalias
165 2251 308 2324 λάμβανε,
327 2255 348 2311 i.
365 2271 391 2313 e.
407 2253 483 2312 Istos
496 2255 574 2312 enim
588 2256 736 2330 interroga
751 2270 814 2329 rex,
827 2254 971 2331 siquidem
987 2256 1128 2330 scriptum

44 2360 80 2411 est
95 2355 133 2414 de
152 2354 232 2429 illis,
249 2353 387 2428 quoniam
404 2352 511 2411 stultus
529 2351 619 2411 stulta
638 2353 790 2428 loquetur,
811 2350 847 2409 de
858 2353 921 2410 istis
944 2357 1074 2411 autem:-
1090 2351 1129 2411 ab

45 2455 115 2511 omni
137 2455 268 2528 sapiente
287 2451 441 2510 consilium
458 2453 565 2526 accipe.
582 2476 594 2502 »ι
611 2451 647 2508 In
663 2450 797 2527 apologia
815 2456 918 2510 eontra
937 2448 1054 2508 arianos
1071 2465 1125 2509 nu-

45 2565 117 2608 mero
140 2558 187 2608 11.
211 2550 319 2623 pariter
335 2548 425 2608 verba
445 2545 553 2607 Tobiae
571 2548 660 2606 dicit:
681 2548 766 2607 «Nec
789 2547 878 2623 pudet
898 2563 947 2606 eos
963 2563 1062 2606 coram
1077 2563 1125 2606 ca·

45 2646 243 2722 tbecumenis,
262 2651 291 2704 et
306 2644 385 2721 quod
403 2647 485 2722 peius
506 2652 550 2704 est
568 2662 667 2704 coram
687 2645 810 2704 ethnicis
828 2647 968 2722 mysteria
985 2644 1058 2704 haee
1070 2651 1129 2704 tra·

45 2743 161 2806 ducere:
180 2779 193 2790 -
208 2743 284 2822 Δοόν,
296 2742 330 2804 οἱς
343 2743 504 2816 γέγραπται,
518 2744 659 2815 μυστήριον
673 2744 805 2804 Βασιλέως
822 2745 900 2796 καλὸν
916 2737 1046 2814 spensam:
1062 2747 1083 2802 i.
1100 2761 1126 2802 e.

44 2839 111 2904 Cum
129 2849 280 2921 oporteat,
304 2849 338 2903 ut
362 2845 502 2919 scriptum
526 2851 580 2920 est,
597 2847 769 2921 mysterium
784 2846 860 2920 regis
875 2843 984 2902 bonum
1006 2843 1127 2902 abscon·

47 2939 121 3001 dere.
136 2968 149 2994 u
1047 2963 1051 2974 ⁴

78 3039 125 3098 Ad
145 3041 296 3115 episcopos
314 3037 435 3116 AEgypti
451 3045 480 3098 et
500 3039 612 3118 Lybiae
630 3041 759 3100 scribens
779 3057 862 3098 num.
885 3047 914 3098 3.
937 3038 1040 3098 Sirach
1064 3054 1127 3122 scn-

44 3141 162 3196 tentiam
176 3136 294 3214 laudat,
309 3139 463 3212 inquiens:
485 3163 496 3187 o
508 3139 573 3211 Qua
587 3146 683 3198 mente
697 3139 727 3197 id
741 3139 847 3213 saciat,
862 3150 922 3195 non
932 3123 1039 3212 ignari,
1054 3153 1129 3212 quae

42 3235 181 3310 aspiritu
195 3237 228 3293 in
245 3234 329 3295 illum
346 3235 425 3294 dicta
442 3241 522 3312 sunt,
535 3235 631 3295 dicem
648 3253 817 3314 possumus:
840 3235 899 3318 Kal
910 3236 954 3288 οὐκ
980 3236 1071 3308 apator
1084 3231 1130 3287 αι’-

44 3354 82 3395 νος
98 3333 122 3388 ἐν
137 3337 172 3404 τῷ
196 3333 310 3405 στόματι
332 3337 379 3387 τοῦ
399 3334 570 3406 &pauperabant
586 3339 607 3394 i,
625 3355 650 3395 e.
668 3335 734 3394 Non
756 3342 800 3395 est
815 3339 945 3418 speciosa
959 3337 1022 3394 laus
1038 3338 1132 3393 inore

42 3439 210 3508 peccatoris.
225 3462 237 3488 a
255 3437 291 3496 In
306 3438 417 3496 Psalmi
432 3453 548 3496 cxvrm.
566 3438 745 3512 expositione
764 3453 840 3494 vers.
858 3444 907 3494 60.
927 3439 1047 3510 paratus
1063 3451 1128 3492 sum

43 3539 137 3594 etnon
146 3551 215 3594 sum
225 3535 414 3611 turbatuszffi)
430 3561 442 3588 a
455 3531 535 3596 littae
556 3535 585 3588 τό
608 3535 758 3606 εἰρημένον,
776 3534 861 3586 τέκνον
878 3534 901 3586 εἰ
922 3533 1056 3606 προσέρχῃ
1075 3537 1134 3586 dou·

41 3633 120 3686 λούειν
135 3634 212 3706 κυρίῳ
237 3631 299 3703 θεῷ,
314 3632 453 3704 ε’τοίμασον
473 3639 518 3694 τήν
539 3636 630 3709 ψυχήν
646 3658 692 3689 σου
708 3635 744 3700 εἷς
764 3636 928 3708 πειρασμόν,
950 3639 969 3692 i.
990 3652 1015 3692 e.
1033 3635 1132 3694 Sciens

43 3733 118 3806 quod
133 3735 316 3794 dictumest:
329 3766 340 3778 ·
353 3735 445 3795 Filisi
462 3740 615 3796 accesseris
632 3739 741 3795 servire
758 3737 883 3794 Domino
895 3737 973 3810 Deo,
989 3749 1131 3810 praepara

43 3832 169 3890 animam
185 3837 270 3892 mam
284 3834 322 3891 ad
335 3836 538 3893 tentationem.
555 3861 567 3884 »
585 3835 620 3892 ln
639 3835 761 3910 epistola
774 3834 933 3914 Alexandri
951 3835 1078 3908 episcopi
1092 3831 1131 3890 ad

44 3925 251 4005 Athanasium,
270 3929 308 4006 (6)
327 3933 403 3990 inter
423 3934 509 3991 istius
533 3935 642 4007 scripta
666 3934 797 4007 censita,
819 3935 861 3992 sie
880 3931 1073 3996 Ecclesiastici
1090 3929 1127 4003 (7)

69 4175 204 4241 (usqe.
217 4177 250 4227 11.
272 4203 302 4216 -
323 4177 359 4242 (ν)
375 4181 600 4242 rom.1.p.17.ea
618 4181 674 4243 sap.
695 4194 717 4229 c.
734 4181 798 4229 xxv,
821 4203 851 4216 -
873 4178 906 4243 (a)
924 4179 980 4240 sap.
999 4179 1064 4230 mv.
1086 4183 1123 4226 12.

41 4283 75 4294 -
90 4259 189 4322 (ottob.
202 4275 224 4312 o.
238 4265 279 4312 lV.
292 4271 329 4313 tt).
342 4291 372 4302 -
383 4263 417 4328 (5)
432 4264 497 4315 Ecel.
513 4279 535 4315 o.
551 4269 582 4315 ll.
597 4274 618 4315 t.
636 4292 666 4303 -
677 4262 711 4328 (6)
729 4267 821 4314 Tomi.
841 4277 865 4326 p.
887 4267 940 4312 783.
965 4286 995 4298 —
1014 4262 1049 4326 (7)
1063 4261 1129 4310 Eccl.

42 4351 67 4387 c.
81 4341 150 4391 llxx.
165 4347 188 4392 t.
