3070 5180
857 399 897 408 -
917 375 934 425 i
955 399 996 408 -
1323 415 1326 424 ,

356 483 456 544 vritate
468 479 616 561 praeditos
634 497 713 556 esse,
728 465 802 540 adeo
821 487 854 540 ut
869 483 1029 542 numeratis
1042 481 1214 559 singillatim
1224 483 1375 544 omuibus
1387 485 1481 566 libris,

370 595 445 658 quos
462 595 542 640 nuuc
561 579 650 640 editio
662 577 790 655 Vulgata
806 577 943 656 exhibet,
964 581 1007 638 eia
1026 579 1190 640 concludit:
1209 607 1223 632 α
1240 581 1274 642 Si
1297 585 1372 660 quis
1393 584 1483 644 libros

373 683 453 756 ipsos
471 682 600 756 integros
618 693 685 736 cum
703 677 838 736 omuibus
858 679 919 736 suis
935 677 1088 756 portibus,
1106 685 1194 755 prout
1212 683 1243 739 iu
1259 678 1405 741 Ecclesia
1430 681 1482 742 Cu·

373 779 484 839 tholica
498 781 557 857 legi
573 782 804 853 consueverunt,
820 783 850 835 et
866 778 899 836 ln
913 779 1004 836 veteri
1015 777 1143 854 Vulgata
1162 777 1296 838 editione
1319 779 1481 859 habentur,

372 895 426 956 pro
439 879 530 938 sacris
547 883 577 936 et
593 877 742 936 canonicis
758 891 819 934 non
834 875 1008 950 susceperit.
1021 917 1029 932 .
1041 918 1069 933 ..
1085 875 1242 935 anathema
1256 879 1312 936 sit.
1330 901 1344 929 a

413 975 453 1036 Π.
477 975 622 1048 Quamvis
635 972 792 1049 aliquando
803 971 840 1030 de
848 972 954 1030 horum
964 972 1125 1032 bibliorum
1138 973 1295 1036 divinitate
1309 976 1483 1036 dubitatum

370 1074 445 1152 fuit,
463 1073 511 1132 vel
529 1074 647 1150 potius,
669 1073 695 1130 si
718 1071 770 1146 qui
790 1085 913 1130 numero
924 1071 1121 1146 pauclssimi,
1139 1078 1254 1147 praeter
1284 1074 1368 1134 alios
1386 1074 1479 1150 pluri·

374 1171 521 1248 mos,qul
539 1175 641 1229 contra
658 1168 713 1227 hos
733 1173 855 1243 stetere,
874 1165 1037 1244 Scripturas
1046 1168 1359 1230 Dentato-Canonicas
1381 1174 1414 1229 in
1432 1173 1481 1231 du-

372 1270 454 1330 bium
471 1273 635 1344 vocarunt3
647 1273 677 1326 et
688 1268 716 1326 si
727 1266 857 1326 Ecclesia
867 1265 976 1326 Christi
989 1267 1027 1326 de
1044 1266 1102 1328 hac
1118 1267 1255 1345 resiluit,
1274 1267 1360 1328 nihil
1375 1267 1477 1328 officit.

369 1368 501 1427 Ecclesia
519 1368 597 1426 enim
617 1367 719 1441 primis
733 1364 911 1441 temporibus
931 1365 1020 1441 hujus
1036 1368 1147 1442 negotii
1163 1367 1347 1426 solutionem
1365 1373 1478 1426 transe-

372 1469 434 1543 git,
457 1471 487 1524 et
508 1469 702 1541 opportunam
728 1476 789 1521 uon
813 1463 1010 1537 existimavit3
1037 1463 1096 1521 uisi
1114 1462 1210 1522 dicere
1232 1464 1387 1541 velimus,
1411 1469 1478 1524 tuuc

283 1573 284 1576 ’
369 1564 509 1640 temporis
519 1577 613 1638 neque
626 1561 838 1620 haereticorum
850 1565 960 1636 partes,
973 1575 1029 1618 nec
1045 1559 1194 1638 singulare
1206 1560 1345 1622 audium
1356 1561 1398 1620 ad
1411 1563 1473 1622 ista·

371 1676 439 1720 rum
454 1659 669 1734 seripturarum
682 1660 885 1718 auctoritatem
897 1656 1132 1716 labefactaudmn
1142 1659 1219 1718 inter
1230 1658 1416 1720 chrisfiauos
1430 1674 1476 1718 eu·

373 1763 482 1834 dhisse,
494 1775 531 1818 ex
546 1757 652 1834 quibus
669 1773 763 1834 neque
772 1743 918 1818 Ecclesiae
926 1757 1072 1833 iudicium
1081 1757 1119 1816 de
1130 1756 1187 1818 hac
1197 1774 1230 1818 re
1239 1757 1476 1835 exspectandum

372 1863 447 1934 erat,
465 1858 579 1916 etiarm
591 1855 695 1916 dehoc
706 1854 800 1914 eidem
812 1871 984 1930 pemuasum
996 1860 1083 1932 esset,
1096 1861 1126 1915 et
1142 1855 1259 1916 mum
1274 1855 1474 1916 Deuterocc

370 1957 543 2014 nculcarum
551 1956 705 2012 veritatem
716 1959 827 2012 teneret
837 1995 846 2030 ,
857 1968 892 2012 ac
902 1953 1097 2012 divinitatem.
1103 1952 1298 2014 Potissimum
1306 1949 1411 2014 autem
1419 1952 1473 2014 hoc

373 2069 505 2112 summae
520 2052 649 2128 ejusdem
660 2051 806 2112 Ecclesiae
817 2050 988 2126 prudentiae
1004 2056 1049 2110 cst
1058 2050 1289 2130 concedendum,
1301 2054 1356 2112 cul
1370 2057 1470 2112 contra

371 2149 512 2212 hebraeos
524 2150 612 2210 hasce
628 2149 793 2226 Scripturas
810 2149 997 2238 repmhantes
1006 2149 1154 2226 nocendum
1168 2155 1249 2227 erat3
1264 2155 1301 2210 ut
1319 2148 1381 2208 hoc
1394 2147 1469 2208 inira

372 2251 501 2310 maxime
524 2248 645 2324 patebit.
669 2247 793 2322 Quando
818 2243 916 2307 autem
939 2249 1184 2322 opportunitatem
1201 2247 1417 2308 animadvertit
1433 2245 1468 2304 de

274 2345 277 2350 '
370 2348 494 2408 istarum
514 2347 615 2405 divina
634 2347 823 2420 inspiratione
839 2343 998 2421 ffimauda,
1017 2350 1047 2404 et
1063 2350 1166 2404 contra
1182 2344 1350 2406 Luthcrum
1368 2343 1468 2404 etCal·

371 2447 476 2504 viuum
490 2459 649 2524 eprumque
664 2442 895 2519 commilitones,
910 2444 961 2518 qui
974 2448 1072 2519 aperte
1088 2441 1223 2502 divinum
1240 2445 1273 2500 in
1293 2444 1372 2518 ipsis
1391 2441 1469 2502 ailla·

371 2547 437 2600 tum
458 2541 624 2618 negabant,
650 2546 680 2600 ct
701 2540 749 2599 his
770 2539 873 2600 diebus
897 2542 978 2598 omni
1000 2545 1107 2600 conatu
1129 2540 1345 2616 adversantur,
1370 2539 1467 2598 cadem

371 2638 501 2699 Ecclesia
511 2645 613 2700 contra
623 2637 740 2698 eosdem
746 2637 892 2713 judicium
900 2638 1020 2714 tulit,ac
1027 2637 1144 2714 publico
1156 2642 1186 2698 et
1194 2638 1326 2714 generali
1339 2636 1464 2710 decreto,

373 2741 528 2812 perpetuae
544 2737 746 2812 constantique
760 2735 909 2795 traditioni
920 2736 1034 2812 innixa,
1051 2733 1242 2794 Deutermm
1251 2733 1467 2811 Scripturorum

372 2837 585 2912 auctoritatem,
598 2852 757 2914 earumque
769 2842 913 2912 auderes,
925 2834 1034 2912 Spiritu
1047 2835 1154 2896 Sancto
1166 2835 1305 2912 afflante,
1317 2835 1464 2911 scripsisse

371 2933 541 2994 declaravit.
561 2935 744 3012 Eorum,qui
766 2935 852 2994 nohis
870 2934 1083 3011 adversantur,
1105 2933 1343 3010 distprialtlcueu,
1368 2939 1464 2994 utrum

370 3031 473 3092 divim
491 3049 545 3092 nco
561 3049 599 3092 ne
619 3039 717 3092 essent
733 3033 829 3092 Biblia
849 3033 1137 3096 DeuteroCanonica
1153 3032 1316 3093 Ecclesiam
1336 3044 1461 3103 movere,

371 3135 405 3188 ut
425 3145 478 3189 suo
496 3129 644 3190 infallibili
660 3129 776 3190 decreto
791 3131 865 3190 haec
885 3130 975 3218 dubia
993 3129 1031 3188 de
1049 3129 1146 3190 medio
1156 3127 1355 3207 auferrentur,
1377 3133 1460 3203 atque

374 3226 447 3286 haec
462 3227 566 3286 eadem
580 3244 693 3304 semper
713 3228 835 3305 divina,
849 3230 935 3288 sicuti
946 3228 1066 3304 Priora,
1085 3229 1216 3304 agnovit.
1229 3226 1358 3304 Ideoque
1377 3239 1459 3284 voea-

370 3323 473 3386 hulum
484 3325 800 3388 Deuteroilauonicum
813 3343 873 3387 nou
884 3329 985 3388 stricto
997 3343 1085 3386 sensu
1097 3332 1142 3386 est
1154 3326 1369 3402 accipiendum,
1380 3321 1459 3400 quasi

373 3425 423 3484 isti
442 3423 510 3482 libri
523 3431 610 3486 antea
625 3425 719 3484 divini
729 3469 738 3502 ,
748 3425 888 3486 canonici
904 3441 965 3484 uon
983 3423 1125 3501 iubs-t,
1144 3426 1231 3484 sicuti
1246 3423 1359 3498 Primi,
1376 3426 1406 3482 et
1415 3435 1459 3478 ea-

372 3519 439 3578 dem
463 3525 635 3582 auotoritate
658 3523 779 3600 donati,
799 3529 846 3584 ast
864 3523 921 3582 hoo
947 3520 1115 3582 hominibus
1136 3519 1325 3581 tribuendum
1344 3523 1408 3594 est,
1430 3529 1461 3574 uc

374 3620 516 3694 tempori,
533 3635 592 3696 quo
611 3619 759 3697 Ecclesia,
784 3627 820 3681 ut
838 3637 928 3697 supra
943 3619 1018 3696 dixi,
1034 3621 1067 3678 in
1084 3619 1183 3680 hostcs
1199 3617 1322 3693 incidit,
1336 3617 1389 3694 qui
1405 3626 1459 3672 ser-

373 3730 476 3791 mone,
490 3719 618 3794 scriptis,
627 3717 760 3778 divinam
773 3720 992 3795 inspirationem
1009 3717 1048 3776 ab
1059 3717 1107 3776 his
1124 3716 1281 3792 scripturis
1296 3713 1408 3793 eripere
1419 3723 1460 3767 w

372 3811 530 3891 nubantur3
539 3817 624 3876 istius
633 3823 731 3876 autem
741 3815 884 3891 doctores,
894 3815 966 3876 dum
974 3821 1077 3876 contra
1090 3816 1180 3890 ipsus,
1192 3819 1222 3872 et
1233 3812 1336 3888 umbo,
1345 3827 1381 3870 ac
1393 3807 1458 3870 scri·

372 3916 423 3984 pto
444 3911 611 3972 clamabant
641 3931 742 3974 earum
765 3915 912 3974 divinitati
938 3913 1113 3989 suffragati,
1131 3911 1302 3986 brevitatis,
1325 3914 1355 3969 et
1378 3904 1458 3966 clari·

372 4011 441 4068 tatis
464 4025 553 4070 causa
579 4011 652 4070 haec
680 4010 738 4071 duo
763 4011 907 4072 vocahrssa
931 4010 1189 4072 Proto-Gaoona'cu
1211 4015 1241 4068 ct
1266 4001 1458 4068 Decium-Gu-

372 4107 478 4166 aculco
497 4110 574 4167 inter
587 4109 737 4168 Romanae
755 4110 887 4186 ejusdem
907 4111 1052 4176 Ecclesiae
1079 4107 1197 4183 ildelcs,
1216 4123 1252 4165 ac
1271 4106 1409 4165 hebraeos
1432 4103 1458 4155 tt

374 4203 550 4264 acatholicos
570 4208 601 4265 iu
621 4208 839 4283 quaestiouibus
854 4223 913 4266 usu
926 4207 1048 4285 vulgata
1070 4211 1159 4282 sunt3
1181 4203 1260 4281 quod
1281 4204 1369 4263 etlam
1388 4193 1453 4256 mihi

374 4307 537 4364 necessario
555 4304 752 4382 peragendum
774 4304 822 4363 hic
839 4307 903 4363 erit.
1358 4315 1361 4322 ·
