3094 5184
848 403 888 416 ...
908 381 946 432 40
968 404 1008 416 ..

384 492 510 569 legitime
523 487 607 548 educi
620 504 723 565 posse,
753 487 803 548 ubi
817 489 889 548 haee
904 488 998 548 Bihlla
1012 487 1138 548 Deutera
1151 492 1217 547 tum
1231 487 1311 564 apud
1324 485 1460 548 hebraeos

385 595 453 648 ante
472 587 641 663 Christum,
663 603 730 646 cum
748 587 826 661 apud
843 586 1018 646 christianos
1032 585 1293 645 animadvertimus
1310 585 1462 644 Proto-Ca·

383 688 496 744 nonieis
512 684 732 760 comprehensa.
750 684 807 743 Sed
821 700 858 743 ex
872 684 928 742 hac
946 701 978 744 re
994 684 1079 743 nobis
1093 700 1208 761 quoque
1220 685 1374 744 obsisteret
1387 683 1464 742 allud
1544 665 1545 750 ζ

385 798 585 859 consequrenS,
602 789 712 842 ceteras
731 783 840 841 seilicet
856 781 1020 858 Scripturas
1034 783 1235 860 apocryphas,
1260 796 1313 840 seu
1331 782 1462 857 spurim,

383 895 457 956 quae
482 897 501 938 a
524 880 642 940 Conone
666 885 766 940 nostro
791 878 939 939 Catholico
962 878 1157 956 abjiciuntur,
1179 878 1313 938 eamdem
1333 877 1463 936 diuinam

383 981 586 1036 auctoritatem
611 977 806 1054 praeseferre3
833 977 996 1054 cujusmodi
1023 983 1119 1036 essent
1140 979 1264 1052 tertius,
1291 982 1321 1035 et
1345 981 1465 1052 quanm

383 1074 472 1152 vulgo
491 1073 586 1133 dietus
605 1075 715 1134 Esdrae
731 1074 824 1151 liber,
845 1077 947 1134 tertius
967 1080 997 1133 et
1016 1073 1409 1150 quartusMachahaeornm,
1431 1073 1463 1132 li-

385 1170 437 1230 ber
446 1171 536 1251 Epoc,
558 1175 650 1232 oratio
665 1171 829 1248 Manassis,
849 1172 963 1247 dieque
979 1170 1156 1248 fragmenta,
1171 1185 1246 1248 quae
1260 1186 1329 1230 cum
1341 1171 1466 1246 sparsim

388 1271 420 1328 in
444 1263 604 1332 Bilaliorum
628 1287 819 1346 graecorum,
845 1271 1045 1330 otiatinorum
1057 1268 1205 1328 codicibus
1217 1267 1380 1345 leguntur,
1401 1283 1466 1343 par·

383 1373 428 1426 tas
453 1373 625 1443 reputantur
645 1369 723 1428 illius
741 1370 847 1428 veteris
869 1369 1012 1427 versionis
1041 1366 1250 1444 Septuaginta,
1282 1369 1369 1442 cujus
1396 1365 1465 1424 hoo

386 1481 480 1542 usque
501 1464 650 1525 vindicavi
672 1467 885 1525 auctoritatem.

420 1560 460 1620 Ut
481 1561 550 1621 huic
570 1561 656 1622 facile
670 1563 752 1623 adsit
771 1577 961 1640 responsum,
982 1565 1064 1640 prius
1085 1561 1246 1623 notandum
1268 1567 1332 1638 est,
1360 1560 1466 1620 Christi

386 1658 546 1720 Ecclesiam
568 1676 605 1719 ex
623 1663 669 1720 sni
688 1667 754 1720 ortu
772 1663 804 1720 in
820 1660 960 1737 plurimos
976 1661 1134 1721 offendisse
1151 1660 1249 1720 hostes
1266 1676 1302 1719 ac
1316 1659 1465 1735 speciatim

386 1754 474 1833 illos,
502 1759 553 1834 qui
577 1759 712 1834 antiquas
734 1759 867 1836 judaicos
894 1761 1089 1820 institutiones
1115 1759 1272 1818 servabant
1297 1759 1466 1833 pariterue

387 1855 570 1932 evangelicas
590 1853 747 1916 dochinus.
770 1857 884 1916 Revera
905 1859 966 1934 isti,
985 1864 1019 1916 ut
1031 1859 1170 1941 novitatis
1191 1863 1360 1931 amatores,
1386 1861 1417 1913 ct
1434 1860 1466 1912 nt

387 1953 488 2012 insciis
507 1953 666 2030 quidquam
687 1954 888 2014 admirationis
910 1947 1109 2032 ostentarent,
1131 1961 1217 2032 atque
1236 1953 1374 2012 nonnihil
1393 1953 1466 2011 divi-

387 2049 488 2108 nitatis
503 2057 636 2125 saperent
648 2051 766 2112 illorum
785 2052 948 2129 doctrinae,
968 2068 1028 2130 quo
1046 2051 1161 2112 facilius
1181 2053 1385 2126 deciperentur
1401 2048 1467 2108 iide-

387 2145 447 2223 les,
486 2162 540 2206 sua
559 2150 687 2225 scripta,
713 2149 817 2225 qulbus
842 2151 924 2226 impii
948 2165 1061 2210 errores
1086 2147 1240 2226 latebant,
1262 2147 1323 2207 alto
1348 2149 1464 2207 nemim

388 2241 576 2303 Patriarchae
603 2261 655 2304 seu
682 2246 845 2323 Prophetae
861 2263 913 2308 seu
928 2247 1059 2324 Apostoll
1076 2247 1198 2324 alicujus
1213 2245 1465 2320 inscribebantur3

390 2356 426 2400 ac
447 2343 489 2400 ita
508 2346 647 2419 majorem
666 2346 744 2421 apud
763 2347 885 2424 vulgum
899 2346 1061 2406 obtinerent
1075 2347 1297 2420 aucmritatem,
1312 2358 1467 2420 parevnque

390 2439 455 2514 illl,
473 2457 535 2516 qua
547 2441 717 2502 ditabantur·
736 2443 803 2504 libri
821 2460 922 2521 reapse
941 2444 1081 2505 divinitus
1105 2443 1249 2520 lnsphatl.
1271 2440 1465 2515 samanaeos,

390 2537 566 2598 Valentinus
587 2555 744 2618 corumque
762 2545 854 2620 socii,
871 2543 994 2619 gnostici
1014 2557 1143 2620 quoque,
1163 2541 1217 2601 sub
1237 2555 1365 2617 quorum
1376 2541 1467 2598 nmai-

389 2651 428 2694 ne
440 2637 582 2712 primaevi
599 2638 737 2716 haeretici
753 2638 1057 2716 comprehenduntur,
1079 2640 1134 2699 hoo
1146 2639 1348 2718 perfecerunt,
1363 2637 1467 2713 dequo

389 2725 492 2796 tesoem
514 2736 693 2811 appellamus
715 2738 865 2796 Irenaeum
888 2739 949 2798 suis
974 2737 1109 2796 inlibris
1134 2736 1170 2796 de
1196 2734 1396 2811 Haereslbrrs,
1421 2735 1466 2792 cui

390 2831 570 2909 suffragatur
587 2837 675 2894 ctiam
697 2835 877 2912 hegesippus
896 2837 974 2912 apud
993 2837 1167 2912 Eusebium,
1187 2834 1226 2911 (1)
1246 2835 1318 2894 duna
1332 2847 1388 2893 suo
1400 2838 1467 2892 tem

328 2925 329 2931 ’
390 2945 472 3006 pore,
490 2933 586 3007 inquit
599 2933 756 2992 nonnullos
765 2950 865 2999 sacrae
874 2933 1039 3010 Scripturas
1051 2933 1140 2993 libros
1151 2933 1226 2994 falso
1239 2931 1381 2992 confictos
1393 2946 1464 2990 esse.

390 3026 459 3087 hila
478 3030 622 3104 quaedam
642 3033 750 3107 scripta
770 3035 803 3094 in
827 3048 932 3092 manus
955 3032 1180 3092 christianorum
1202 3036 1368 3108 venerunt,
1395 3045 1466 3106 quae

390 3123 512 3185 forsitan
534 3144 550 3186 e
568 3145 623 3188 sua
646 3132 757 3206 origine
771 3130 872 3190 divina
890 3131 1065 3190 revelatione
1083 3130 1227 3204 conflata,
1244 3134 1348 3204 postea
1365 3127 1404 3187 ah
1420 3129 1467 3184 im·

386 3223 446 3297 piis
465 3231 577 3284 motma
594 3225 703 3286 fuerint
716 3229 763 3286 vel
775 3235 861 3288 aucta
875 3229 922 3287 vel
935 3227 1087 3287 haereticis
1100 3227 1240 3287 doctrinis
1251 3227 1419 3302 deturpata,
1433 3224 1467 3284 ab

388 3317 520 3381 Ecclesia
532 3330 600 3382 sunt
609 3327 676 3400 jure
698 3341 717 3383 a
736 3341 819 3384 sacro
837 3325 1050 3402 seripturarum
1075 3325 1192 3385 Conone
1218 3330 1340 3384 semota
1367 3323 1465 3398 Longa

391 3435 437 3478 res
464 3427 540 3480 esset
560 3422 608 3480 hic
629 3439 782 3482 numerare
801 3423 891 3484 libros
913 3439 1012 3483 omnes
1041 3430 1152 3483 veteres
1177 3422 1382 3499 apocryphos,
1408 3423 1466 3479 siue

390 3521 525 3596 spurios,
546 3522 649 3596 quiin
671 3521 778 3580 Christi
799 3521 977 3598 Ecclesiam,
999 3522 1179 3582 adolescente
1191 3523 1223 3578 in
1242 3519 1355 3578 mundo
1371 3517 1464 3579 Euan·

390 3615 488 3693 gelio,
509 3621 696 3694 irrepserunt.
718 3619 846 3680 Tantum
860 3635 1022 3696 congruum
1038 3619 1111 3680 mihi
1129 3618 1274 3678 videbitur
1292 3618 1330 3677 de
1348 3633 1464 3694 apocry-

390 3713 458 3788 phis
472 3714 530 3774 illis
544 3717 634 3775 uerba
651 3717 762 3794 faeere,
777 3735 852 3794 quae
865 3719 961 3778 adhoc
974 3717 1148 3794 quibusdam
1169 3719 1200 3776 in
1225 3715 1377 3775 codiessm
1391 3729 1464 3791 grac·

391 3813 454 3888 oie,
487 3819 517 3871 et
545 3813 642 3873 latinis
664 3818 826 3890 promiscue
854 3822 1027 3892 supersunt,
1057 3815 1217 3874 universim
1235 3814 1389 3871 tamenin
1412 3809 1465 3868 fine

390 3907 550 3969 Bibliorum
570 3927 719 3971 sacrorum
738 3921 892 3973 censentur
911 3913 966 3972 sub
990 3913 1048 3972 alio
1069 3914 1204 3988 nomine,
1225 3918 1254 3970 ct
1276 3911 1461 3981 auctoritato,

391 4021 450 4082 quo
470 4010 597 4083 apertius
617 4007 769 4085 disciplina
781 4009 924 4070 Ecclesiae
946 4009 1111 4070 Catholicae
1131 4013 1251 4086 ejusque
1271 4009 1417 4084 sagacitas
1434 4007 1462 4062 in

391 4104 437 4165 his
449 4103 605 4181 Scripturis
624 4110 731 4182 spuriis
751 4107 940 4183 reprobandis
959 4110 1136 4184 praestitisse
1156 4107 1317 4182 credatur3
1347 4113 1377 4165 et
1394 4119 1459 4164 oon·

416 4317 451 4381 (ι)
473 4319 560 4371 nucu.
583 4321 645 4370 ater.
668 4322 732 4372 soor.
758 4321 854 4372 un1v.
878 4330 951 4373 aar.
