<?xml version="1.0" encoding="UTF-8"?>
<!DOCTYPE html PUBLIC "-//W3C//DTD XHTML 1.0 Transitional//EN"
    "http://www.w3.org/TR/xhtml1/DTD/xhtml1-transitional.dtd">
<html xmlns="http://www.w3.org/1999/xhtml" xml:lang="en" lang="en">
 <head>
  <title>
</title>
<meta http-equiv="Content-Type" content="text/html;charset=utf-8" />
  <meta name='ocr-system' content='tesseract 3.04.00' />
  <meta name='ocr-capabilities' content='ocr_page ocr_carea ocr_par ocr_line ocrx_word'/>
</head>
<body>
  <div class='ocr_page' id='page_1' title='image "./sessioquartacon00vincgoog_0282.png"; bbox 0 0 3022 5178; ppageno 0'>
   <div class='ocr_carea' id='block_1_1' title="bbox 538 393 717 446">
    <p class='ocr_par' dir='ltr' id='par_1_1' title="bbox 538 393 717 446">
     <span class='ocr_line' id='line_1_1' title="bbox 538 393 717 446; baseline -0.011 -2"><span class='ocrx_word' id='word_1_1' title='bbox 538 419 578 428; x_wconf 93' lang='lat'><em>-</em></span> <span class='ocrx_word' id='word_1_2' title='bbox 599 393 654 446; x_wconf 77' lang='lat'><strong>227</strong></span> <span class='ocrx_word' id='word_1_3' title='bbox 677 417 717 428; x_wconf 82' lang='lat'><strong>—-</strong></span> 
     </span>
    </p>
   </div>
   <div class='ocr_carea' id='block_1_2' title="bbox 0 500 1170 2143">
    <p class='ocr_par' dir='ltr' id='par_1_2' title="bbox 0 500 1170 2143">
     <span class='ocr_line' id='line_1_2' title="bbox 83 500 1170 580; baseline 0.005 -18"><span class='ocrx_word' id='word_1_4' title='bbox 83 519 229 580; x_wconf 75' lang='lat' dir='ltr'><strong>mespha,</strong></span> <span class='ocrx_word' id='word_1_5' title='bbox 248 517 323 578; x_wconf 91' lang='lat' dir='ltr'><strong>quae</strong></span> <span class='ocrx_word' id='word_1_6' title='bbox 343 500 377 560; x_wconf 90' lang='lat' dir='ltr'><strong>iit</strong></span> <span class='ocrx_word' id='word_1_7' title='bbox 392 517 430 560; x_wconf 80' lang='lat' dir='ltr'><strong>ex</strong></span> <span class='ocrx_word' id='word_1_8' title='bbox 446 500 609 560; x_wconf 84' lang='lat' dir='ltr'><strong>substantia</strong></span> <span class='ocrx_word' id='word_1_9' title='bbox 626 517 807 578; x_wconf 89' lang='lat' dir='ltr'><strong>pauperum,</strong></span> <span class='ocrx_word' id='word_1_10' title='bbox 831 505 915 578; x_wconf 86' lang='lat' dir='ltr'><strong>quasi</strong></span> <span class='ocrx_word' id='word_1_11' title='bbox 937 506 988 580; x_wconf 83' lang='lat' dir='ltr'><strong>qui</strong></span> <span class='ocrx_word' id='word_1_12' title='bbox 1010 507 1118 566; x_wconf 78' lang='lat' dir='ltr'><strong>mactat</strong></span> <span class='ocrx_word' id='word_1_13' title='bbox 1137 507 1170 566; x_wconf 88' lang='lat' dir='ltr'><strong>ii·</strong></span> 
     </span>
     <span class='ocr_line' id='line_1_3' title="bbox 83 599 1167 676; baseline 0.005 -17"><span class='ocrx_word' id='word_1_14' title='bbox 83 600 157 660; x_wconf 91' lang='lat' dir='ltr'><strong>lium</strong></span> <span class='ocrx_word' id='word_1_15' title='bbox 167 602 199 658; x_wconf 92' lang='lat' dir='ltr'><strong>in</strong></span> <span class='ocrx_word' id='word_1_16' title='bbox 208 605 365 674; x_wconf 87' lang='lat' dir='ltr'><strong>conspectu</strong></span> <span class='ocrx_word' id='word_1_17' title='bbox 379 600 469 675; x_wconf 87' lang='lat' dir='ltr'><strong>patris</strong></span> <span class='ocrx_word' id='word_1_18' title='bbox 484 599 610 658; x_wconf 80' lang='lat' dir='ltr'><strong>sui.»1n</strong></span> <span class='ocrx_word' id='word_1_19' title='bbox 626 599 784 674; x_wconf 87' lang='lat' dir='ltr'><strong>exemplari</strong></span> <span class='ocrx_word' id='word_1_20' title='bbox 798 599 1006 676; x_wconf 86' lang='lat' dir='ltr'><strong>synodicorum</strong></span> <span class='ocrx_word' id='word_1_21' title='bbox 1023 601 1167 664; x_wconf 81' lang='lat' dir='ltr'><strong>Theodori</strong></span> 
     </span>
     <span class='ocr_line' id='line_1_4' title="bbox 82 695 1168 776; baseline 0.006 -19"><span class='ocrx_word' id='word_1_22' title='bbox 82 696 269 775; x_wconf 79' lang='lat' dir='ltr'><strong>patriarchae</strong></span> <span class='ocrx_word' id='word_1_23' title='bbox 282 695 559 774; x_wconf 89' lang='lat' dir='ltr'><strong>hierosolymorum,</strong></span> <span class='ocrx_word' id='word_1_24' title='bbox 578 697 657 773; x_wconf 92' lang='lat' dir='ltr'><strong>quod</strong></span> <span class='ocrx_word' id='word_1_25' title='bbox 674 695 798 756; x_wconf 89' lang='lat' dir='ltr'><strong>habetur</strong></span> <span class='ocrx_word' id='word_1_26' title='bbox 812 699 843 754; x_wconf 92' lang='lat' dir='ltr'><strong>in</strong></span> <span class='ocrx_word' id='word_1_27' title='bbox 858 699 971 757; x_wconf 90' lang='lat' dir='ltr'><strong>actione</strong></span> <span class='ocrx_word' id='word_1_28' title='bbox 981 707 1086 776; x_wconf 88' lang='lat' dir='ltr'><strong>quarta</strong></span> <span class='ocrx_word' id='word_1_29' title='bbox 1099 718 1168 762; x_wconf 90' lang='lat' dir='ltr'><strong>con·</strong></span> 
     </span>
     <span class='ocr_line' id='line_1_5' title="bbox 1 792 1168 883; baseline 0.005 -29"><span class='ocrx_word' id='word_1_30' title='bbox 1 792 3 883; x_wconf 61' lang='lat' dir='ltr'><em>J</em></span> <span class='ocrx_word' id='word_1_31' title='bbox 83 796 144 855; x_wconf 93' lang='lat' dir='ltr'><strong>ciiii</strong></span> <span class='ocrx_word' id='word_1_32' title='bbox 164 795 279 853; x_wconf 90' lang='lat' dir='ltr'><strong>nicaeni</strong></span> <span class='ocrx_word' id='word_1_33' title='bbox 293 793 413 857; x_wconf 79' lang='lat' dir='ltr'><strong>srcrrndi</strong></span> <span class='ocrx_word' id='word_1_34' title='bbox 426 794 531 870; x_wconf 87' lang='lat' dir='ltr'><strong>iegitur</strong></span> <span class='ocrx_word' id='word_1_35' title='bbox 544 811 581 852; x_wconf 84' lang='lat' dir='ltr'><strong>ex</strong></span> <span class='ocrx_word' id='word_1_36' title='bbox 594 793 757 871; x_wconf 82' lang='lat' dir='ltr'><strong>Sapientia:</strong></span> <span class='ocrx_word' id='word_1_37' title='bbox 779 819 791 846; x_wconf 75' lang='lat' dir='ltr'><strong>a</strong></span> <span class='ocrx_word' id='word_1_38' title='bbox 805 793 858 853; x_wconf 91' lang='lat' dir='ltr'><strong>Isti</strong></span> <span class='ocrx_word' id='word_1_39' title='bbox 875 798 952 854; x_wconf 89' lang='lat' dir='ltr'><strong>enim</strong></span> <span class='ocrx_word' id='word_1_40' title='bbox 967 797 1096 875; x_wconf 88' lang='lat' dir='ltr'><strong>(sancti)</strong></span> <span class='ocrx_word' id='word_1_41' title='bbox 1112 803 1168 876; x_wconf 92' lang='lat' dir='ltr'><strong>ipsi</strong></span> 
     </span>
     <span class='ocr_line' id='line_1_6' title="bbox 1 891 1167 979; baseline 0.005 -28"><span class='ocrx_word' id='word_1_42' title='bbox 1 968 3 979; x_wconf 35' lang='grc' dir='ltr'>Ι</span> <span class='ocrx_word' id='word_1_43' title='bbox 81 891 204 952; x_wconf 87' lang='lat' dir='ltr'><strong>cellaria</strong></span> <span class='ocrx_word' id='word_1_44' title='bbox 221 891 293 965; x_wconf 86' lang='lat' dir='ltr'><strong>Ilei,</strong></span> <span class='ocrx_word' id='word_1_45' title='bbox 314 897 343 950; x_wconf 92' lang='lat' dir='ltr'><strong>et</strong></span> <span class='ocrx_word' id='word_1_46' title='bbox 367 891 535 950; x_wconf 89' lang='lat' dir='ltr'><strong>habitacula</strong></span> <span class='ocrx_word' id='word_1_47' title='bbox 552 891 678 968; x_wconf 88' lang='lat' dir='ltr'><strong>munda,</strong></span> <span class='ocrx_word' id='word_1_48' title='bbox 699 894 850 968; x_wconf 84' lang='lat' dir='ltr'><strong>sanctique</strong></span> <span class='ocrx_word' id='word_1_49' title='bbox 874 895 993 969; x_wconf 89' lang='lat' dir='ltr'><strong>spiritus</strong></span> <span class='ocrx_word' id='word_1_50' title='bbox 1010 899 1167 971; x_wconf 86' lang='lat' dir='ltr'><strong>purissima</strong></span> 
     </span>
     <span class='ocr_line' id='line_1_7' title="bbox 1 988 1166 1066; baseline 0.009 -26"><span class='ocrx_word' id='word_1_51' title='bbox 1 990 2 1006; x_wconf 67' lang='lat'>³</span> <span class='ocrx_word' id='word_1_52' title='bbox 81 990 202 1066; x_wconf 77' lang='lat' dir='ltr'><strong>specilla</strong></span> <span class='ocrx_word' id='word_1_53' title='bbox 221 988 292 1048; x_wconf 78' lang='lat' dir='ltr'><strong>facti</strong></span> <span class='ocrx_word' id='word_1_54' title='bbox 310 995 395 1049; x_wconf 85' lang='lat' dir='ltr'><strong>sunt:</strong></span> <span class='ocrx_word' id='word_1_55' title='bbox 410 989 495 1043; x_wconf 70' lang='lat' dir='ltr'><strong>&#39;iana</strong></span> <span class='ocrx_word' id='word_1_56' title='bbox 508 991 552 1046; x_wconf 76' lang='grc' dir='ltr'><strong><em>καί</em></strong></span> <span class='ocrx_word' id='word_1_57' title='bbox 568 991 599 1044; x_wconf 77' lang='grc' dir='ltr'><strong>αἱ</strong></span> <span class='ocrx_word' id='word_1_58' title='bbox 612 988 702 1066; x_wconf 68' lang='grc' dir='ltr'><strong><em>ψυχαὶ</em></strong></span> <span class='ocrx_word' id='word_1_59' title='bbox 717 989 798 1048; x_wconf 74' lang='grc' dir='ltr'><strong><em>αὑτῶν</em></strong></span> <span class='ocrx_word' id='word_1_60' title='bbox 818 988 843 1045; x_wconf 79' lang='lat' dir='ltr'><strong>r&#39;s</strong></span> <span class='ocrx_word' id='word_1_61' title='bbox 853 991 925 1064; x_wconf 73' lang='grc' dir='ltr'>χιιρὶ</span> <span class='ocrx_word' id='word_1_62' title='bbox 943 994 1010 1046; x_wconf 76' lang='grc' dir='ltr'><strong>Θεοῦ</strong></span> <span class='ocrx_word' id='word_1_63' title='bbox 1021 994 1166 1066; x_wconf 62' lang='lat' dir='ltr'><strong>recitares</strong></span> 
     </span>
     <span class='ocr_line' id='line_1_8' title="bbox 79 1087 1164 1170; baseline 0.012 -28"><span class='ocrx_word' id='word_1_64' title='bbox 79 1088 112 1150; x_wconf 65' lang='grc' dir='ltr'><strong>ῶς</strong></span> <span class='ocrx_word' id='word_1_65' title='bbox 132 1088 282 1160; x_wconf 64' lang='grc' dir='ltr'><strong>γέγραπται</strong></span> <span class='ocrx_word' id='word_1_66' title='bbox 298 1127 305 1152; x_wconf 93' lang='grc'><em>,</em></span> <span class='ocrx_word' id='word_1_67' title='bbox 324 1090 345 1146; x_wconf 91' lang='lat' dir='ltr'><strong>i.</strong></span> <span class='ocrx_word' id='word_1_68' title='bbox 361 1105 387 1148; x_wconf 90' lang='lat' dir='ltr'><strong>e.</strong></span> <span class='ocrx_word' id='word_1_69' title='bbox 403 1087 460 1148; x_wconf 90' lang='lat' dir='ltr'><strong>Sed</strong></span> <span class='ocrx_word' id='word_1_70' title='bbox 472 1095 501 1148; x_wconf 88' lang='lat' dir='ltr'><strong>et</strong></span> <span class='ocrx_word' id='word_1_71' title='bbox 509 1092 656 1164; x_wconf 86' lang='lat' dir='ltr'><strong>justorum</strong></span> <span class='ocrx_word' id='word_1_72' title='bbox 671 1091 786 1147; x_wconf 89' lang='lat' dir='ltr'><strong>animae</strong></span> <span class='ocrx_word' id='word_1_73' title='bbox 801 1089 833 1146; x_wconf 91' lang='lat' dir='ltr'><strong>iu</strong></span> <span class='ocrx_word' id='word_1_74' title='bbox 848 1105 939 1149; x_wconf 89' lang='lat' dir='ltr'><strong>mann</strong></span> <span class='ocrx_word' id='word_1_75' title='bbox 951 1089 1005 1150; x_wconf 91' lang='lat' dir='ltr'><strong>Dei</strong></span> <span class='ocrx_word' id='word_1_76' title='bbox 1023 1099 1110 1170; x_wconf 88' lang='lat' dir='ltr'><strong>sunt,</strong></span> <span class='ocrx_word' id='word_1_77' title='bbox 1124 1096 1164 1154; x_wconf 89' lang='lat' dir='ltr'><strong>si·</strong></span> 
     </span>
     <span class='ocr_line' id='line_1_9' title="bbox 80 1185 1166 1264; baseline 0.005 -19"><span class='ocrx_word' id='word_1_78' title='bbox 80 1192 133 1246; x_wconf 90' lang='lat' dir='ltr'><strong>cut</strong></span> <span class='ocrx_word' id='word_1_79' title='bbox 150 1189 293 1262; x_wconf 87' lang='lat' dir='ltr'><strong>scriptum</strong></span> <span class='ocrx_word' id='word_1_80' title='bbox 311 1193 364 1246; x_wconf 89' lang='lat' dir='ltr'><strong>est.</strong></span> <span class='ocrx_word' id='word_1_81' title='bbox 377 1211 390 1237; x_wconf 74' lang='grc' dir='ltr'><strong>ι»</strong></span> <span class='ocrx_word' id='word_1_82' title='bbox 407 1187 444 1246; x_wconf 92' lang='lat' dir='ltr'><strong>In</strong></span> <span class='ocrx_word' id='word_1_83' title='bbox 463 1185 798 1262; x_wconf 84' lang='lat' dir='ltr'><strong>canonexv1.ejusdem</strong></span> <span class='ocrx_word' id='word_1_84' title='bbox 815 1187 949 1264; x_wconf 87' lang='lat' dir='ltr'><strong>concilii,</strong></span> <span class='ocrx_word' id='word_1_85' title='bbox 971 1188 1166 1252; x_wconf 84' lang='lat' dir='ltr'><strong>Ecclesiastici</strong></span> 
     </span>
     <span class='ocr_line' id='line_1_10' title="bbox 81 1283 1166 1362; baseline 0.007 -20"><span class='ocrx_word' id='word_1_86' title='bbox 81 1283 163 1344; x_wconf 90' lang='lat' dir='ltr'><strong>dicta</strong></span> <span class='ocrx_word' id='word_1_87' title='bbox 182 1291 365 1362; x_wconf 90' lang='lat' dir='ltr'><strong>repetuntur:</strong></span> <span class='ocrx_word' id='word_1_88' title='bbox 400 1283 593 1360; x_wconf 74' lang='lat' dir='ltr'><strong>«completur</strong></span> <span class='ocrx_word' id='word_1_89' title='bbox 613 1286 643 1342; x_wconf 95' lang='lat' dir='ltr'><strong>in</strong></span> <span class='ocrx_word' id='word_1_90' title='bbox 664 1287 706 1342; x_wconf 88' lang='lat' dir='ltr'><strong>eis</strong></span> <span class='ocrx_word' id='word_1_91' title='bbox 725 1284 804 1362; x_wconf 89' lang='lat' dir='ltr'><strong>quod</strong></span> <span class='ocrx_word' id='word_1_92' title='bbox 823 1286 964 1360; x_wconf 88' lang='lat' dir='ltr'><strong>seriptum</strong></span> <span class='ocrx_word' id='word_1_93' title='bbox 984 1293 1044 1346; x_wconf 90' lang='lat' dir='ltr'><strong>est:</strong></span> <span class='ocrx_word' id='word_1_94' title='bbox 1062 1287 1166 1350; x_wconf 75' lang='lat' dir='ltr'><strong>-Airo-</strong></span> 
     </span>
     <span class='ocr_line' id='line_1_11' title="bbox 0 1368 1163 1462; baseline 0.008 -23"><span class='ocrx_word' id='word_1_95' title='bbox 0 1368 2 1379; x_wconf 72' lang='grc'>’</span> <span class='ocrx_word' id='word_1_96' title='bbox 82 1384 207 1442; x_wconf 90' lang='lat' dir='ltr'><strong>minatio</strong></span> <span class='ocrx_word' id='word_1_97' title='bbox 233 1384 377 1460; x_wconf 82' lang='lat' dir='ltr'><strong>peccatori</strong></span> <span class='ocrx_word' id='word_1_98' title='bbox 400 1383 453 1442; x_wconf 90' lang='lat' dir='ltr'><strong>Dei</strong></span> <span class='ocrx_word' id='word_1_99' title='bbox 478 1382 584 1442; x_wconf 91' lang='lat' dir='ltr'><strong>cuitus.</strong></span> <span class='ocrx_word' id='word_1_100' title='bbox 600 1407 612 1433; x_wconf 85' lang='lat'>»</span> <span class='ocrx_word' id='word_1_101' title='bbox 629 1383 665 1440; x_wconf 93' lang='lat' dir='ltr'><strong>in</strong></span> <span class='ocrx_word' id='word_1_102' title='bbox 688 1382 810 1458; x_wconf 88' lang='lat' dir='ltr'><strong>epistola</strong></span> <span class='ocrx_word' id='word_1_103' title='bbox 833 1381 966 1460; x_wconf 83' lang='lat' dir='ltr'><strong>Gregorii</strong></span> <span class='ocrx_word' id='word_1_104' title='bbox 992 1383 1089 1462; x_wconf 85' lang='lat' dir='ltr'><strong>Papae</strong></span> <span class='ocrx_word' id='word_1_105' title='bbox 1110 1388 1163 1448; x_wconf 92' lang='lat' dir='ltr'><strong>iii.</strong></span> 
     </span>
     <span class='ocr_line' id='line_1_12' title="bbox 1 1479 1164 1561; baseline 0.004 -21"><span class='ocrx_word' id='word_1_106' title='bbox 1 1489 3 1496; x_wconf 68' lang='lat'><em>&#39;</em></span> <span class='ocrx_word' id='word_1_107' title='bbox 83 1481 124 1540; x_wconf 86' lang='lat' dir='ltr'><strong>ad</strong></span> <span class='ocrx_word' id='word_1_108' title='bbox 144 1480 324 1540; x_wconf 82' lang='lat' dir='ltr'><strong>Germanum</strong></span> <span class='ocrx_word' id='word_1_109' title='bbox 339 1479 620 1556; x_wconf 83' lang='lat' dir='ltr'><strong>constantinopoleos</strong></span> <span class='ocrx_word' id='word_1_110' title='bbox 632 1479 840 1557; x_wconf 89' lang='lat' dir='ltr'><strong>patriarcham,</strong></span> <span class='ocrx_word' id='word_1_111' title='bbox 851 1497 867 1538; x_wconf 91' lang='lat' dir='ltr'><strong>e</strong></span> <span class='ocrx_word' id='word_1_112' title='bbox 877 1480 1005 1542; x_wconf 88' lang='lat' dir='ltr'><strong>Danielis</strong></span> <span class='ocrx_word' id='word_1_113' title='bbox 1019 1499 1083 1561; x_wconf 91' lang='lat' dir='ltr'><strong>cap.</strong></span> <span class='ocrx_word' id='word_1_114' title='bbox 1097 1502 1164 1545; x_wconf 74' lang='grc' dir='ltr'>ιιι.</span> 
     </span>
     <span class='ocr_line' id='line_1_13' title="bbox 85 1577 1167 1655; baseline 0.006 -18.496"><span class='ocrx_word' id='word_1_115' title='bbox 85 1577 160 1636; x_wconf 89' lang='lat' dir='ltr'><strong>haec</strong></span> <span class='ocrx_word' id='word_1_116' title='bbox 177 1577 314 1655; x_wconf 87' lang='lat' dir='ltr'><strong>leguntur</strong></span> <span class='ocrx_word' id='word_1_117' title='bbox 332 1577 368 1636; x_wconf 90' lang='lat' dir='ltr'><strong>de</strong></span> <span class='ocrx_word' id='word_1_118' title='bbox 387 1578 465 1637; x_wconf 92' lang='lat' dir='ltr'><strong>idolo</strong></span> <span class='ocrx_word' id='word_1_119' title='bbox 482 1577 550 1636; x_wconf 92' lang='lat' dir='ltr'><strong>Bel:</strong></span> <span class='ocrx_word' id='word_1_120' title='bbox 570 1577 642 1637; x_wconf 73' lang='lat' dir='ltr'><strong>«rin</strong></span> <span class='ocrx_word' id='word_1_121' title='bbox 663 1593 764 1637; x_wconf 90' lang='lat' dir='ltr'><strong>rursus</strong></span> <span class='ocrx_word' id='word_1_122' title='bbox 778 1593 797 1637; x_wconf 89' lang='lat' dir='ltr'><strong>a</strong></span> <span class='ocrx_word' id='word_1_123' title='bbox 809 1578 893 1638; x_wconf 90' lang='lat' dir='ltr'><strong>nobis</strong></span> <span class='ocrx_word' id='word_1_124' title='bbox 912 1579 1056 1640; x_wconf 86' lang='lat' dir='ltr'><strong>sacrificia</strong></span> <span class='ocrx_word' id='word_1_125' title='bbox 1071 1581 1122 1642; x_wconf 88' lang='lat' dir='ltr'><strong>Bel</strong></span> <span class='ocrx_word' id='word_1_126' title='bbox 1136 1586 1167 1643; x_wconf 94' lang='lat' dir='ltr'><strong>in</strong></span> 
     </span>
     <span class='ocr_line' id='line_1_14' title="bbox 84 1674 1168 1754; baseline 0.005 -19"><span class='ocrx_word' id='word_1_127' title='bbox 84 1675 256 1754; x_wconf 88' lang='lat' dir='ltr'><strong>Babylone,</strong></span> <span class='ocrx_word' id='word_1_128' title='bbox 273 1683 303 1736; x_wconf 90' lang='lat' dir='ltr'><strong>et</strong></span> <span class='ocrx_word' id='word_1_129' title='bbox 324 1675 433 1734; x_wconf 88' lang='lat' dir='ltr'><strong>dracon</strong></span> <span class='ocrx_word' id='word_1_130' title='bbox 452 1678 483 1733; x_wconf 91' lang='lat' dir='ltr'><strong>in</strong></span> <span class='ocrx_word' id='word_1_131' title='bbox 503 1674 668 1734; x_wconf 90' lang='lat' dir='ltr'><strong>Palaestina</strong></span> <span class='ocrx_word' id='word_1_132' title='bbox 688 1674 786 1735; x_wconf 91' lang='lat' dir='ltr'><strong>oblata</strong></span> <span class='ocrx_word' id='word_1_133' title='bbox 803 1677 918 1735; x_wconf 81' lang='lat' dir='ltr'><strong>suntl»</strong></span> <span class='ocrx_word' id='word_1_134' title='bbox 939 1676 1050 1738; x_wconf 85' lang='lat' dir='ltr'><strong>Deinde</strong></span> <span class='ocrx_word' id='word_1_135' title='bbox 1069 1679 1106 1738; x_wconf 89' lang='lat' dir='ltr'><strong>de</strong></span> <span class='ocrx_word' id='word_1_136' title='bbox 1118 1679 1168 1740; x_wconf 80' lang='lat' dir='ltr'><strong>iu·</strong></span> 
     </span>
     <span class='ocr_line' id='line_1_15' title="bbox 82 1771 1168 1852; baseline 0.006 -20"><span class='ocrx_word' id='word_1_137' title='bbox 82 1772 149 1832; x_wconf 92' lang='lat' dir='ltr'><strong>dith</strong></span> <span class='ocrx_word' id='word_1_138' title='bbox 171 1774 228 1832; x_wconf 89' lang='lat' dir='ltr'><strong>ait:</strong></span> <span class='ocrx_word' id='word_1_139' title='bbox 247 1774 309 1832; x_wconf 74' lang='lat' dir='ltr'><strong>«itt</strong></span> <span class='ocrx_word' id='word_1_140' title='bbox 330 1773 386 1832; x_wconf 94' lang='lat' dir='ltr'><strong>hoc</strong></span> <span class='ocrx_word' id='word_1_141' title='bbox 406 1775 512 1832; x_wconf 88' lang='lat' dir='ltr'><strong>mirum</strong></span> <span class='ocrx_word' id='word_1_142' title='bbox 532 1788 592 1831; x_wconf 93' lang='lat' dir='ltr'><strong>nou</strong></span> <span class='ocrx_word' id='word_1_143' title='bbox 609 1779 672 1849; x_wconf 74' lang='lat' dir='ltr'><strong>est,</strong></span> <span class='ocrx_word' id='word_1_144' title='bbox 689 1775 715 1831; x_wconf 90' lang='lat' dir='ltr'><strong>si</strong></span> <span class='ocrx_word' id='word_1_145' title='bbox 732 1775 809 1832; x_wconf 90' lang='lat' dir='ltr'><strong>enim</strong></span> <span class='ocrx_word' id='word_1_146' title='bbox 827 1771 962 1833; x_wconf 88' lang='lat' dir='ltr'><strong>Bethuiia</strong></span> <span class='ocrx_word' id='word_1_147' title='bbox 978 1791 1028 1852; x_wconf 90' lang='lat' dir='ltr'><strong>per</strong></span> <span class='ocrx_word' id='word_1_148' title='bbox 1046 1792 1168 1838; x_wconf 90' lang='lat' dir='ltr'><strong>manum</strong></span> 
     </span>
     <span class='ocr_line' id='line_1_16' title="bbox 1 1853 1167 1951; baseline 0.005 -21"><span class='ocrx_word' id='word_1_149' title='bbox 1 1877 2 1880; x_wconf 76' lang='grc'>’</span> <span class='ocrx_word' id='word_1_150' title='bbox 82 1870 190 1931; x_wconf 85' lang='lat' dir='ltr'><strong>Judiih</strong></span> <span class='ocrx_word' id='word_1_151' title='bbox 211 1872 378 1932; x_wconf 84' lang='lat' dir='ltr'><strong>israelitidis</strong></span> <span class='ocrx_word' id='word_1_152' title='bbox 398 1871 585 1947; x_wconf 86' lang='lat' dir='ltr'><strong>salvabatur,</strong></span> <span class='ocrx_word' id='word_1_153' title='bbox 607 1853 689 1947; x_wconf 69' lang='lat' dir='ltr'><strong>cujris</strong></span> <span class='ocrx_word' id='word_1_154' title='bbox 703 1887 775 1947; x_wconf 87' lang='lat' dir='ltr'><strong>opus</strong></span> <span class='ocrx_word' id='word_1_155' title='bbox 796 1871 992 1947; x_wconf 88' lang='lat' dir='ltr'><strong>Hoiophernis</strong></span> <span class='ocrx_word' id='word_1_156' title='bbox 1008 1879 1167 1951; x_wconf 88' lang='lat' dir='ltr'><strong>peremptio</strong></span> 
     </span>
     <span class='ocr_line' id='line_1_17' title="bbox 4 1967 1162 2049; baseline 0.002 -21"><span class='ocrx_word' id='word_1_157' title='bbox 4 1985 5 1990; x_wconf 50' lang='lat'>¹</span> <span class='ocrx_word' id='word_1_158' title='bbox 81 1967 157 2046; x_wconf 82' lang='lat' dir='ltr'><strong>fuit,</strong></span> <span class='ocrx_word' id='word_1_159' title='bbox 182 1975 211 2028; x_wconf 89' lang='lat' dir='ltr'><strong>et</strong></span> <span class='ocrx_word' id='word_1_160' title='bbox 230 1968 307 2028; x_wconf 90' lang='lat' dir='ltr'><strong>hanc</strong></span> <span class='ocrx_word' id='word_1_161' title='bbox 327 1969 511 2028; x_wconf 86' lang='lat' dir='ltr'><strong>salvatricem</strong></span> <span class='ocrx_word' id='word_1_162' title='bbox 530 1969 641 2045; x_wconf 88' lang='lat' dir='ltr'><strong>lsrael,</strong></span> <span class='ocrx_word' id='word_1_163' title='bbox 659 1970 711 2044; x_wconf 89' lang='lat' dir='ltr'><strong>qui</strong></span> <span class='ocrx_word' id='word_1_164' title='bbox 727 1984 779 2043; x_wconf 90' lang='lat' dir='ltr'><strong>per</strong></span> <span class='ocrx_word' id='word_1_165' title='bbox 798 1968 875 2026; x_wconf 90' lang='lat' dir='ltr'><strong>idem</strong></span> <span class='ocrx_word' id='word_1_166' title='bbox 894 1975 1009 2046; x_wconf 89' lang='lat' dir='ltr'><strong>tempus</strong></span> <span class='ocrx_word' id='word_1_167' title='bbox 1031 1970 1162 2049; x_wconf 89' lang='lat' dir='ltr'><strong>fuerunt,</strong></span> 
     </span>
     <span class='ocr_line' id='line_1_18' title="bbox 1 2065 1167 2143; baseline 0.002 -17"><span class='ocrx_word' id='word_1_168' title='bbox 1 2072 4 2083; x_wconf 89' lang='lat'>&#39;</span> <span class='ocrx_word' id='word_1_169' title='bbox 80 2067 324 2143; x_wconf 80' lang='lat' dir='ltr'><strong>praedicavere»</strong></span> <span class='ocrx_word' id='word_1_170' title='bbox 346 2067 458 2126; x_wconf 87' lang='lat' dir='ltr'><strong>Pluries</strong></span> <span class='ocrx_word' id='word_1_171' title='bbox 479 2066 609 2143; x_wconf 89' lang='lat' dir='ltr'><strong>ejusdem</strong></span> <span class='ocrx_word' id='word_1_172' title='bbox 626 2065 732 2143; x_wconf 89' lang='lat' dir='ltr'><strong>synodi</strong></span> <span class='ocrx_word' id='word_1_173' title='bbox 748 2072 844 2142; x_wconf 89' lang='lat' dir='ltr'><strong>patres</strong></span> <span class='ocrx_word' id='word_1_174' title='bbox 864 2069 939 2126; x_wconf 85' lang='lat' dir='ltr'><strong>iuter</strong></span> <span class='ocrx_word' id='word_1_175' title='bbox 952 2085 983 2126; x_wconf 88' lang='lat' dir='ltr'><strong>se</strong></span> <span class='ocrx_word' id='word_1_176' title='bbox 999 2071 1167 2130; x_wconf 91' lang='lat' dir='ltr'><strong>eorumdem</strong></span> 
     </span>
    </p>
   </div>
   <div class='ocr_carea' id='block_1_3' title="bbox 0 2165 1166 2238">
    <p class='ocr_par' dir='ltr' id='par_1_3' title="bbox 0 2163 1166 2238">
     <span class='ocr_line' id='line_1_19' title="bbox 0 2165 1166 2238; baseline 0.001 -12"><span class='ocrx_word' id='word_1_177' title='bbox 0 2177 1 2182; x_wconf 75' lang='grc'>’</span> <span class='ocrx_word' id='word_1_178' title='bbox 81 2165 228 2226; x_wconf 89' lang='lat' dir='ltr'><strong>iibmrum</strong></span> <span class='ocrx_word' id='word_1_179' title='bbox 240 2168 406 2226; x_wconf 87' lang='lat' dir='ltr'><strong>testimonia</strong></span> <span class='ocrx_word' id='word_1_180' title='bbox 420 2166 559 2225; x_wconf 88' lang='lat' dir='ltr'><strong>extulere.</strong></span> <span class='ocrx_word' id='word_1_181' title='bbox 580 2165 615 2223; x_wconf 93' lang='lat' dir='ltr'><strong>In</strong></span> <span class='ocrx_word' id='word_1_182' title='bbox 632 2179 743 2222; x_wconf 91' lang='lat' dir='ltr'><strong>canone</strong></span> <span class='ocrx_word' id='word_1_183' title='bbox 755 2166 850 2238; x_wconf 88' lang='lat' dir='ltr'><strong>prhno</strong></span> <span class='ocrx_word' id='word_1_184' title='bbox 864 2167 980 2224; x_wconf 91' lang='lat' dir='ltr'><strong>concilii</strong></span> <span class='ocrx_word' id='word_1_185' title='bbox 1001 2167 1166 2227; x_wconf 88' lang='lat' dir='ltr'><strong>cabilonen·</strong></span> 
     </span>
    </p>
   </div>
   <div class='ocr_carea' id='block_1_4' title="bbox 0 2263 1168 2733">
    <p class='ocr_par' dir='ltr' id='par_1_4' title="bbox 0 2263 1168 2733">
     <span class='ocr_line' id='line_1_20' title="bbox 0 2263 1167 2340; baseline 0.003 -18"><span class='ocrx_word' id='word_1_186' title='bbox 0 2271 4 2284; x_wconf 62' lang='lat'><strong>&#39;¹</strong></span> <span class='ocrx_word' id='word_1_187' title='bbox 82 2266 125 2323; x_wconf 88' lang='lat' dir='ltr'><strong>sis</strong></span> <span class='ocrx_word' id='word_1_188' title='bbox 143 2263 284 2324; x_wconf 88' lang='lat' dir='ltr'><strong>habetru:</strong></span> <span class='ocrx_word' id='word_1_189' title='bbox 305 2288 317 2314; x_wconf 87' lang='lat'><strong><em>«</em></strong></span> <span class='ocrx_word' id='word_1_190' title='bbox 330 2263 517 2322; x_wconf 89' lang='lat' dir='ltr'><strong>Decrevimus</strong></span> <span class='ocrx_word' id='word_1_191' title='bbox 530 2266 619 2340; x_wconf 84' lang='lat' dir='ltr'><strong>juxta</strong></span> <span class='ocrx_word' id='word_1_192' title='bbox 638 2267 806 2320; x_wconf 89' lang='lat' dir='ltr'><strong>sanctorum</strong></span> <span class='ocrx_word' id='word_1_193' title='bbox 821 2277 968 2321; x_wconf 87' lang='lat' dir='ltr'><strong>canonum</strong></span> <span class='ocrx_word' id='word_1_194' title='bbox 986 2267 1167 2324; x_wconf 86' lang='lat' dir='ltr'><strong>constitutio-</strong></span> 
     </span>
     <span class='ocr_line' id='line_1_21' title="bbox 0 2359 1167 2439; baseline 0 -17"><span class='ocrx_word' id='word_1_195' title='bbox 0 2381 2 2394; x_wconf 41' lang='grc' dir='ltr'>ι</span> <span class='ocrx_word' id='word_1_196' title='bbox 81 2378 171 2439; x_wconf 90' lang='lat' dir='ltr'><strong>nem,</strong></span> <span class='ocrx_word' id='word_1_197' title='bbox 192 2369 222 2422; x_wconf 90' lang='lat' dir='ltr'><strong>et</strong></span> <span class='ocrx_word' id='word_1_198' title='bbox 239 2378 388 2421; x_wconf 91' lang='lat' dir='ltr'><strong>sacrarum</strong></span> <span class='ocrx_word' id='word_1_199' title='bbox 409 2361 622 2439; x_wconf 86' lang='lat' dir='ltr'><strong>Scripturarum</strong></span> <span class='ocrx_word' id='word_1_200' title='bbox 649 2359 831 2435; x_wconf 87' lang='lat' dir='ltr'><strong>doctrinam,</strong></span> <span class='ocrx_word' id='word_1_201' title='bbox 854 2365 888 2418; x_wconf 89' lang='lat' dir='ltr'><strong>ut</strong></span> <span class='ocrx_word' id='word_1_202' title='bbox 907 2363 1033 2438; x_wconf 89' lang='lat' dir='ltr'><strong>episcopi</strong></span> <span class='ocrx_word' id='word_1_203' title='bbox 1057 2363 1167 2424; x_wconf 90' lang='lat' dir='ltr'><strong>assidui</strong></span> 
     </span>
     <span class='ocr_line' id='line_1_22' title="bbox 1 2457 1168 2536; baseline 0 -16"><span class='ocrx_word' id='word_1_204' title='bbox 1 2487 8 2502; x_wconf 56' lang='lat'><strong>=·</strong></span> <span class='ocrx_word' id='word_1_205' title='bbox 82 2463 194 2520; x_wconf 89' lang='lat' dir='ltr'><strong>sintin</strong></span> <span class='ocrx_word' id='word_1_206' title='bbox 214 2459 351 2536; x_wconf 89' lang='lat' dir='ltr'><strong>lectione,</strong></span> <span class='ocrx_word' id='word_1_207' title='bbox 371 2466 400 2519; x_wconf 91' lang='lat' dir='ltr'><strong>et</strong></span> <span class='ocrx_word' id='word_1_208' title='bbox 417 2466 582 2519; x_wconf 87' lang='lat' dir='ltr'><strong>scrutentur</strong></span> <span class='ocrx_word' id='word_1_209' title='bbox 600 2460 740 2534; x_wconf 88' lang='lat' dir='ltr'><strong>mysteria</strong></span> <span class='ocrx_word' id='word_1_210' title='bbox 757 2457 913 2517; x_wconf 89' lang='lat' dir='ltr'><strong>verborum</strong></span> <span class='ocrx_word' id='word_1_211' title='bbox 931 2459 998 2518; x_wconf 86' lang='lat' dir='ltr'><strong>Ilei.</strong></span> <span class='ocrx_word' id='word_1_212' title='bbox 1010 2503 1017 2517; x_wconf 90' lang='lat'><strong>.</strong></span> <span class='ocrx_word' id='word_1_213' title='bbox 1028 2503 1052 2518; x_wconf 90' lang='lat'><strong>..</strong></span> <span class='ocrx_word' id='word_1_214' title='bbox 1069 2463 1111 2518; x_wconf 89' lang='lat' dir='ltr'><strong>ita</strong></span> <span class='ocrx_word' id='word_1_215' title='bbox 1125 2463 1168 2520; x_wconf 88' lang='lat' dir='ltr'><strong>vi·</strong></span> 
     </span>
     <span class='ocr_line' id='line_1_23' title="bbox 5 2554 1167 2634; baseline -0.003 -15"><span class='ocrx_word' id='word_1_216' title='bbox 5 2588 11 2620; x_wconf 81' lang='grc'><strong>,·</strong></span> <span class='ocrx_word' id='word_1_217' title='bbox 82 2558 191 2618; x_wconf 90' lang='lat' dir='ltr'><strong>delicet</strong></span> <span class='ocrx_word' id='word_1_218' title='bbox 212 2564 246 2617; x_wconf 91' lang='lat' dir='ltr'><strong>ut</strong></span> <span class='ocrx_word' id='word_1_219' title='bbox 259 2558 325 2617; x_wconf 88' lang='lat' dir='ltr'><strong>ilias</strong></span> <span class='ocrx_word' id='word_1_220' title='bbox 343 2557 506 2632; x_wconf 87' lang='lat' dir='ltr'><strong>Scripturas</strong></span> <span class='ocrx_word' id='word_1_221' title='bbox 520 2559 687 2615; x_wconf 89' lang='lat' dir='ltr'><strong>notissimas</strong></span> <span class='ocrx_word' id='word_1_222' title='bbox 700 2554 839 2632; x_wconf 84' lang='lat' dir='ltr'><strong>habeant,</strong></span> <span class='ocrx_word' id='word_1_223' title='bbox 853 2571 928 2632; x_wconf 88' lang='lat' dir='ltr'><strong>quaa</strong></span> <span class='ocrx_word' id='word_1_224' title='bbox 942 2555 1104 2618; x_wconf 88' lang='lat' dir='ltr'><strong>Canonicae</strong></span> <span class='ocrx_word' id='word_1_225' title='bbox 1117 2573 1167 2634; x_wconf 88' lang='lat' dir='ltr'><strong>ap-</strong></span> 
     </span>
     <span class='ocr_line' id='line_1_24' title="bbox 81 2656 1164 2733; baseline -0.001 -17"><span class='ocrx_word' id='word_1_226' title='bbox 81 2656 251 2733; x_wconf 85' lang='lat' dir='ltr'><strong>pellantur,</strong></span> <span class='ocrx_word' id='word_1_227' title='bbox 276 2663 306 2716; x_wconf 88' lang='lat' dir='ltr'><strong>et</strong></span> <span class='ocrx_word' id='word_1_228' title='bbox 326 2671 426 2716; x_wconf 89' lang='lat' dir='ltr'><strong>earum</strong></span> <span class='ocrx_word' id='word_1_229' title='bbox 451 2671 570 2714; x_wconf 88' lang='lat' dir='ltr'><strong>sensum</strong></span> <span class='ocrx_word' id='word_1_230' title='bbox 593 2671 644 2730; x_wconf 91' lang='lat' dir='ltr'><strong>per</strong></span> <span class='ocrx_word' id='word_1_231' title='bbox 668 2659 785 2730; x_wconf 89' lang='lat' dir='ltr'><strong>patrum</strong></span> <span class='ocrx_word' id='word_1_232' title='bbox 809 2659 952 2714; x_wconf 87' lang='lat' dir='ltr'><strong>tractatas</strong></span> <span class='ocrx_word' id='word_1_233' title='bbox 978 2658 1138 2731; x_wconf 87' lang='lat' dir='ltr'><strong>inquirant.</strong></span> <span class='ocrx_word' id='word_1_234' title='bbox 1151 2683 1164 2708; x_wconf 72' lang='lat' dir='ltr'><strong>o</strong></span> 
     </span>
    </p>
   </div>
   <div class='ocr_carea' id='block_1_5' title="bbox 0 2750 1169 3220">
    <p class='ocr_par' dir='ltr' id='par_1_5' title="bbox 0 2750 1169 3220">
     <span class='ocr_line' id='line_1_25' title="bbox 82 2750 1169 2831; baseline 0 -17"><span class='ocrx_word' id='word_1_235' title='bbox 82 2755 238 2829; x_wconf 83' lang='lat' dir='ltr'><strong>Quaenam</strong></span> <span class='ocrx_word' id='word_1_236' title='bbox 255 2755 314 2812; x_wconf 90' lang='lat' dir='ltr'><strong>sint</strong></span> <span class='ocrx_word' id='word_1_237' title='bbox 330 2755 404 2812; x_wconf 89' lang='lat' dir='ltr'><strong>istae</strong></span> <span class='ocrx_word' id='word_1_238' title='bbox 419 2752 582 2812; x_wconf 87' lang='lat' dir='ltr'><strong>Canonicae</strong></span> <span class='ocrx_word' id='word_1_239' title='bbox 597 2751 774 2828; x_wconf 81' lang='lat' dir='ltr'><strong>Scripturas,</strong></span> <span class='ocrx_word' id='word_1_240' title='bbox 786 2767 846 2810; x_wconf 94' lang='lat' dir='ltr'><strong>non</strong></span> <span class='ocrx_word' id='word_1_241' title='bbox 861 2750 910 2810; x_wconf 92' lang='lat' dir='ltr'><strong>hic</strong></span> <span class='ocrx_word' id='word_1_242' title='bbox 925 2752 1106 2831; x_wconf 84' lang='lat' dir='ltr'><strong>decemitur3</strong></span> <span class='ocrx_word' id='word_1_243' title='bbox 1122 2759 1169 2814; x_wconf 88' lang='lat' dir='ltr'><strong>ast</strong></span> 
     </span>
     <span class='ocr_line' id='line_1_26' title="bbox 0 2849 1169 2926; baseline -0.001 -15"><span class='ocrx_word' id='word_1_244' title='bbox 0 2869 6 2892; x_wconf 47' lang='grc' dir='ltr'>ι</span> <span class='ocrx_word' id='word_1_245' title='bbox 80 2867 150 2912; x_wconf 91' lang='lat' dir='ltr'><strong>curn</strong></span> <span class='ocrx_word' id='word_1_246' title='bbox 173 2853 205 2910; x_wconf 94' lang='lat' dir='ltr'><strong>ln</strong></span> <span class='ocrx_word' id='word_1_247' title='bbox 226 2867 338 2910; x_wconf 88' lang='lat' dir='ltr'><strong>canone</strong></span> <span class='ocrx_word' id='word_1_248' title='bbox 357 2867 467 2910; x_wconf 82' lang='lat' dir='ltr'><strong>xxxvr.</strong></span> <span class='ocrx_word' id='word_1_249' title='bbox 488 2849 618 2926; x_wconf 86' lang='lat' dir='ltr'><strong>ejusdem</strong></span> <span class='ocrx_word' id='word_1_250' title='bbox 633 2850 749 2910; x_wconf 90' lang='lat' dir='ltr'><strong>concilii</strong></span> <span class='ocrx_word' id='word_1_251' title='bbox 770 2849 957 2925; x_wconf 84' lang='lat' dir='ltr'><strong>proferantur</strong></span> <span class='ocrx_word' id='word_1_252' title='bbox 974 2850 1169 2910; x_wconf 84' lang='lat' dir='ltr'><strong>Ecclesiasticl</strong></span> 
     </span>
     <span class='ocr_line' id='line_1_27' title="bbox 1 2946 1165 3024; baseline 0.004 -22"><span class='ocrx_word' id='word_1_253' title='bbox 1 2963 11 3002; x_wconf 74' lang='lat' dir='ltr'><strong>e</strong></span> <span class='ocrx_word' id='word_1_254' title='bbox 79 2948 184 3008; x_wconf 90' lang='lat' dir='ltr'><strong>verba:</strong></span> <span class='ocrx_word' id='word_1_255' title='bbox 202 2947 240 3024; x_wconf 84' lang='lat'><strong>(1)</strong></span> <span class='ocrx_word' id='word_1_256' title='bbox 259 2973 272 2998; x_wconf 73' lang='lat' dir='ltr'><strong>a</strong></span> <span class='ocrx_word' id='word_1_257' title='bbox 281 2947 372 3008; x_wconf 82' lang='lat' dir='ltr'><strong>iuxta</strong></span> <span class='ocrx_word' id='word_1_258' title='bbox 384 2948 466 3008; x_wconf 88' lang='lat' dir='ltr'><strong>iilud:</strong></span> <span class='ocrx_word' id='word_1_259' title='bbox 481 2978 493 2991; x_wconf 93' lang='lat'>·</span> <span class='ocrx_word' id='word_1_260' title='bbox 507 2947 609 3023; x_wconf 85' lang='lat' dir='ltr'><strong>ignem</strong></span> <span class='ocrx_word' id='word_1_261' title='bbox 623 2946 772 3005; x_wconf 85' lang='lat' dir='ltr'><strong>ardentem</strong></span> <span class='ocrx_word' id='word_1_262' title='bbox 785 2948 931 3024; x_wconf 84' lang='lat' dir='ltr'><strong>extinguit</strong></span> <span class='ocrx_word' id='word_1_263' title='bbox 944 2962 1031 3023; x_wconf 86' lang='lat' dir='ltr'><strong>aqua,</strong></span> <span class='ocrx_word' id='word_1_264' title='bbox 1046 2953 1076 3006; x_wconf 89' lang='lat' dir='ltr'><strong>et</strong></span> <span class='ocrx_word' id='word_1_265' title='bbox 1089 2948 1165 3007; x_wconf 90' lang='lat' dir='ltr'><strong>elee-</strong></span> 
     </span>
     <span class='ocr_line' id='line_1_28' title="bbox 0 3045 1165 3125; baseline -0.003 -18"><span class='ocrx_word' id='word_1_266' title='bbox 0 3075 1 3090; x_wconf 64' lang='lat'>2</span> <span class='ocrx_word' id='word_1_267' title='bbox 80 3062 209 3125; x_wconf 89' lang='lat' dir='ltr'><strong>mosyna</strong></span> <span class='ocrx_word' id='word_1_268' title='bbox 226 3048 372 3124; x_wconf 83' lang='lat' dir='ltr'><strong>extinguit</strong></span> <span class='ocrx_word' id='word_1_269' title='bbox 394 3053 547 3122; x_wconf 76' lang='lat' dir='ltr'><strong>peccam.»</strong></span> <span class='ocrx_word' id='word_1_270' title='bbox 535 3045 640 3104; x_wconf 77' lang='lat' dir='ltr'><strong>»iure</strong></span> <span class='ocrx_word' id='word_1_271' title='bbox 663 3045 721 3103; x_wconf 90' lang='lat' dir='ltr'><strong>dici</strong></span> <span class='ocrx_word' id='word_1_272' title='bbox 749 3052 847 3120; x_wconf 88' lang='lat' dir='ltr'><strong>posset</strong></span> <span class='ocrx_word' id='word_1_273' title='bbox 865 3045 1029 3120; x_wconf 87' lang='lat' dir='ltr'><strong>Scripturas</strong></span> <span class='ocrx_word' id='word_1_274' title='bbox 1048 3045 1165 3105; x_wconf 79' lang='lat' dir='ltr'><strong>Priores</strong></span> 
     </span>
     <span class='ocr_line' id='line_1_29' title="bbox 78 3141 976 3220; baseline -0.006 -15"><span class='ocrx_word' id='word_1_275' title='bbox 78 3161 150 3205; x_wconf 86' lang='lat' dir='ltr'><strong>cum</strong></span> <span class='ocrx_word' id='word_1_276' title='bbox 166 3143 329 3204; x_wconf 86' lang='lat' dir='ltr'><strong>Deuteris&#39;</strong></span> <span class='ocrx_word' id='word_1_277' title='bbox 322 3161 352 3202; x_wconf 94' lang='lat' dir='ltr'><strong>rn</strong></span> <span class='ocrx_word' id='word_1_278' title='bbox 369 3144 420 3202; x_wconf 93' lang='lat' dir='ltr'><strong>iiio</strong></span> <span class='ocrx_word' id='word_1_279' title='bbox 434 3145 528 3220; x_wconf 88' lang='lat' dir='ltr'><strong>primo</strong></span> <span class='ocrx_word' id='word_1_280' title='bbox 543 3158 654 3200; x_wconf 90' lang='lat' dir='ltr'><strong>canone</strong></span> <span class='ocrx_word' id='word_1_281' title='bbox 668 3141 885 3200; x_wconf 86' lang='lat' dir='ltr'><strong>commendatas</strong></span> <span class='ocrx_word' id='word_1_282' title='bbox 903 3157 976 3200; x_wconf 87' lang='lat' dir='ltr'><strong>esse.</strong></span> 
     </span>
    </p>
   </div>
   <div class='ocr_carea' id='block_1_6' title="bbox 0 3201 1171 4202">
    <p class='ocr_par' dir='ltr' id='par_1_6' title="bbox 0 3201 1171 4202">
     <span class='ocr_line' id='line_1_30' title="bbox 122 3201 1169 3320; baseline 0 -16"><span class='ocrx_word' id='word_1_283' title='bbox 122 3244 151 3320; x_wconf 78' lang='lat' dir='ltr'><strong>S.</strong></span> <span class='ocrx_word' id='word_1_284' title='bbox 175 3244 230 3304; x_wconf 89' lang='lat'><em>111.</em></span> <span class='ocrx_word' id='word_1_285' title='bbox 254 3243 429 3320; x_wconf 89' lang='lat' dir='ltr'><strong>Priusquam</strong></span> <span class='ocrx_word' id='word_1_286' title='bbox 451 3243 490 3302; x_wconf 90' lang='lat' dir='ltr'><strong>ad</strong></span> <span class='ocrx_word' id='word_1_287' title='bbox 509 3242 617 3302; x_wconf 90' lang='lat' dir='ltr'><strong>saeculi</strong></span> <span class='ocrx_word' id='word_1_288' title='bbox 634 3243 705 3300; x_wconf 94' lang='lat' dir='ltr'><strong>noni</strong></span> <span class='ocrx_word' id='word_1_289' title='bbox 727 3242 914 3300; x_wconf 85' lang='lat' dir='ltr'><strong>ecclesiastici</strong></span> <span class='ocrx_word' id='word_1_290' title='bbox 936 3247 1060 3301; x_wconf 87' lang='lat' dir='ltr'><strong>aetatem</strong></span> <span class='ocrx_word' id='word_1_291' title='bbox 1081 3201 1169 3304; x_wconf 77' lang='lat' dir='ltr'><strong>adve-</strong></span> 
     </span>
     <span class='ocr_line' id='line_1_31' title="bbox 1 3338 1166 3417; baseline 0.002 -19"><span class='ocrx_word' id='word_1_292' title='bbox 1 3339 8 3398; x_wconf 77' lang='grc' dir='ltr'>ἶ</span> <span class='ocrx_word' id='word_1_293' title='bbox 78 3345 216 3417; x_wconf 77' lang='lat' dir='ltr'><strong>mamus,</strong></span> <span class='ocrx_word' id='word_1_294' title='bbox 236 3341 315 3401; x_wconf 90' lang='lat' dir='ltr'><strong>haud</strong></span> <span class='ocrx_word' id='word_1_295' title='bbox 330 3341 403 3400; x_wconf 92' lang='lat' dir='ltr'><strong>mihi</strong></span> <span class='ocrx_word' id='word_1_296' title='bbox 426 3340 478 3399; x_wconf 88' lang='lat' dir='ltr'><strong>abs</strong></span> <span class='ocrx_word' id='word_1_297' title='bbox 496 3357 527 3399; x_wconf 91' lang='lat' dir='ltr'><strong>re</strong></span> <span class='ocrx_word' id='word_1_298' title='bbox 548 3338 663 3399; x_wconf 90' lang='lat' dir='ltr'><strong>videtur</strong></span> <span class='ocrx_word' id='word_1_299' title='bbox 681 3345 782 3398; x_wconf 88' lang='lat' dir='ltr'><strong>notare</strong></span> <span class='ocrx_word' id='word_1_300' title='bbox 795 3338 937 3416; x_wconf 81' lang='lat' dir='ltr'><strong>quidquid</strong></span> <span class='ocrx_word' id='word_1_301' title='bbox 951 3338 1058 3415; x_wconf 87' lang='lat' dir='ltr'><strong>Joseph</strong></span> <span class='ocrx_word' id='word_1_302' title='bbox 1077 3339 1166 3400; x_wconf 90' lang='lat' dir='ltr'><strong>Blan-</strong></span> 
     </span>
     <span class='ocr_line' id='line_1_32' title="bbox 81 3437 1168 3523; baseline -0.002 -23"><span class='ocrx_word' id='word_1_303' title='bbox 81 3440 200 3523; x_wconf 88' lang='lat' dir='ltr'><strong>chinius</strong></span> <span class='ocrx_word' id='word_1_304' title='bbox 216 3442 383 3498; x_wconf 89' lang='lat' dir='ltr'><strong>veronensis</strong></span> <span class='ocrx_word' id='word_1_305' title='bbox 393 3442 469 3498; x_wconf 88' lang='lat' dir='ltr'><strong>inter</strong></span> <span class='ocrx_word' id='word_1_306' title='bbox 482 3437 595 3498; x_wconf 90' lang='lat' dir='ltr'><strong>codices</strong></span> <span class='ocrx_word' id='word_1_307' title='bbox 608 3437 900 3514; x_wconf 85' lang='lat' dir='ltr'><strong>palatino-vaticanos</strong></span> <span class='ocrx_word' id='word_1_308' title='bbox 914 3439 1027 3496; x_wconf 88' lang='lat' dir='ltr'><strong>invenit</strong></span> <span class='ocrx_word' id='word_1_309' title='bbox 1039 3437 1168 3514; x_wconf 86' lang='lat' dir='ltr'><strong>quodam</strong></span> 
     </span>
     <span class='ocr_line' id='line_1_33' title="bbox 1 3535 1168 3616; baseline 0 -20"><span class='ocrx_word' id='word_1_310' title='bbox 1 3545 2 3552; x_wconf 74' lang='grc'>’</span> <span class='ocrx_word' id='word_1_311' title='bbox 83 3541 115 3598; x_wconf 93' lang='lat' dir='ltr'><strong>in</strong></span> <span class='ocrx_word' id='word_1_312' title='bbox 135 3537 285 3597; x_wconf 91' lang='lat' dir='ltr'><strong>volumine</strong></span> <span class='ocrx_word' id='word_1_313' title='bbox 299 3540 445 3616; x_wconf 91' lang='lat' dir='ltr'><strong>signatum</strong></span> <span class='ocrx_word' id='word_1_314' title='bbox 461 3544 565 3596; x_wconf 77' lang='lat' dir='ltr'><strong>matt.</strong></span> <span class='ocrx_word' id='word_1_315' title='bbox 581 3537 617 3595; x_wconf 90' lang='lat' dir='ltr'><strong>in</strong></span> <span class='ocrx_word' id='word_1_316' title='bbox 636 3535 693 3594; x_wconf 91' lang='lat' dir='ltr'><strong>hoc</strong></span> <span class='ocrx_word' id='word_1_317' title='bbox 709 3536 815 3614; x_wconf 90' lang='lat' dir='ltr'><strong>iegitur</strong></span> <span class='ocrx_word' id='word_1_318' title='bbox 835 3537 977 3594; x_wconf 87' lang='lat' dir='ltr'><strong>sententia</strong></span> <span class='ocrx_word' id='word_1_319' title='bbox 992 3550 1084 3611; x_wconf 87' lang='lat' dir='ltr'><strong>papae</strong></span> <span class='ocrx_word' id='word_1_320' title='bbox 1094 3536 1168 3596; x_wconf 89' lang='lat' dir='ltr'><strong>Leo·</strong></span> 
     </span>
     <span class='ocr_line' id='line_1_34' title="bbox 0 3632 1169 3712; baseline 0.002 -20"><span class='ocrx_word' id='word_1_321' title='bbox 0 3679 5 3692; x_wconf 77' lang='lat'>.</span> <span class='ocrx_word' id='word_1_322' title='bbox 81 3639 130 3694; x_wconf 92' lang='lat' dir='ltr'><strong>nis</strong></span> <span class='ocrx_word' id='word_1_323' title='bbox 146 3634 352 3711; x_wconf 88' lang='lat' dir='ltr'><strong>deScripturis</strong></span> <span class='ocrx_word' id='word_1_324' title='bbox 371 3634 555 3712; x_wconf 88' lang='lat' dir='ltr'><strong>apocryphis.</strong></span> <span class='ocrx_word' id='word_1_325' title='bbox 582 3633 663 3692; x_wconf 90' lang='lat' dir='ltr'><strong>idem</strong></span> <span class='ocrx_word' id='word_1_326' title='bbox 683 3632 872 3692; x_wconf 88' lang='lat' dir='ltr'><strong>Bianchinius</strong></span> <span class='ocrx_word' id='word_1_327' title='bbox 892 3634 953 3690; x_wconf 89' lang='lat' dir='ltr'><strong>suis</strong></span> <span class='ocrx_word' id='word_1_328' title='bbox 974 3635 1076 3692; x_wconf 90' lang='lat' dir='ltr'><strong>amicis</strong></span> <span class='ocrx_word' id='word_1_329' title='bbox 1098 3637 1169 3694; x_wconf 88' lang='lat' dir='ltr'><strong>scri·</strong></span> 
     </span>
     <span class='ocr_line' id='line_1_35' title="bbox 8 3730 1167 3808; baseline -0.002 -15"><span class='ocrx_word' id='word_1_330' title='bbox 8 3772 10 3781; x_wconf 70' lang='lat'><em>=</em></span> <span class='ocrx_word' id='word_1_331' title='bbox 80 3733 154 3794; x_wconf 91' lang='lat' dir='ltr'><strong>bens</strong></span> <span class='ocrx_word' id='word_1_332' title='bbox 172 3732 243 3792; x_wconf 91' lang='lat' dir='ltr'><strong>divo</strong></span> <span class='ocrx_word' id='word_1_333' title='bbox 262 3731 353 3792; x_wconf 89' lang='lat' dir='ltr'><strong>Leoni</strong></span> <span class='ocrx_word' id='word_1_334' title='bbox 368 3732 477 3808; x_wconf 88' lang='lat' dir='ltr'><strong>Magno</strong></span> <span class='ocrx_word' id='word_1_335' title='bbox 490 3731 569 3790; x_wconf 87' lang='lat' dir='ltr'><strong>hunc</strong></span> <span class='ocrx_word' id='word_1_336' title='bbox 589 3731 699 3790; x_wconf 86' lang='lat' dir='ltr'><strong>loetum</strong></span> <span class='ocrx_word' id='word_1_337' title='bbox 719 3731 858 3808; x_wconf 83' lang='lat' dir='ltr'><strong>derogare</strong></span> <span class='ocrx_word' id='word_1_338' title='bbox 873 3730 1005 3806; x_wconf 90' lang='lat' dir='ltr'><strong>videtur,</strong></span> <span class='ocrx_word' id='word_1_339' title='bbox 1026 3735 1056 3790; x_wconf 92' lang='lat' dir='ltr'><strong>et</strong></span> <span class='ocrx_word' id='word_1_340' title='bbox 1070 3734 1167 3806; x_wconf 90' lang='lat' dir='ltr'><strong>potius</strong></span> 
     </span>
     <span class='ocr_line' id='line_1_36' title="bbox 81 3827 1170 3907; baseline -0.003 -16"><span class='ocrx_word' id='word_1_341' title='bbox 81 3831 170 3891; x_wconf 88' lang='lat' dir='ltr'><strong>alteri</strong></span> <span class='ocrx_word' id='word_1_342' title='bbox 190 3829 320 3906; x_wconf 84' lang='lat' dir='ltr'><strong>pontifici</strong></span> <span class='ocrx_word' id='word_1_343' title='bbox 333 3829 463 3907; x_wconf 88' lang='lat' dir='ltr'><strong>ejusdcm</strong></span> <span class='ocrx_word' id='word_1_344' title='bbox 476 3831 602 3888; x_wconf 88' lang='lat' dir='ltr'><strong>nominis</strong></span> <span class='ocrx_word' id='word_1_345' title='bbox 616 3827 728 3888; x_wconf 90' lang='lat' dir='ltr'><strong>tribuit.</strong></span> <span class='ocrx_word' id='word_1_346' title='bbox 744 3827 852 3906; x_wconf 79' lang='lat' dir='ltr'><strong>Aliqua</strong></span> <span class='ocrx_word' id='word_1_347' title='bbox 865 3830 977 3887; x_wconf 87' lang='lat' dir='ltr'><strong>ratione</strong></span> <span class='ocrx_word' id='word_1_348' title='bbox 990 3833 1024 3886; x_wconf 91' lang='lat' dir='ltr'><strong>ut</strong></span> <span class='ocrx_word' id='word_1_349' title='bbox 1036 3829 1170 3888; x_wconf 93' lang='lat' dir='ltr'><strong>nonnulii</strong></span> 
     </span>
     <span class='ocr_line' id='line_1_37' title="bbox 1 3926 1171 4005; baseline -0.004 -16"><span class='ocrx_word' id='word_1_350' title='bbox 1 3954 2 3960; x_wconf 45' lang='lat'>¹</span> <span class='ocrx_word' id='word_1_351' title='bbox 81 3933 256 4005; x_wconf 89' lang='lat' dir='ltr'><strong>autumant,</strong></span> <span class='ocrx_word' id='word_1_352' title='bbox 277 3928 315 3988; x_wconf 92' lang='lat' dir='ltr'><strong>ad</strong></span> <span class='ocrx_word' id='word_1_353' title='bbox 332 3928 481 3988; x_wconf 91' lang='lat' dir='ltr'><strong>saeculum</strong></span> <span class='ocrx_word' id='word_1_354' title='bbox 505 3935 641 3988; x_wconf 88' lang='lat' dir='ltr'><strong>octavum</strong></span> <span class='ocrx_word' id='word_1_355' title='bbox 662 3926 803 4002; x_wconf 80' lang='lat' dir='ltr'><strong>refertur,</strong></span> <span class='ocrx_word' id='word_1_356' title='bbox 822 3942 881 4003; x_wconf 93' lang='lat' dir='ltr'><strong>quo</strong></span> <span class='ocrx_word' id='word_1_357' title='bbox 897 3926 957 3986; x_wconf 88' lang='lat' dir='ltr'><strong>Leo</strong></span> <span class='ocrx_word' id='word_1_358' title='bbox 970 3927 1073 3986; x_wconf 88' lang='lat' dir='ltr'><strong>tertius</strong></span> <span class='ocrx_word' id='word_1_359' title='bbox 1087 3927 1171 3984; x_wconf 89' lang='lat' dir='ltr'><strong>varia</strong></span> 
     </span>
     <span class='ocr_line' id='line_1_38' title="bbox 82 4023 1170 4102; baseline -0.005 -16"><span class='ocrx_word' id='word_1_360' title='bbox 82 4027 121 4102; x_wconf 80' lang='lat' dir='ltr'><strong>de</strong></span> <span class='ocrx_word' id='word_1_361' title='bbox 142 4026 299 4102; x_wconf 86' lang='lat' dir='ltr'><strong>disciplina</strong></span> <span class='ocrx_word' id='word_1_362' title='bbox 320 4027 514 4087; x_wconf 87' lang='lat' dir='ltr'><strong>ecclesiastico</strong></span> <span class='ocrx_word' id='word_1_363' title='bbox 533 4026 649 4086; x_wconf 89' lang='lat' dir='ltr'><strong>decreta</strong></span> <span class='ocrx_word' id='word_1_364' title='bbox 667 4025 803 4101; x_wconf 87' lang='lat' dir='ltr'><strong>protulit,</strong></span> <span class='ocrx_word' id='word_1_365' title='bbox 823 4026 865 4082; x_wconf 91' lang='lat' dir='ltr'><strong>uti</strong></span> <span class='ocrx_word' id='word_1_366' title='bbox 884 4026 976 4084; x_wconf 89' lang='lat' dir='ltr'><strong>esuis</strong></span> <span class='ocrx_word' id='word_1_367' title='bbox 989 4023 1103 4084; x_wconf 84' lang='lat' dir='ltr'><strong>actibus</strong></span> <span class='ocrx_word' id='word_1_368' title='bbox 1119 4041 1170 4086; x_wconf 76' lang='lat' dir='ltr'><strong>,err-</strong></span> 
     </span>
     <span class='ocr_line' id='line_1_39' title="bbox 81 4123 1169 4202; baseline -0.004 -18"><span class='ocrx_word' id='word_1_369' title='bbox 81 4126 200 4202; x_wconf 88' lang='lat' dir='ltr'><strong>cipitur.</strong></span> <span class='ocrx_word' id='word_1_370' title='bbox 212 4124 488 4202; x_wconf 87' lang='lat' dir='ltr'><strong>Quomodocumque</strong></span> <span class='ocrx_word' id='word_1_371' title='bbox 500 4127 538 4184; x_wconf 90' lang='lat' dir='ltr'><strong>sit</strong></span> <span class='ocrx_word' id='word_1_372' title='bbox 550 4140 608 4198; x_wconf 89' lang='lat' dir='ltr'><strong>res,</strong></span> <span class='ocrx_word' id='word_1_373' title='bbox 621 4123 677 4182; x_wconf 91' lang='lat' dir='ltr'><strong>hoc</strong></span> <span class='ocrx_word' id='word_1_374' title='bbox 688 4125 828 4198; x_wconf 87' lang='lat' dir='ltr'><strong>scriptum</strong></span> <span class='ocrx_word' id='word_1_375' title='bbox 839 4138 952 4198; x_wconf 88' lang='lat' dir='ltr'><strong>semper</strong></span> <span class='ocrx_word' id='word_1_376' title='bbox 966 4136 1103 4200; x_wconf 88' lang='lat' dir='ltr'><strong>magnam</strong></span> <span class='ocrx_word' id='word_1_377' title='bbox 1118 4136 1169 4180; x_wconf 86' lang='lat' dir='ltr'><strong>aa·</strong></span> 
     </span>
    </p>
   </div>
   <div class='ocr_carea' id='block_1_7' title="bbox 110 4315 408 4380">
    <p class='ocr_par' dir='ltr' id='par_1_7' title="bbox 110 4315 408 4380">
     <span class='ocr_line' id='line_1_40' title="bbox 110 4315 408 4380; baseline -0.007 -14"><span class='ocrx_word' id='word_1_378' title='bbox 110 4315 146 4380; x_wconf 85' lang='lat' dir='ltr'><strong>(r)</strong></span> <span class='ocrx_word' id='word_1_379' title='bbox 166 4316 232 4366; x_wconf 74' lang='lat' dir='ltr'><strong>amr,</strong></span> <span class='ocrx_word' id='word_1_380' title='bbox 245 4331 268 4365; x_wconf 78' lang='lat' dir='ltr'><strong>e.</strong></span> <span class='ocrx_word' id='word_1_381' title='bbox 283 4317 326 4365; x_wconf 91' lang='lat' dir='ltr'><strong>ru.</strong></span> <span class='ocrx_word' id='word_1_382' title='bbox 339 4323 408 4366; x_wconf 68' lang='lat' dir='ltr'><strong>err.</strong></span> 
     </span>
    </p>
   </div>
   <div class='ocr_carea' id='block_1_8' title="bbox 0 0 1516 5178">
    <p class='ocr_par' dir='ltr' id='par_1_8' title="bbox 0 0 1516 5178">
     <span class='ocr_line' id='line_1_41' title="bbox 0 0 1516 5178; baseline 0 0"><span class='ocrx_word' id='word_1_383' title='bbox 0 0 1516 5178; x_wconf 95' lang='lat' dir='ltr'><strong> </strong></span> 
     </span>
    </p>
   </div>
  </div>
 </body>
</html>
