2964 5174
500 383 660 434 ..⁸5-

43 507 74 550 ue
86 505 265 568 progressu,
283 489 330 548 his
349 490 450 567 paucis
467 493 649 568 praemissis,
668 505 747 552 nuno
767 499 901 554 accurate
920 495 1126 572 inquirendum
1154 513 1165 565 A

43 585 180 665 quidquid
200 587 349 664 Apostoli,
367 597 469 647 eorum
482 589 633 666 discipuli,
649 588 756 666 allique
772 589 920 668 doctores,
939 595 990 668 qui
1008 594 1064 653 sibi
1079 597 1124 653 iu·

43 691 130 747 ricem
150 703 331 763 successere,
346 687 499 746 docuerint
513 686 549 746 de
567 687 675 746 divinis
691 687 847 764 scripturis
865 705 1023 766 earumque
1034 691 1126 750 Cano·

43 803 87 862 ae,
106 787 218 862 quippe
235 800 326 860 quaa,
340 789 374 842 ut
388 783 517 860 ajebam,
527 771 715 860 praecipuum
728 787 806 846 illius
820 785 936 848 scholae
947 789 1127 849 christianae

42 899 144 942 munus
164 883 387 942 constituebant.

74 981 101 1056 s.
125 981 168 1040 ti.
192 979 263 1038 Post
282 979 344 1038 divi
359 979 453 1039 Marci
472 979 603 1056 obitum,
632 980 747 1040 nullum
768 987 835 1042 anie
853 981 1035 1042 Pantaennm
1055 999 1124 1044 con·

42 1086 107 1156 dat,
123 1080 211 1138 illam
223 1079 354 1138 scholam
372 1081 491 1138 rexisse.
513 1079 678 1139 Pantaenus
696 1085 774 1140 enim
791 1080 908 1141 scholae
923 1081 1129 1141 alexandrinae

42 1195 113 1238 anno
131 1179 244 1238 Christi
266 1187 321 1238 170
340 1179 499 1255 praefuisse
520 1179 644 1255 dicitnr3
666 1197 703 1238 ex
721 1196 780 1256 quio
798 1197 891 1256 aequo
908 1183 1013 1257 conjici
1033 1187 1129 1258 potest

41 1293 101 1338 curn
118 1293 193 1336 cum
210 1275 415 1351 Apostolorum
429 1275 580 1351 discipulis
598 1283 746 1338 versatum
765 1293 846 1354 asse,
865 1285 895 1338 et
911 1280 1129 1356 integerrimam

42 1375 230 1452 apostolicam
240 1374 403 1434 doctrinam
416 1392 451 1434 ex
468 1391 518 1434 ore
531 1378 661 1449 ipsorum
674 1389 867 1452 comparasse.
883 1375 926 1435 De
939 1393 974 1436 eo
983 1377 1130 1437 disserens

44 1473 194 1549 Eusebius,
210 1473 248 1550 (1)
262 1475 345 1534 illum
360 1473 485 1550 appellat
496 1475 594 1534 virum
605 1477 685 1532 omni
698 1475 865 1534 humaniori
875 1474 1038 1534 litteratura
1051 1491 1131 1552 prae·

46 1573 274 1648 shnbssimum,
296 1578 324 1631 et
341 1573 439 1631 addit:
458 1596 471 1623 «ι
484 1572 549 1648 Ipse
565 1573 742 1632 institutioni
760 1569 988 1632 christianorum
1003 1571 1131 1632 Alexan-
1160 1601 1161 1604 ¹

45 1671 117 1730 dnae
140 1667 327 1746 praeficitur,
345 1673 396 1745 qui
413 1685 547 1728 sannone
565 1685 684 1744 corma,
702 1675 766 1728 tum
784 1671 901 1745 scriptis
919 1669 1037 1729 divium
1051 1670 1130 1730 ttet-

46 1771 133 1846 gionis
157 1770 311 1830 thesauros
333 1767 500 1828 horninibus
517 1771 677 1845 proposuit.
692 1793 705 1818 a
721 1768 753 1828 Si
769 1765 910 1826 Pantaeni
922 1770 1040 1844 scripta,
1056 1772 1130 1845 ejus·

45 1883 93 1944 qua
108 1867 248 1926 docmina
262 1867 301 1926 ad
313 1883 367 1926 nos
378 1883 438 1925 non
448 1873 661 1943 pervenerunt,
675 1865 754 1926 iilius
767 1882 838 1925 vero
851 1866 986 1943 discipuli
999 1867 1131 1926 Clemen-

45 1967 77 2023 h's
89 1965 162 2024 libri
182 1968 291 2025 servati
306 1971 392 2043 suut,
409 1965 542 2042 equibus
553 1965 683 2042 ejusdem
700 1965 899 2024 testimonium
917 1965 995 2024 circa
1015 1970 1130 2024 nostras

48 2063 285 2140 investigationes
303 2063 388 2122 iacsse
405 2063 586 2123 educendum
604 2069 658 2122 est.

81 2162 108 2237 s.
126 2161 183 2221 ΙΙΙ.
201 2161 334 2220 Clemens
345 2163 444 2237 itaque
457 2161 665 2220 alexandrinus
678 2161 738 2221 iere
751 2160 900 2220 Pantaeno
920 2161 1048 2236 aequalis
1062 2160 1130 2236 fuit,

49 2265 108 2334 post
134 2259 272 2318 eumdem
298 2257 503 2318 alexandrinae
528 2258 645 2319 scholae
670 2257 855 2335 praeficitur,
874 2261 957 2335 cujus
976 2274 1030 2334 pro
1056 2257 1132 2318 Scri-

49 2359 137 2431 pturis
155 2355 449 2417 nestero-canonias
472 2359 629 2421 auctoritas
650 2362 734 2417 tanta
751 2355 924 2432 habebitur,
942 2361 1085 2432 quantum
1099 2355 1133 2414 il·

50 2455 99 2514 lius
118 2457 282 2530 institutio,
303 2455 436 2514 doctrina
452 2463 481 2514 et
503 2456 677 2532 apostolieae
695 2457 782 2514 aetati
801 2454 930 2514 affinitas
945 2453 1030 2512 nobis
1041 2453 1129 2512 'erli-

51 2553 137 2614 betur.
160 2553 241 2614 llaec
255 2556 353 2613 omnia
370 2556 402 2612 in
421 2556 468 2613 sui
487 2556 686 2614 testimonium
708 2553 785 2613 clare
809 2553 946 2631 leguntur
964 2555 995 2610 in
1019 2567 1072 2611 suo
1095 2550 1130 2608 li·

52 2649 99 2710 bm
122 2655 221 2728 primo
240 2651 436 2729 stromatum,
459 2650 510 2711 ubi
527 2653 573 2711 his
592 2651 688 2711 verbis
707 2651 863 2727 admonet,
880 2658 909 2710 et
927 2651 1012 2709 nobis
1031 2649 1132 2708 sedulo

55 2757 92 2808 est
103 2751 327 2827 ponderandus:
339 2751 377 2827 (2)
394 2775 407 2802 e
421 2749 681 2828 Nonest,inquit,
693 2751 749 2809 hoc
766 2767 840 2827 opus
851 2749 1001 2827 Scriptura
1017 2763 1133 2824 compa·

53 2853 110 2908 rata
124 2848 165 2908 ud
181 2852 422 2926 ostentationem,
442 2849 493 2909 sed
512 2849 585 2908 mibi
601 2849 639 2908 ad
659 2854 835 2908 senectutem
854 2847 1051 2906 reconduntur
1069 2862 1131 2905 mo·

53 2949 193 3022 mmenta,
214 2946 370 3008 oblivionis
391 2948 651 3023 medicamentum,
679 2963 748 3006 vere
768 2949 882 3023 imago,
902 2953 932 3006 et.
949 2944 1134 3005 adumbratio

53 3044 246 3120 evidentium,
261 3049 290 3104 et
305 3047 500 3106 animatorum
520 3045 638 3104 illarum
655 3047 836 3119 orationum,
856 3059 930 3122 quas
945 3043 1052 3120 dignus
1078 3041 1131 3100 ha·

52 3140 124 3202 bitus
151 3159 240 3221 sum,
259 3141 318 3222 {qui
337 3143 485 3221 audirem,
506 3150 536 3204 et
556 3146 686 3203 virorum
710 3141 882 3218 beatorum,
903 3143 1012 3218 quique
1031 3155 1134 3199 revera

53 3246 130 3300 eraut
151 3242 275 3300 maximi
296 3245 380 3319 pretii
412 3243 450 3302 ob
477 3245 708 3318 aestimationes;
729 3255 829 3300 eorum
851 3256 928 3300 unus
952 3238 1070 3315 quidem
1100 3238 1132 3296 in

5 3343 11 3356 '
55 3335 170 3399 Graecia
181 3341 317 3416 jonious,
336 3341 411 3399 alius
428 3343 547 3399 veroin
566 3356 674 3416 magna
696 3339 836 3414 Graecia,
858 3353 982 3412 quorum
1001 3335 1074 3394 alter
1094 3351 1131 3394 ex

54 3433 230 3515 Caelesyria,
248 3438 320 3496 alter
338 3455 375 3497 ex
392 3437 520 3516 AEgypto
536 3439 687 3497 oriundus.
708 3437 767 3496 lilii
787 3442 885 3496 autem
902 3453 938 3495 ex
955 3434 1084 3510 Oriente,
1104 3440 1133 3494 et

55 3537 111 3608 u'us
132 3534 206 3594 alter
220 3535 338 3610 qudem
358 3537 506 3613 assyrius,
526 3536 598 3595 alter
617 3551 686 3594 vero
699 3537 731 3594 in
748 3535 914 3596 Palaestina
932 3531 1075 3590 hebraeus
1094 3547 1132 3590 ex

57 3628 111 3688 alto
124 3630 213 3690 ducta
226 3633 347 3708 origine.
366 3632 440 3692 Cum
453 3639 550 3692 aulem
564 3634 596 3690 in
609 3633 746 3692 ultimum
761 3631 946 3706 incidissem,
959 3635 1021 3687 erat
1035 3635 1133 3687 autem

58 3726 101 3786 hio
118 3731 230 3804 primus
245 3735 406 3806 pooestatu,
425 3733 597 3807 maculavi,
616 3746 708 3806 quum
726 3732 823 3805 ipsum
840 3731 871 3786 in
896 3727 1024 3804 AEgypto
1045 3726 1135 3785 laten-

58 3831 111 3886 tem
122 3827 319 3906 indagassem.
339 3853 351 3878 «
368 3831 486 3890 Σικελική
500 3832 532 3897 τῷ
548 3828 600 3884 ὄντι
613 3829 629 3888 η’
641 3829 754 3902 μελίττα
766 3827 924 3901 προφη’τικού
938 3847 984 3890 ra,
1001 3823 1045 3878 aar*
1070 3824 1136 3878 αἶπο-

57 3926 303 4000 στολικοῦλειμιδνας
321 3928 353 3982 τά
366 3925 433 3986 ἄνθη
450 3928 601 4006 &peroptatus
615 3966 623 3992 ,
637 3925 767 4001 ἀκήρατόν
783 3949 806 3981 τι
823 3926 937 3998 γνώσεως
956 3925 1051 3996 χρῆμα
1073 3925 1132 3982 ταῖς

59 4016 100 4066 ταῖν
122 4017 283 4090 ἀκροωμένων
303 4018 425 4092 ἐγέννησε
446 4019 560 4092 ψυχαῖς.
576 4017 647 4074 Ἀλλ’
661 4019 686 4073 αἱ
702 4040 747 4092 μιν
768 4019 813 4078 τήν
832 4015 923 4076 ἀληθῆ
941 4017 986 4076 τῆς
1002 4011 1133 4086 μακαρίας

60 4103 177 4179 σάξαντες
199 4110 370 4176 διδασκαλίας
392 4111 537 4186 παράδυσιν
551 4150 557 4178 ,
573 4109 650 4174 :abac
669 4110 721 4166 ἀπὸ
744 4109 863 4183 llr'rpoo,
886 4108 913 4162 rs*
936 4107 980 4162 aui
1003 4101 1133 4183 Ἰακώβου,

85 4309 119 4370 (¹)
131 4313 191 4364 ilat
202 4314 268 4366 urci.
279 4315 321 4367 lib.
331 4319 363 4367 V.
375 4329 398 4368 o.
409 4317 441 4368 it.
453 4343 484 4356 -
494 4316 528 4384 (δ)
539 4315 584 4367 ud.
593 4315 707 4369 taurise
717 4315 741 4380 p.
752 4319 807 4366 27⁴.
