3094 5176
858 410 1038 460 -102-

405 525 451 580 cte
477 501 614 593 adaptata
632 524 661 576 et
681 513 885 594 respondentia
906 517 993 576 rebus
1018 501 1198 595 significatis.
1222 519 1426 594 Quemadmodum

405 618 580 693 geometriae
604 615 773 675 dialecticae
795 617 912 692 negotia
938 631 998 675 non
1022 615 1181 677 admittunt
1200 621 1353 679 varietatem
1368 625 1431 684 inier-

407 717 600 792 pretationis,
620 715 672 774 sed
690 721 811 774 manent
827 715 928 775 eadem
946 717 1033 775 sicuti
1051 731 1070 774 a
1091 717 1232 792 principio
1246 717 1350 778 luerunt
1361 726 1431 796 posita

406 821 437 874 et
455 813 669 890 immutabilia,
690 813 790 874 eodem
807 814 895 874 modo
915 818 945 873 et
961 815 983 872 ii
999 817 1190 892 congruentia
1205 814 1286 876 rebus
1298 818 1433 879 humermt

405 915 549 989 nomina,
570 927 703 988 quaeque
724 911 788 972 sola
806 912 938 972 vaierent
956 911 1102 988 explicare
1119 927 1236 971 sensum
1254 929 1363 992 eorum,
1382 932 1434 991 pou

406 1007 687 1088 erantexponende:
699 1010 766 1070 -1ta
784 1026 854 1088 ergo
881 1013 933 1088 qut
955 1009 1047 1074 Bibliu
1067 1027 1105 1071 ex
1129 1011 1263 1072 hebraico
1283 1015 1312 1070 in
1333 1029 1435 1090 mecm

407 1115 580 1186 verterunt,
600 1109 694 1170 multa
710 1107 823 1169 finxem
840 1109 984 1170 voeabula
1004 1109 1042 1170 ad
1062 1108 1187 1169 formam
1202 1111 1400 1188 hebraicorum,
1416 1120 1436 1172 ut

408 1210 452 1268 sic
473 1223 563 1284 quam
586 1205 719 1284 proxime
743 1211 938 1285 exprimerent
968 1209 1172 1270 hebraicarum
1194 1209 1346 1270 dichorium
1363 1215 1435 1270 uim·

410 1307 521 1368 Deinde
537 1310 645 1368 notatis
665 1309 814 1368 nonnuliis
835 1310 925 1388 hujus
947 1312 1062 1387 moeris
1080 1309 1251 1386 vocabulis,
1272 1309 1362 1368 addit:
1383 1309 1439 1370 «Sei
1498 1341 1499 1344 π

409 1421 470 1465 111
490 1405 613 1466 dublum
635 1413 679 1466 est
698 1409 770 1484 quin
789 1406 884 1467 multa
905 1403 977 1467 talia
998 1409 1155 1466 commenti
1173 1407 1233 1467 sint
1249 1405 1391 1482 voeabula,
1408 1408 1440 1465 uel

410 1519 448 1563 ex
470 1519 526 1564 usu
540 1503 675 1580 populari
688 1511 822 1581 sumpta,
841 1501 1005 1581 paullulum
1018 1503 1190 1564 deflexerint
1212 1503 1250 1563 ad
1263 1504 1440 1579 exprimendam

408 1588 528 1680 propius
550 1607 722 1678 potestatem
744 1619 780 1662 ac
802 1605 863 1662 vion
881 1601 1018 1662 vocabuli
1039 1602 1191 1662 hebraici.
1211 1645 1219 1660 .
1237 1601 1321 1660 .Non
1340 1604 1443 1678 pandora

409 1697 518 1775 Aquila
530 1697 687 1759 fabricauit
698 1742 708 1776 ,
722 1715 812 1776 eumn
823 1697 1029 1778 Septuaginta,
1044 1702 1076 1758 in
1089 1715 1124 1760 ea
1132 1701 1283 1776 versione,
1297 1715 1374 1776 quam
1385 1697 1443 1758 aior·

410 1801 516 1875 navit,
538 1800 628 1857 immo
645 1800 734 1858 etlam
746 1798 851 1876 plura,
872 1805 1033 1875 quatenus,
1054 1805 1084 1858 et
1102 1801 1232 1875 pressius
1245 1797 1370 1857 bebraieo
1379 1799 1444 1856 textu

413 1897 566 1974 adhaesit,
578 1901 617 1956 et
629 1895 756 1956 fonnem
775 1895 932 1957 uerborum
945 1899 1009 1974 ejus
1022 1895 1139 1955 dialecti
1156 1895 1194 1954 de
1214 1897 1342 1972 proximo
1352 1893 1444 1968 imbri,

411 2001 441 2054 et
462 2011 528 2054 cum
542 1995 646 2056 iisdem
658 1995 843 2055 lineamentis
856 1995 994 2056 exhibere
1014 1996 1149 2054 tentant.
1169 1993 1246 2054 Cum
1258 1992 1446 2067 diffieileituque
1498 2027 1499 2030 =

409 2099 486 2154 esset
507 2097 632 2172 reperire
646 2093 765 2171 aliquod
777 2094 900 2154 verbum
914 2096 946 2152 in
957 2109 1065 2172 graeca
1077 2093 1193 2171 lingua,
1218 2088 1298 2170 quod
1310 2092 1445 2151 examussim

410 2193 598 2270 responderet
606 2196 673 2254 voci
684 2193 837 2254 hebraicae
845 2193 884 2254 ad
892 2193 1134 2270 significationem
1143 2191 1447 2268 exprimenoomqum

412 2293 556 2355 sententia
579 2292 635 2354 loci
648 2291 828 2369 postularem
846 2291 956 2352 ideireo
966 2289 1106 2370 fingenda
1122 2289 1331 2366 interpretibus
1342 2287 1446 2348 omnim

410 2389 550 2468 inerunt,
572 2397 624 2450 aot
643 2407 680 2451 ex
700 2390 796 2450 medio
823 2389 985 2467 sumenda,
1013 2405 1089 2467 quae
1107 2389 1280 2450 viderentur
1304 2389 1388 2465 mags
1402 2401 1446 2444 coo·

409 2491 511 2548 uenire
534 2488 574 2548 ad
604 2489 757 2549 hebraicos
794 2504 897 2550 sensus
916 2489 1088 2549 reddmrdos.
1120 2487 1198 2548 ilinc
1227 2503 1342 2566 quoque
1365 2483 1449 2546 amoto

410 2587 504 2646 evasit
520 2589 702 2664 perspicere,
723 2603 782 2664 quo
803 2603 891 2648 sensu
914 2587 1051 2665 quodque
1069 2587 1194 2647 uerbum
1221 2582 1449 2665 graecanicumol

410 2683 458 2744 his
478 2687 607 2760 positum
627 2687 684 2761 sit,
705 2686 959 2764 quiaplerumque
980 2685 1071 2762 latet,
1093 2701 1168 2762 quae
1182 2699 1269 2745 mens
1283 2683 1450 2744 situerbomu

409 2781 602 2842 hebraeorum
613 2795 627 2859 ,¹
650 2790 701 2843 aut
720 2801 809 2860 quam
828 2786 885 2861 ipsi
904 2790 1033 2844 mentem
1058 2783 1238 2861 habuerint,
1269 2783 1371 2860 quidve
1386 2779 1449 2839 semi*

411 2881 521 2940 sintin
541 2883 577 2940 iis
597 2883 860 2958 interpretandis.»
884 2883 964 2943 Haec
985 2885 1084 2943 omnia
1102 2885 1196 2942 sensit
1210 2899 1330 2960 quoque
1346 2879 1451 2954 1111111-
1498 2897 1499 2910 ’

411 2995 478 3038 mus
497 2982 529 3038 in
549 2980 672 3056 epistola
692 2981 731 3040 ad
750 2981 922 3041 Marcellam
942 2981 979 3041 de
998 2980 1186 3058 Ephof·Bad;
1202 2987 1235 3040 et
1248 2981 1333 3040 Pauli
1351 2976 1451 3054 epistolae

415 3075 453 3137 ad
465 3077 586 3138 Galatas
599 3087 811 3141 commentatus
825 3087 922 3157 caput.
941 3095 982 3156 1.,
994 3081 1045 3141 uhi
1057 3083 1099 3141 ait
1104 3079 1302 3158 Septuaginta
1316 3095 1351 3137 ex
1361 3075 1452 3135 hebrae
1498 3087 1499 3124 ss

412 3179 621 3238 mansionentes
640 3181 671 3239 11
693 3195 831 3256 graecum
851 3179 1033 3257 Scripturas,
1054 3182 1184 3240 manime
1204 3187 1327 3239 conatos
1345 3177 1452 3250 esse‚ui

413 3279 618 3352 proprietatem
634 3279 781 3356 peregrini
800 3281 942 3338 sermonis
955 3281 1172 3355 exprimerent,
1195 3293 1280 3337 nova
1300 3277 1378 3336 nouis
1395 3271 1452 3331 rabit

414 3374 505 3433 verba
523 3373 679 3452 fingentes.
699 3373 778 3434 Dicit
796 3376 865 3435 inde
878 3392 939 3434 non
959 3391 1022 3436 esse
1042 3376 1098 3435 hoe
1118 3377 1250 3452 mirum,
1273 3369 1452 3434 cumetdioem

414 3471 446 3530 in
466 3473 684 3550 quaestionibus
704 3473 929 3552 Philosophiae,
951 3475 987 3534 de
1007 3491 1112 3552 graeco
1127 3473 1311 3534 transferens
1326 3471 1453 3531 totamm

412 3568 559 3649 linguam,
580 3583 719 3650 magnam
738 3589 842 3650 passus
863 3575 901 3633 sit
920 3576 1142 3649 necessitatem,
1172 3578 1311 3648 portenta
1335 3567 1453 3628 uermmo

412 3667 604 3748 proferendo,
626 3687 701 3748 quae
720 3687 872 3748 nunquam
891 3671 976 3732 latini
1005 3672 1134 3730 hominis
1155 3673 1236 3730 auris
1266 3661 1454 3730 audiveratlt

411 3769 527 3843 magis,
544 3767 645 3844 addit,
668 3770 820 3845 patiuntur
833 3769 876 3829 llll
890 3814 900 3848 ,
920 3770 1022 3848 quide
1036 3769 1169 3830 hebraeis
1182 3763 1398 3828 difficultatibus
1411 3773 1454 3836 pru

412 3866 550 3939 prietates
569 3868 732 3943 exprimere
751 3874 905 3929 conantur.
928 3868 992 3928 Hoe
1005 3867 1084 3928 idem
1100 3871 1168 3945 jure
1187 3865 1302 3926 factum
1315 3853 1456 3924 cmditattb

288 3961 292 3970 '
412 3964 568 4040 interprete
579 3965 770 4026 alexandrino
778 3967 810 4025 in
818 3964 951 4027 hebraeis
963 3969 1026 4027 sive
1037 3964 1184 4037 chaldaeis
1193 3955 1455 4026 Susannaehatoriu

412 4059 511 4122 uerbis
530 4064 763 4144 transferendis,
784 4071 819 4126 ut
837 4081 942 4146 nempe
970 4067 1131 4145 quidquam
1151 4069 1183 4126 in
1202 4065 1321 4126 echinos
1344 4071 1371 4124 et
1381 4062 1457 4140 pube

413 4173 487 4238 usu,
508 4165 683 4238 exprimeret
702 4163 852 4226 conforme
871 4165 951 4226 lustri
970 4164 1127 4224 verborum
1147 4161 1296 4241 Danielis,
1317 4163 1456 4222 isaacum

413 4273 497 4318 senes
512 4245 671 4337 arguentis.
686 4259 799 4341 Aliter,
821 4263 873 4322 uix
891 4261 955 4324 fieri
968 4265 1130 4340 potuisset,
1152 4269 1186 4322 ut
1199 4261 1345 4322 voeabula
1359 4255 1456 4318 semida

387 4389 391 4402 ·
413 4350 457 4442 lta
477 4361 607 4433 exposita
628 4376 646 4420 a
665 4359 785 4425 Daniele
805 4360 1021 4438 respondissent
1039 4363 1157 4438 linguae
1171 4362 1358 4438 graecanicae
1369 4347 1456 4418 uam
