3022 5178
580 354 762 404 -155—

127 471 158 524 nt
173 465 301 524 doctoris
315 479 398 522 mens
418 479 471 540 pro
485 462 642 539 Scripturis
654 464 948 525 Dantem-Canonicis
962 467 1093 544 dignosci
1106 473 1208 545 possit.

163 561 190 636 S.
214 563 295 621 XIV.
318 562 499 638 Epiphanius
516 578 533 620 e
554 561 713 622 Phaenicia
732 565 885 641 oriundus,
893 566 1060 639 parentibus
1077 567 1211 628 hebraeis

124 668 152 719 et
165 661 303 737 judaicae
317 662 376 738 legi
388 661 477 720 etiam
491 662 619 736 innixis,
634 661 750 738 claruit,
766 662 907 722 Gratiano
928 671 956 722 et
972 664 1135 725 Theodosio
1153 670 1208 725 im·

124 758 304 835 perentibus.
322 759 381 817 Vix
400 761 462 834 ipsc
479 759 662 817 occasionem
680 765 785 818 nactus
805 759 893 818 domo
911 759 1002 837 fugit,
1026 769 1055 821 et
1075 763 1208 824 christia·

123 871 193 915 nam
216 857 368 932 amplexus
388 863 433 915 est
449 858 612 914 veritatem.
630 857 793 916 Monastico
811 860 944 917 instituto
960 867 1114 936 suscepto,
1136 865 1208 922 inte-

123 971 209 1030 gram
230 957 331 1029 pietati
348 970 468 1031 operam
485 952 581 1030 dedit,
600 960 630 1012 et
647 955 803 1030 Scripturis
821 954 930 1014 divinis
943 959 1071 1016 maxime
1085 959 1208 1036 studuit,

120 1053 215 1111 donec
231 1053 269 1112 ad
289 1055 488 1129 episcopatum
504 1059 623 1112 evectus
636 1059 698 1129 est,
720 1053 790 1129 ubi,
808 1053 956 1113 doctrinae
974 1057 1110 1130 puritatis
1129 1063 1210 1116 trien·

120 1149 178 1209 dae
198 1165 306 1226 causa,
328 1149 460 1225 labores,
484 1165 639 1208 aerumnas
662 1166 713 1225 per
732 1149 892 1209 haereticos
912 1157 941 1208 et
958 1150 1089 1210 infideles
1112 1159 1209 1227 pertu-

122 1249 169 1308 lit.
191 1248 226 1307 ln
247 1248 326 1308 illius
348 1250 463 1324 scriptis
480 1263 542 1306 rem
565 1254 696 1307 nostram
717 1251 837 1306 scrutati
859 1248 1015 1307 incidimus
1036 1251 1067 1307 in
1082 1250 1211 1327 librum,

120 1349 175 1422 qui
198 1345 305 1405 dicitur
327 1350 484 1405 accuratas
496 1389 505 1422 ,
518 1349 580 1405 sive
598 1347 719 1422 epistola
740 1346 777 1404 ad
789 1348 887 1404 varios
906 1349 1055 1423 episcopos
1072 1351 1123 1424 qui
1143 1365 1210 1407 eum

124 1445 270 1502 sciscitati
288 1450 373 1503 erant
385 1444 421 1502 dc
439 1443 498 1502 ilde
520 1444 633 1520 Patris,
652 1449 682 1502 et
694 1445 782 1519 Filii,
800 1450 829 1502 et
847 1444 971 1519 Spiritus
986 1444 1085 1504 Sancti
1095 1452 1150 1504 etc.
1169 1446 1208 1522 (i)

120 1541 213 1600 Hisce
233 1544 263 1598 in
282 1542 385 1600 litteris
405 1541 514 1601 divinis
534 1558 599 1617 cap.
627 1558 689 1600 xrr.
715 1541 910 1600 Ecclesiastici
930 1541 1111 1616 scripturam
1132 1559 1211 1601 oom-

120 1640 214 1714 pellat
225 1640 347 1698 docens:
368 1641 427 1693 «Τὸ
447 1641 499 1712 γάρ
519 1645 621 1711 πνεῦμα
647 1643 694 1694 τοῦ
715 1643 782 1694 Θεοῦ
809 1641 894 1694 πάντα
917 1638 1007 1712 ἐρευνᾷ
1024 1641 1070 1693 καί
1087 1642 1120 1693 τά
1140 1639 1212 1706 βάθη

119 1740 168 1792 τοῦ
184 1739 259 1790 Θεοῦ·
274 1738 319 1791 οὐκ
335 1737 471 1814 ἀλλότριον
487 1739 568 1794 τοίνυν
584 1739 615 1793 τό
630 1741 731 1810 πνεῦμα
750 1741 796 1793 τοῦ
815 1741 882 1791 (deod
902 1738 930 1792 rc*
952 1739 1066 1809 ἐρευνοῠν
1083 1735 1163 1802 βάθη.
1179 1739 1212 1792 Er‘

118 1832 174 1902 γσὶρ
187 1830 258 1900 ἡμᾶς
271 1831 403 1903 μέμφεται
423 1831 452 1884 τό
470 1829 540 1884 θεῖον
559 1831 671 1903 γράμμα
696 1831 781 1902 λέγον·
798 1825 816 1883 οἳ
836 1830 986 1902 προσετάγη
1002 1851 1043 1883 σοι
1060 1833 1144 1882 ταῦτα
1158 1835 1212 1884 δια·

121 1925 197 1986 voni,
213 1925 259 1975 aci
274 1920 303 1975 od
318 1921 396 1994 χρεία
416 1921 475 1976 ἐστι’
489 1945 530 1977 σοι
548 1928 594 1977 τῶν
618 1927 743 1995 κρυπτῶν,
765 1924 809 1976 καὶ
828 1921 982 1994 ὑψηλότερά
1003 1941 1051 1974 σου
1067 1922 1105 1992 μή
1119 1920 1213 1994 ζήτει,

120 2013 170 2066 καὶ
193 2011 329 2086 βαθυτεροὶ
344 2035 392 2070 σου
408 2017 445 2087 μή
461 2013 568 2088 ἐξέταζε
587 2056 594 2079 ,
609 2017 631 2072 1”.
647 2033 674 2073 e.
692 2015 815 2090 Spiritus
829 2016 908 2072 enlm
921 2013 974 2071 Del
986 2014 1086 2070 omnia
1098 2019 1209 2072 sonita·

122 2116 193 2186 tur,
208 2113 296 2170 ctiam
311 2113 457 2188 profunda
470 2115 543 2189 Dei,
558 2129 618 2171 non
637 2114 750 2170 alienus
766 2113 856 2186 igitur
877 2117 921 2169 ast
938 2109 991 2168 Dei
1008 2109 1144 2184 Spiritus,
1159 2114 1211 2186 qui

122 2208 272 2284 profunda
290 2217 451 2288 scrutatur;
469 2211 588 2287 (probat
600 2211 737 2270 unionem
754 2208 837 2284 Filii,
850 2215 878 2266 et
893 2207 1018 2282 Spiritus
1032 2207 1131 2267 Sancti
1143 2225 1211 2268 curn

123 2306 229 2382 Patre)
252 2310 278 2366 si
294 2311 372 2367 enim
388 2326 442 2368 nos
459 2312 557 2386 arguit
573 2309 675 2367 divina
696 2307 845 2381 Scriptura
864 2306 979 2365 dicens:
1001 2304 1038 2378 (2)
1059 2321 1134 2381 quae
1152 2311 1210 2364 sta-

123 2409 190 2463 tuta
207 2411 277 2464 sunt
294 2407 365 2482 tibi,
379 2407 450 2466 haec
470 2410 586 2483 cogita,
601 2412 630 2465 ct
642 2422 702 2463 non
716 2411 761 2462 est
773 2420 846 2478 opus
859 2403 914 2461 tihi
927 2406 1063 2478 arcanis,
1078 2409 1107 2462 et
1126 2404 1210 2462 altio-

124 2519 157 2560 ra
169 2508 200 2560 tc
217 2520 254 2562 ne
267 2521 402 2580 quaeras,
411 2511 440 2564 et
452 2504 642 2581 profundiora
654 2511 683 2562 te
699 2519 736 2562 nc
751 2505 909 2577 scruteris,
926 2509 1026 2560 utrum
1040 2519 1111 2559 nam
1125 2507 1205 2560 etc.»

124 2599 234 2659 Contra
248 2602 440 2661 Basilidianos
458 2604 571 2661 haeresi
588 2619 634 2660 vr.
654 2617 718 2676 cap.
737 2609 766 2659 6.
783 2600 916 2659 eumdem
937 2600 1009 2675 legit
1028 2599 1152 2688 librum:
1172 2599 1210 2675 (3)

124 2699 252 2758 Proinde
273 2701 417 2761 malornm
433 2703 615 2777 negotiator,
631 2716 691 2758 non
708 2698 852 2757 bonorum
872 2705 918 2758 est
936 2698 985 2756 ille
1000 2700 1070 2757 mali
1091 2697 1210 2774 artifex,

120 2798 223 2860 ‘tremi
239 2799 356 2870 ἦγραφή
370 2796 499 2862 :incudm
523 2797 668 2870 ζητοῦντας
684 2797 959 2866 κακαὶ,καταλήψεται
970 2797 1214 2871 aaad,i.e,Quem·

125 2897 286 2956 admodum
301 2905 335 2956 ut
350 2897 500 2974 Scriptura
519 2899 610 2974 dixit,
625 2901 764 2975 quoniam
779 2902 949 2975 quaerentes
962 2896 1059 2970 mala,
1075 2894 1152 2952 mala
1164 2909 1213 2951 eos

125 2994 353 3070 apprehendent.
369 3020 381 3044 a
399 2994 435 3053 ln
454 2995 555 3053 eodem
573 3001 712 3054 ancorato
729 3011 793 3070 cap.
817 3003 846 3052 2.
871 2993 1035 3069 Sapientiae
1051 2990 1089 3066 (4)
1105 2989 1213 3047 librum

125 3095 156 3151 in
169 3095 216 3152 sni
229 3095 428 3152 testimonium
439 3093 551 3170 colligit
565 3093 679 3152 dicens:
699 3093 801 3151 «Neve
820 3091 942 3150 deorum
961 3093 993 3148 in
1010 3089 1095 3148 nobis
1116 3087 1213 3146 adhuc

126 3190 284 3250 multitudo
304 3192 462 3268 residerct;
484 3197 535 3250 aut
555 3192 593 3249 ad
606 3191 679 3249 illud
703 3193 797 3265 stupri
820 3205 911 3265 genus
930 3188 1084 3245 hominnm
1101 3189 1213 3242 mentes

125 3288 356 3366 dissiparentur,
375 3287 446 3343 Ἀλλ’
459 3289 504 3344 r'rrr'
522 3290 634 3346 ἑνότητα
650 3291 696 3342 τοῦ
715 3292 783 3341 Θεοῦ
800 3288 879 3360 μόνου
899 3283 1025 3343 davitico
1044 3285 1146 3355 ,πρώτη
1163 3283 1214 3354 ’γάρ

124 3385 229 3458 πορνεία
246 3387 348 3441 ἐπίνοια
365 3387 485 3450 εἰδώλων,
502 3390 569 3460 φησί
584 3389 601 3446 a‘
623 3388 725 3460 γραφή,
740 3389 761 3445 ἱ.
778 3403 804 3445 θ.
821 3385 878 3445 Sed
890 3385 928 3443 ad
938 3386 1080 3444 unitatem
1094 3381 1148 3438 Soli
1160 3379 1214 3438 Del

126 3487 201 3546 veri:
212 3486 332 3545 ·Prima
344 3489 423 3546 enim
436 3486 590 3546 fornicatio
605 3487 762 3561 exqunitio
775 3485 931 3559 idolorum,
946 3481 1018 3540 dicit
1031 3480 1210 3554 Scriptura.»

126 3585 218 3644 Libro
238 3601 277 3644 11.
298 3592 401 3645 contra
419 3585 574 3663 Origenem
598 3586 712 3644 haeresi
730 3592 779 3642 44.
803 3599 867 3658 cap.
891 3591 939 3640 36.
960 3579 1003 3638 De
1025 3579 1140 3636 animae
1159 3579 1214 3634 im·

126 3683 305 3742 mortalitate
325 3684 442 3743 scribit:
460 3681 542 3738 ‹N'Ou
561 3684 588 3736 δὲ
608 3682 739 3745 ἀθάνατος
755 3683 772 3740 ἦ
791 3682 881 3753 ψυχή,
902 3679 1015 3744 ἐδίδαξεν
1037 3673 1181 3746 ἀναφανδόν
1204 3674 1217 3728 ὁ

126 3779 233 3854 Ku'proq,
255 3783 300 3834 acri
329 3781 354 3836 δι’
377 3781 483 3845 ἑαυτοῦ,
504 3781 550 3835 καί
578 3782 620 3834 troi
637 3780 799 3850 Σολομῶνος,
825 3777 958 3841 εἷπών,ἱ.
975 3794 1002 3835 e.
1019 3775 1103 3848 Quod
1118 3779 1216 3831 alitem

127 3880 303 3938 innnortalis
318 3881 357 3939 sit
370 3882 470 3938 anima
488 3880 587 3939 docuit
604 3886 702 3954 aperte
719 3879 879 3954 Dominus,
899 3883 928 3935 et
944 3893 996 3953 per
1015 3875 1214 3948 semetipsum,

127 3981 158 4034 et
178 3992 229 4052 per
245 3975 430 4036 Salomonem
443 3977 555 4037 dicens.
577 3977 615 4053 (5)
626 3975 683 4034 Per
700 3993 731 4035 se
748 3975 882 4052 quidem,
898 3977 928 4033 in
942 3974 1042 4033 divitis
1063 3988 1098 4030 ac
1111 3969 1215 4028 Lazari

157 4203 192 4267 (t)
208 4206 273 4256 Edit¹
287 4206 386 4256 Parisiis
402 4209 472 4256 Turn.
485 4209 517 4255 ll.
537 4205 684 4268 -(2)Eccl.
697 4221 719 4256 c,
733 4205 1012 4268 1v22.-(u)r0m.11.
1025 4204 1090 4254 Eccl.
1104 4205 1212 4254 ovili.

129 4283 202 4348 -(l)
213 4287 269 4350 Sap.
281 4288 346 4335 xlv.
361 4293 398 4336 il.
418 4285 453 4348 (5)
463 4289 519 4350 Sap.
534 4301 555 4334 c.
569 4288 613 4336 lll.
629 4293 649 4335 l.
