2964 5174
821 424 983 475 ...Μ-

679 623 1017 687 PROPOSITIO
1058 629 1119 689 lv.

414 819 566 879 necheco
578 819 795 882 amadrinoe
807 821 983 884 mmmmm
992 841 1050 901 pro
1066 824 1229 903 Scriptum
1242 825 1388 886 Deuicro·

453 918 631 995 Cuaorticis,
645 935 665 977 a
677 919 794 978 soeculo
809 919 923 980 Christi
927 923 1028 998 punto
1039 965 1051 996 ,
1067 939 1159 1000 topace
1168 922 1210 982 od
1220 927 1350 983 sextum.

396 1115 424 1190 s.
446 1115 473 1175 1.
495 1115 624 1174 Ececlesia
644 1118 833 1193 aegyptiaca,
851 1115 900 1175 vel
927 1116 1120 1177 alexandrina
1136 1125 1233 1178 erecta
1250 1119 1308 1178 iuit
1328 1135 1347 1179 a
1375 1119 1445 1180 divo

357 1211 461 1272 Marco
468 1214 658 1290 Evangelista
670 1217 765 1273 saneti
776 1214 856 1274 Petri
871 1214 1030 1291 discipulo,
1048 1233 1137 1292 quem
1154 1221 1187 1276 in
1203 1233 1258 1276 sna
1272 1217 1396 1293 epistola
1413 1217 1444 1276 ii·

357 1314 432 1372 itum
450 1329 538 1372 sunm
548 1319 646 1373 vocat.
662 1315 739 1391 flio,
752 1321 826 1374 teste
842 1315 1040 1392 Hieronymo,
1058 1316 1167 1376 Christi
1179 1317 1374 1393 Evangelium
1387 1317 1443 1376 Ro·

355 1429 423 1471 mae
442 1429 461 1471 a
478 1413 619 1472 hahihus
636 1420 756 1490 rugatus
771 1417 941 1490 scripserat,
959 1417 1094 1491 magistri
1107 1418 1153 1474 sni
1170 1415 1335 1475 doctrinam
1354 1421 1443 1475 secta·

356 1517 422 1584 tus,
448 1513 500 1586 qui
525 1510 634 1587 ubique
652 1513 680 1569 ei
697 1514 794 1571 socius
818 1515 993 1587 perstiterat.
1025 1512 1159 1572 Clemens
1180 1513 1390 1572 alexandrinus
1414 1517 1445 1571 in

357 1623 413 1668 suo
423 1609 500 1667 libro
509 1614 721 1686 ypotyposeoa,
734 1615 765 1668 et
777 1608 884 1684 Papias
896 1609 1125 1684 hieropolitanus
1140 1611 1179 1686 (t)
1193 1611 1315 1670 tradunt
1327 1611 1447 1670 Petrum

358 1707 527 1783 evangelieo
548 1723 635 1782 opere
660 1707 796 1781 discipuli
814 1707 904 1766 fuisse
922 1708 1115 1782 delectatum,
1135 1715 1165 1768 et
1181 1708 1448 1784 hanoScripturam

359 1808 532 1864 mannate
547 1821 602 1864 sua
619 1806 723 1864 fecisse
736 1811 842 1863 ratam.
865 1805 1000 1865 tradunt
1012 1810 1150 1883 insuper,
1163 1813 1198 1866 ut
1211 1807 1357 1881 dicebam
1371 1806 1448 1866 huno

360 1902 496 1962 Marcum
514 1906 550 1962 in
564 1904 728 1980 AEgyptum
744 1909 900 1980 trajectum
921 1907 1071 1981 primum
1091 1905 1134 1964 ihi
1152 1905 1347 1981 Evangelinm
1366 1921 1446 1980 prae·

359 2000 493 2078 dieasse,
514 2007 544 2059 et
562 2002 752 2060 eodosinrnm
777 2004 977 2062 institutorem
999 2004 1107 2078 fuisse,
1130 2003 1258 2080 adquae
1278 2003 1445 2079 christiani,

358 2114 440 2158 more
461 2099 638 2175 apostolieo,
648 2100 871 2160 oonveaiehant.
890 2099 1009 2177 Absque
1031 2101 1165 2176 proiectu
1175 2107 1254 2160 oerte
1269 2101 1338 2160 illas
1353 2103 1388 2158 in
1406 2117 1446 2159 re

360 2199 463 2273 giones
480 2213 581 2256 semen
596 2197 799 2274 evangelicum
817 2215 879 2256 non
898 2199 1019 2256 iuddit:
1040 2201 1173 2274 quinimo
1188 2216 1227 2258 ex
1242 2197 1446 2274 Apostolormn

358 2294 574 2370 pmedieationo
596 2293 679 2355 brevi
704 2299 799 2371 spatio
818 2298 970 2372 aegyptiae
987 2298 1121 2356 civitates
1139 2297 1268 2356 hliomm
1286 2295 1445 2355 mutandi

359 2409 430 2452 nem
440 2392 557 2452 Christo
568 2393 695 2452 nomino
704 2395 902 2471 protuieumt,
913 2411 952 2454 ex
965 2395 1122 2471 gentilibus
1136 2398 1244 2470 purtim
1256 2397 1444 2470 venientium,

358 2498 391 2552 et
408 2507 446 2550 ex
459 2492 595 2568 judaeis,
608 2509 734 2568 quorum
751 2509 860 2570 magna
876 2495 960 2568 copia
978 2495 1048 2554 illas
1060 2500 1155 2551 terras
1172 2492 1327 2553 incolebat.
1350 2493 1445 2566 Qualis

360 2593 392 2648 in
415 2595 473 2649 ista
488 2591 618 2650 Reclusis
634 2591 811 2649 christianus
825 2591 925 2649 favor
943 2598 1034 2666 esset,
1052 2599 1082 2650 et
1107 2591 1255 2666 quomodo
1276 2593 1358 2649 vitae
1387 2607 1445 2664 apo

361 2690 481 2748 stotieae
499 2692 644 2748 mshtutio
663 2695 847 2764 servantur,
868 2689 907 2746 ah
932 2689 991 2748 iilis
1011 2691 1143 2748 monacis
1161 2690 1341 2765 accipimus,
1364 2691 1415 2764 qui
1431 2705 1445 2747 a

361 2787 635 2864 religiouhChristi
651 2787 819 2862 primordiis
838 2787 960 2844 desertis
978 2789 1011 2844 in
1028 2789 1107 2863 agris
1124 2791 1217 2846 uitam
1237 2787 1402 2863 degebant,
1418 2793 1446 2844 ut

360 2886 405 2944 ihi
420 2885 529 2944 Christi
546 2887 692 2944 sertim
708 2885 872 2944 libertatem
902 2887 1095 2960 acquirerent.
1122 2886 1298 2944 Divinarum
1323 2883 1445 2959 Scriptu

362 3000 464 3044 rarum
480 2986 585 3061 lectio,
605 2991 635 3044 et
651 2985 838 3060 perfeetionis
854 2984 984 3042 studium
994 2987 1185 3060 praecipuum
1206 2990 1270 3043 erat
1287 2986 1444 3059 negotium,

361 3087 411 3142 oui
428 3101 492 3142 sese
509 3083 693 3142 devovebant
709 3085 760 3142 isti
779 3083 965 3158 evangelicae
981 3083 1206 3158 dispensationis
1228 3082 1368 3141 athletae.
1392 3083 1446 3140 Hoc

360 3182 440 3242 idem
462 3183 607 3256 excipitur
626 3198 663 3240 ex
681 3180 878 3239 Alexandriae
894 3179 1011 3256 schola,
1027 3181 1067 3256 (a)
1081 3181 1133 3238 ubi
1144 3179 1261 3255 fideles,
1275 3180 1443 3251 sacerdotes,

361 3283 490 3358 episcopi
508 3298 564 3356 pro
588 3279 814 3355 praedicationis
840 3293 961 3337 munere
989 3278 1201 3354 edocebantur,
1218 3293 1310 3354 quam
1335 3283 1445 3337 mans

361 3378 441 3439 tdem
459 3377 1043 3456 Evangeiistaiundaverat,etpostea,
1063 3375 1445 3452 utinimridehitur,ean

362 3476 550 3553 Pantaenus,
581 3477 733 3553 (demens,
759 3473 1446 3552 ofigmes,alitquerexere.ouidqutdmren

362 3579 396 3634 in
412 3577 487 3653 hac,
504 3577 553 3635 rei
570 3577 741 3653 hujusmodi
760 3576 869 3636 scholis
888 3581 1022 3650 egerunt,
1042 3573 1090 3630 rei
1113 3573 1259 3632 dhomtud
1279 3571 1444 3643 christiani,

361 3668 1444 3749 nohtsuadttltosehiusidem,dumait:·1uhis,saortsscripmrts

360 3773 848 3848 maximeoperaimpendehatur,
869 3787 924 3830 nec
941 3778 1042 3830 tamea
1058 3770 1269 3828 humaniormn
1285 3767 1444 3842 disdplirn·

363 3869 949 3949 rnmstudimnprorsusnegtigabutur5
970 3867 1444 3944 sedmagisadscriptmamsa·

361 3983 444 4026 cram
465 3969 782 4045 incumbebantadeo,
805 3975 841 4028 ut
866 3970 1139 4028 memoriteretiam
1163 3983 1264 4026 sacras
1288 3965 1445 4040 Scripturas

362 4072 505 4125 tenuent.
522 4091 536 4115 ι

401 4163 445 4222 De
462 4163 639 4223 christianae
656 4165 1254 4242 religionisiaAEgyptoorigine,eiusqne
1270 4163 1344 4220 inea
1361 4157 1444 4232 regio*

388 4378 528 4443 (trumo.
549 4378 611 4428 use
624 4378 690 4428 ner,
704 4377 746 4427 ao.
760 4375 1020 4441 u.-(2)sssemr
1033 4375 1133 4428 anan.
1146 4373 1235 4424 eraut.
