3022 5178
496 411 539 426 «α
559 389 613 444 lea
635 413 676 426 -e‘

78 504 242 582 rappoaltltil,
261 507 289 562 et
305 502 436 580 dogmati
462 501 648 578 moribusque
675 501 876 560 adversantur.
899 502 981 562 llaec
997 502 1055 563 duo
1074 519 1126 561 ro·

75 603 159 664 aona
174 601 230 661 lere
241 601 341 660 eodem
360 600 448 660 modo
462 600 500 659 ab
517 599 718 660 ecclesiasticis
741 601 813 658 virle
833 602 1013 675 accipiuntur
1030 607 1060 660 et
1078 617 1126 660 ex·
1218 587 1224 606 '

75 701 204 777 plicantur.
224 697 334 758 Mixtae
350 713 438 773 porro
455 696 620 772 scripturae
632 697 669 756 ab
687 696 811 774 Origene
826 696 1029 774 appellantur,
1050 713 1126 774 quae

75 801 133 858 inter
145 797 244 858 nothas
262 803 292 856 et
307 799 449 873 genuinae
462 795 620 871 incmmt,
637 797 729 854 satius
746 797 878 870 inquam,
888 799 975 871 juxta
991 795 1074 854 rubi
1084 797 1126 854 ai·

74 894 278 971 palliationem,
297 893 341 952 illi
360 892 428 952 libri
446 891 645 967 vocabantur,
664 894 716 967 qui
729 894 835 967 partim
847 888 1035 969 'pinetitutione
1051 908 1124 952 sana

74 992 238 1069 mutabant,
258 993 365 1068 partim
380 983 545 1065 apolioliois
567 989 748 1050 documentis
766 989 980 1065 abhorrebant3
995 995 1024 1049 et
1037 989 1126 1065 hujm

73 1091 163 1166 genu'a
180 1089 244 1148 libri
265 1091 350 1148 mixti
374 1088 412 1147 ab
430 1103 465 1146 eo
483 1087 642 1163 apocryphi
660 1103 775 1162 quoque
794 1090 911 1146 nornine
924 1086 1123 1146 inscribeban-

73 1193 118 1246 tur.
137 1188 273 1261 Quoniam
293 1191 391 1246 autem
413 1185 470 1244 hoc
494 1185 671 1244 vocabulum
687 1182 858 1261 apocrypho
874 1186 965 1243 variis
983 1182 1126 1261 signitica-

72 1279 178 1344 donibus
194 1301 212 1344 a
230 1286 320 1344 sacris
340 1281 529 1358 scriptoribus
548 1281 691 1341 donatum
704 1282 771 1357 luit,
790 1284 900 1357 optime
920 1298 966 1340 ree
986 1283 1052 1357 erit,
1066 1297 1127 1340 om-

73 1383 137 1440 nlnm
153 1387 264 1457 patrum
277 1381 402 1458 objicere
416 1381 678 1456 interpretationes,
693 1379 798 1454 quibus
816 1379 892 1438 hanc
909 1394 1011 1439 vocem
1029 1379 1127 1454 expla-

75 1485 176 1555 narunt,
191 1479 260 1545 dam
279 1478 316 1538 de
333 1477 489 1553 scripturo
517 1479 624 1536 nostris
649 1493 810 1536 sermonem
841 1476 1015 1536 habuerunt.

26 1555 28 1574 ’
101 1576 180 1636 lurta
191 1577 409 1655 etymologiam,
421 1575 557 1648 ἀπόκρυφοι
576 1573 747 1652 apocrypha
760 1590 864 1651 graeca
882 1589 1035 1650 vox,quae
1047 1574 1125 1650 apud

74 1673 187 1734 cllcniom
202 1677 356 1751 scriptores
377 1674 619 1752 significationem
642 1673 799 1748 praetulit,
824 1671 970 1732 occultare
1000 1673 1124 1748 scilicet,

73 1770 163 1848 colore,
183 1771 372 1849 abscondere,
385 1777 554 1850 contenere,
571 1772 693 1830 testibus
706 1769 881 1846 Plutarcho,
901 1770 1040 1845 Platone,
1063 1771 1124 1830 Iao·

72 1875 146 1946 crate,
163 1869 333 1948 Thucydide
349 1871 490 1947 albaque,
503 1877 537 1930 ut
549 1871 647 1930 videre
662 1875 707 1928 est
724 1869 803 1943 apud
819 1868 980 1928 flenricum
1002 1867 1123 1942 Stepba-
1184 1883 1188 1888 ·

72 1985 136 2028 num.
153 1969 197 2030 Sic
214 1972 292 2048 apud
310 1971 430 2032 Saldam
442 1973 474 2029 in
487 1969 671 2046 Pherecyde:
691 1993 704 2018 «ι
715 1967 810 2026 uuna
830 1967 997 2043 apocrypha
1022 1967 1125 2026 dicun·

71 2066 174 2126 mitri
188 2071 298 2143 arcani,
310 2068 439 2128 occulti»
460 2073 489 2126 et
501 2071 590 2142 juxta
603 2067 699 2140 ipsum
706 2064 883 2122 flenrieum:
903 2089 915 2112 «ι
930 2063 1011 2122 Libri
1019 2063 1133 2122 Btblio·

72 2177 123 2221 ran
133 2164 217 2242 aliqui
227 2169 325 2227 uocati
337 2165 455 2224 fuerumt
467 2162 645 2240 apocryphi,
659 2164 744 2236 quasi
756 2161 875 2234 occulti,
889 2160 973 2234 quod:
981 2161 1133 2220 nianirum.

72 2273 118 2318 uta
130 2262 220 2337 pdam
237 2261 376 2322 omnibus
385 2261 629 2338 proponerentur.
644 2285 656 2310 a
669 2259 714 2317 Ex
724 2257 871 2317 veteribus
883 2256 1014 2332 patribus
1027 2255 1126 2334 Orige-

72 2370 111 2415 nes
124 2358 193 2418 idem
209 2361 299 2420 sunili
322 2360 409 2420 modo
431 2358 504 2418 illud
523 2356 699 2416 vocabulum
718 2358 923 2430 interpretatus
943 2359 987 2412 est
1002 2352 1039 2429 (t)
1055 2353 1139 2413 dum.

72 2460 173 2516 saernu
184 2457 273 2517 libros
286 2456 488 2534 apocryphos,
503 2457 587 2531 quasi
603 2454 731 2512 occultos
743 2453 834 2511 libros
845 2495 854 2527 ,
865 2451 902 2510 ab
915 2451 989 2528 illis,
1009 2453 1060 2526 qui
1072 2465 1126 2526 pu·

72 2547 137 2627 blici,
149 2559 176 2612 et
188 2569 356 2614 communes
367 2553 588 2630 evulgabantur.
601 2552 636 2608 ln
649 2551 827 2626 praefatione
841 2565 912 2607 vero
926 2548 1039 2608 Cantici
1052 2546 1125 2608 Garr-

71 2649 173 2710 fiaomm
189 2654 243 2712 aab
263 2653 354 2714 linem
375 2653 413 2728 (a)
435 2652 534 2712 addit:
554 2650 746 2726 «Amcryphi
765 2650 808 2708 illi
830 2649 967 2708 dicuntur
988 2648 1054 2706 libri
1074 2663 1138 2724 pro⁴

71 2761 111 2820 aa,
125 2750 197 2824 quod
212 2751 308 2810 multa
324 2752 356 2809 in
374 2752 420 2809 eia
433 2756 585 2825 corrupte,
611 2755 640 2807 et
657 2754 760 2806 contra
779 2746 867 2804 ladem
883 2762 985 2806 veram
1000 2762 1018 2805 a
1035 2751 1126 2823 majo·

71 2841 133 2904 rlbaa
144 2847 290 2923 traditam,
303 2864 364 2906 non
380 2847 489 2922 placuit
502 2849 547 2904 ele
557 2846 627 2904 dare
645 2846 741 2904 locum
753 2887 761 2919 ,
776 2860 830 2902 nee
847 2843 962 2902 admitti
977 2843 1014 2902 ad
1028 2851 1126 2904 aucto·

70 2941 181 3019 rilalem,
195 2953 224 3004 et
235 2951 321 3005 extra
333 2945 480 3004 canonem
489 2943 680 3003 habebantur.
696 2967 708 2992 ι»
721 2943 815 3017 Hujus
830 2945 941 3018 generis
953 2941 1019 3000 libri
1031 2949 1134 3019 erant,

70 3042 291 3120 cunpigrauo,
301 3043 374 3104 liber
390 3043 530 3116 Pastoris,
538 3041 677 3100 Ascensio
685 3041 789 3114 Isaiae,
801 3041 918 3115 aliique,
930 3042 981 3114 qui
995 3041 1127 3116 alimmu-

70 3131 99 3192 do
113 3153 128 3194 a
142 3140 282 3199 celebrato
298 3143 454 3215 interprete
473 3142 505 3196 in
526 3140 726 3196 auctoritatem
742 3138 850 3211 sumpti
870 3136 967 3210 luere,
986 3145 1016 3196 et
1028 3153 1045 3196 e
1058 3153 1127 3196 con·

70 3233 106 3288 tra
122 3234 188 3294 alias
210 3240 241 3294 in
264 3237 387 3296 dubium
416 3238 522 3295 vocati.
554 3234 723 3308 Praeterea,
755 3235 875 3292 lectores
893 3232 1128 3292 animadvertant

72 3328 160 3407 velbn,
176 3333 332 3411 origenem
359 3336 455 3410 ipsum
478 3347 629 3408 unquam,
648 3331 752 3390 nullibi
772 3334 832 3390 suis
849 3331 1011 3406 inscriptis
1034 3329 1128 3389 Biblia

71 3431 156 3488 vetem
166 3430 288 3491 loederls
300 3430 595 3506 Deuterotlanonica,
609 3429 743 3505 Tobiam,
758 3432 890 3504 inquam,
905 3427 1019 3503 iudith,
1029 3427 1127 3486 Eccle-

70 3523 217 3604 slmtlcum,
244 3529 442 3605 Sapientiam,
473 3527 718 3589 Machabaeorum
742 3526 831 3601 duos,
852 3523 1128 3600 amarmurmulus

68 3622 202 3684 ubther
222 3627 439 3702 additamenta,
458 3642 551 3701 neque
576 3625 684 3701 notha,
702 3640 795 3700 neque
815 3623 925 3698 mixta,
947 3639 1041 3698 neque
1062 3639 1128 3698 apo-

69 3721 163 3796 crypha
174 3725 376 3801 compellasse,
391 3725 552 3800 quinlmmo
567 3730 669 3782 contra
679 3722 850 3798 judaeos·et
863 3721 1045 3797 judaizantes
1059 3724 1128 3780 totis

69 3817 163 3880 tlrlbus
183 3822 300 3882 illorum
317 3823 448 3882 divinam
464 3823 606 3898 originem
621 3819 794 3879 vindicavit.
812 3819 893 3892 Quae
913 3834 1002 3893 supra
1016 3820 1052 3878 de
1065 3822 1128 3894 ipso

68 3915 149 3992 retuli,
165 3919 318 3979 tabefiant.

99 4010 242 4092 baebius,
257 4023 290 4076 ut
301 4017 389 4092 paulo
403 4021 471 4076 ente
482 4015 556 4091 dixi,
571 4031 664 4091 neque
675 4015 857 4090 apocryphas
871 4014 1035 4090 Scripturas
1048 4012 1131 4072 Dea--

90 4301 119 4362 ul
137 4306 202 4356 Tora.
215 4306 258 4358 ut
271 4324 293 4372 p.
308 4314 362 4360 lea.
376 4309 440 4360 Edit.
452 4311 530 4360 Maur.
544 4333 574 4346 -
586 4309 619 4371 (2)
632 4311 702 4358 Tora.
715 4309 757 4358 111.
769 4321 793 4372 p.
804 4315 841 4358 36.
854 4306 920 4356 adit.
933 4308 1016 4359 Maur..

752 4387 765 4411 a
