3022 5178
533 413 572 426 -
594 391 651 450 its
670 415 709 428 -
748 424 751 434 ·

86 509 185 580 vntum
202 501 345 578 sumpsit,
361 499 449 562 simul
465 499 590 578 denique
609 501 720 579 relique
734 502 832 562 omnin
849 501 979 567 humanu
991 509 1157 569 exercuitl»

86 603 191 662 Videes
201 600 303 676 lector,
316 605 427 676 quante
441 600 610 660 securitate
624 600 739 660 Beruoh
759 600 849 662 verbe
865 604 940 662 inter
957 606 1162 668 contendentes

82 701 288 778 praestiterint.
300 697 520 758 Ad‘Nestorium
533 698 661 758 scribens
679 697 857 760 coelestinus
869 700 909 776 (1)
919 718 1006 779 popu,
1020 720 1091 763 sues
1107 722 1165 764 me·

85 799 194 858 moriae
209 795 330 856 mandet
342 795 534 856 Ecclesiastiel
548 795 648 856 verhu:
668 796 816 875 «Legerat
832 797 962 874 proiento
976 799 1074 861 sisinii
1095 803 1164 862 sim.-

83 897 149 974 plex
169 897 329 971 snnotites,
353 899 383 953 et
404 899 507 954 sunem
526 895 713 970 simplicitas:
730 895 930 956 ·Timendnm
944 900 1056 975 magis,
1072 917 1161 978 quem

82 993 139 1054 sihi
159 994 221 1052 nlte
235 991 422 1068 sepiendum:
438 991 449 1067 l
455 997 484 1052 et
504 991 587 1068 alibi)
603 1025 616 1036 ·
629 992 743 1054 Altiore
757 1010 817 1053 non
834 1010 898 1054 eme
914 997 1081 1057 scrutanda.
1099 1022 1113 1052 s

119 1077 251 1169 Cyrillus
259 1088 297 1166 (t)
309 1088 495 1166 presbyteris,
507 1089 637 1166 dieoonis
645 1133 653 1166 ,
662 1098 693 1150 et
701 1093 808 1168 populo
821 1091 1013 1154 alexandrino
1020 1095 1161 1175 sorihens,

83 1203 204 1250 onumen
225 1187 328 1246 iudith
341 1189 373 1246 in
386 1187 432 1246 his
453 1187 552 1246 verbis
569 1188 744 1264 appellavit:
764 1213 778 1240 o
792 1189 912 1251 Vestras
931 1207 985 1268 pro
1001 1191 1085 1252 nohis
1098 1209 1163 1269 pre·

82 1302 148 1364 oss,
177 1302 247 1347 num
273 1292 303 1345 et
326 1301 381 1362 ego
408 1301 524 1363 quoque
547 1285 577 1344 id
601 1286 697 1346 lnoere
720 1302 780 1346 non
797 1287 915 1348 dminus
932 1287 1040 1367 (illinet
1056 1291 1166 1348 estrei

79 1385 179 1450 edurat
194 1381 333 1459 ruvrpr'flor
347 1385 479 1457 πολέμους
494 1389 572 1452 (deit,
587 1385 658 1442 u‘rtlv
674 1387 799 1458 δυνάμεων
813 1387 918 1460 Κύριος,
931 1390 953 1448 i.
963 1405 991 1449 e.
1007 1387 1048 1448 Ut
1061 1405 1163 1450 rursus

81 1487 184 1546 omnis
201 1490 354 1542 eonterens
376 1483 453 1542 belle
475 1483 572 1559 Deus,
596 1485 777 1544 exercituum
791 1484 952 1562 Dominus,
971 1488 1070 1546 emnia
1089 1502 1165 1565 quae

80 1583 151 1642 huie
162 1597 268 1642 musae
280 1583 508 1657 intervenerint,
523 1583 652 1642 suaviter
669 1598 883 1659 oomponens.»
909 1583 1033 1643 Seuetee
1051 1582 1164 1660 ephesl-

82 1695 138 1740 nse
154 1679 261 1757 synodi
276 1680 397 1754 epistole
410 1680 448 1738 ud
471 1695 585 1738 sueram
598 1680 745 1757 synodum
759 1683 793 1740 in
802 1681 989 1759 Penrphylie,
1004 1683 1047 1740 sio
1063 1683 1166 1758 incipit

78 1783 168 1856 juxte
184 1779 376 1838 Eedaelhstici
392 1778 430 1854 (4)
446 1778 643 1854 scripturam:
663 1805 676 1832 ι
693 1781 769 1836 Merui
792 1779 889 1846 βουλῆς
912 1782 997 1837 πάντα
1016 1782 1097 1848 ποιεῖ,
1120 1781 1166 1844 τῆς

80 1875 257 1934 demetens
279 1875 410 1948 nepotum
429 1882 549 1955 γραφῆς,
564 1879 585 1938 l.
600 1895 627 1938 e.
646 1879 719 1939 Cum
738 1879 860 1938 oonsilio
880 1883 980 1940 omnio
1001 1881 1066 1958 iae,
1087 1881 1164 1942 divi-

83 1979 163 2037 nitus
183 1979 327 2054 inspirate
347 1977 461 2036 dicente
485 1977 644 2052 seriptum.
661 2001 674 2028 ιι
691 1977 727 2035 ln
748 1977 849 2036 eudem
875 1977 990 2055 synodo
1015 1979 1089 2038 lette
1118 1986 1164 2040 est

83 2073 205 2136 inmitte
224 2076 366 2136 Theodoti
383 2077 579 2151 senetlssimi,
595 2091 672 2134 enno
689 2073 797 2134 Christi
812 2081 868 2134 tui
889 2075 936 2134 die
952 2075 1163 2154 Netivltetls,e

81 2189 141 2252 que
159 2173 252 2234 verbe
267 2175 382 2234 Beruoh
396 2175 435 2251 (5)
450 2173 644 2251 ohjioiuntur:
669 2197 682 2224 a
693 2173 800 2234 Faetus
817 2180 861 2233 oet
874 2173 962 2232 homo
978 2180 1039 2232 non
1051 2179 1164 2236 mutatu

83 2277 209 2347 notura,
224 2287 287 2333 non
304 2274 391 2330 motis
407 2273 539 2330 terminls
556 2271 674 2330 divinoe
689 2269 888 2330 substantioe:
905 2269 976 2328 -Tn
991 2271 1069 2328 enirn
1084 2269 1162 2330 idem

81 2371 142 2446 ipse
160 2385 209 2446 ee,
224 2377 255 2428 et
265 2371 337 2430 enni
348 2371 390 2431 tui
405 2385 464 2428 non
477 2368 627 2445 defitient,
647 2367 679 2424 ’li
693 2365 754 2422 ieie
768 2367 857 2441 γραφη·
873 2367 953 2440 φησί,
966 2368 1013 2423 και·
1028 2369 1061 2421 συ·
1084 2366 1165 2430 sail-

79 2489 157 2536 μινυς
173 2467 212 2532 εἷς
232 2470 278 2521 ro'r
288 2467 382 2534 aissa,
396 2467 476 2537 τούτῳ
491 2469 609 2526 δηλοῦσα
621 2469 668 2530 ric
686 2465 777 2530 θιΐκῆς
802 2465 894 2528 οὐσίας
910 2467 939 2521 ro*
957 2464 1163 2538 ἀμετάβλητον,

80 2561 102 2618 i.
119 2577 146 2622 e.
162 2559 272 2620 Divino
291 2559 441 2634 Scriptura
457 2559 546 2634 dicit,
567 2564 613 2620 et:
630 2558 700 2618 -Tu
717 2558 819 2618 sedens
836 2561 869 2624 in
886 2563 1058 2618 ueternum:
1075 2559 1165 2618 -lloo

79 2657 236 2720 emendem
248 2657 367 2717 divinae
382 2657 562 2717 substantioe
578 2655 878 2718 immutabilitatem.»
896 2656 1076 2716 Coelestinus
1088 2673 1166 2734 pepe

79 2773 132 2835 per
149 2755 315 2833 ,epistolam
333 2755 371 2814 ed
393 2755 504 2816 elerum
522 2760 552 2815 et
571 2755 685 2832 plebem
704 2753 953 2830 Constantinopoli
976 2756 1166 2814 constitutum

79 2855 231 2931 scribens,
254 2860 320 2931 post
342 2853 488 2932 synodum
510 2853 678 2930 ephesinam
701 2853 864 2928 Sapientiae
879 2852 919 2929 (t)
934 2852 1041 2912 librum
1062 2859 1166 2912 oontro

77 2952 186 3032 impios
209 2955 335 3029 exeipit:
355 2977 368 3004 s
383 2953 456 3026 Quis
476 2959 591 3030 temen,
611 2953 725 3028 inquit,
754 2951 859 3012 horum
880 2950 948 3010 linis
965 2952 1033 3010 esti
1055 2949 1166 3026 Nempe

74 3051 143 3128 ille,
162 3067 250 3132 quem
266 3053 405 3130 legimns:
422 3051 584 3111 ·Irridehit
609 3050 667 3110 illis
684 3050 846 3126 Dominus,
871 3055 900 3108 et
917 3054 1004 3108 erunt
1019 3054 1085 3124 post
1103 3049 1162 3107 hoe

74 3149 243 3215 decidentes
254 3151 317 3212 sine
327 3140 437 3209 honore
449 3151 481 3208 in
497 3149 684 3225 eontumelin,
694 3150 768 3208 inter
782 3152 912 3206 mortuos
925 3147 957 3206 ln
967 3152 1156 3206 ueternum.»

77 3247 114 3308 ln
131 3246 231 3308 libello
244 3245 437 3308 mulessinnis
450 3246 582 3309 liuliehis
593 3245 633 3323 (7)
648 3245 754 3324 legitur
769 3259 940 3320 responsum
955 3242 1086 3302 Diosoori
1104 3243 1162 3319 epi·

76 3347 161 3422 seopl
169 3343 364 3422 alexandrini,
374 3344 453 3423 quod
465 3343 612 3404 stehilltur
620 3347 652 3404 in
662 3343 760 3405 verbis
777 3342 983 3417 Ecclesiusiiei,
996 3355 1072 3416 quoe
1084 3356 1164 3416 pror·

74 3459 127 3503 sue
136 3442 313 3520 respondent
325 3443 418 3504 oudini
427 3459 531 3521 grueeo
543 3445 692 3504 vutieono:
708 3442 913 3503 «Eruhesoens
925 3439 1059 3498 homines
1072 3453 1156 3514 proe-

77 3541 227 3602 vurieutns
246 3557 295 3618 es,
313 3543 392 3618 quod
415 3541 526 3602 honum
542 3549 586 3602 est
608 3547 638 3602 et
665 3541 754 3602 fldem
773 3541 929 3617 sprevisti,
943 3537 1010 3593 ”Ovs
1025 3535 1165 3600 invoces·

74 3639 121 3694 rai
136 3640 175 3712 pei
197 3639 325 3712 ἐντραπῇ(
344 3639 575 3704 cicendelum,
594 3643 615 3700 i.
628 3657 655 3699 e.
672 3640 776 3700 Nonne
796 3638 954 3712 audivisti,
973 3641 1004 3695 et
1018 3649 1078 3694 lion
1094 3649 1160 3692 erli-

75 3735 181 3798 besous
205 3739 238 3798 in
259 3741 375 3798 ruinam
394 3740 524 3798 tinini»
549 3740 585 3798 ln
607 3741 720 3799 ustione
742 3745 848 3815 quarte
872 3732 1162 3810 eonsnntinopoiiu-

77 3849 136 3894 nee
147 3833 187 3912 (8)
200 3835 307 3914 synodi
320 3837 396 3896 leuto
409 3835 535 3914 Ephesi,
550 3843 579 3897 et
596 3823 756 3898 calcedone
778 3837 884 3900 relecto
903 3833 1068 3916 Sapientiae
1085 3830 1161 3890 Sori-

102 4081 139 4146 (i)
151 4081 284 4146 Lehstom.
296 4083 339 4133 lII.
359 4097 384 4148 p.
395 4090 449 4134 90³.
470 4109 501 4122 -
511 4083 554 4149 (t)'
564 4084 623 4134 Leh.
634 4085 696 4134 tom,
707 4085 750 4134 ill.
764 4097 818 4148 pag.
827 4089 885 4135 986.
902 4108 932 4120 -
951 4079 986 4146 (3)
997 4077 1083 4130 iudith
1105 4089 1159 4140 cai)-

76 4163 143 4212 xvr.
156 4169 179 4212 e.
193 4159 457 4226 -(4)thid.p.1uso.
471 4165 496 4214 et
505 4165 571 4214 Emi.
584 4177 605 4214 e.
619 4165 717 4214 xxxll.
731 4190 761 4203 -
773 4163 808 4230 (5)
818 4165 873 4214 Ber.
883 4175 905 4212 e.
914 4163 959 4212 111.
972 4167 995 4212 s.
1007 4185 1037 4198 -
1050 4155 1085 4222 (el
1096 4155 1158 4205 ibid.

76 4245 186 4305 pessi.
199 4243 225 4292 et
236 4243 291 4306 sep.
304 4255 327 4294 e.
340 4243 383 4296 iv.
397 4271 427 4285 -
439 4243 543 4310 (utun.
555 4247 617 4299 nm.
628 4247 670 4297 rv.
682 4257 707 4310 p.
719 4251 774 4298 so.
787 4243 885 4298 estet.
898 4245 941 4295 iv.
954 4247 993 4294 27.
1009 4235 1158 4302 ...(s)1mt.

78 4323 341 4390 testudinum·
535 4337 538 4344 ’
613 4363 616 4370 .
929 4365 933 4374 .
1065 4363 1073 4372 .
1166 4355 1170 4362 .
