3070 5180
852 373 894 384 ...
916 351 952 401 μ
971 373 1013 384 ..

391 462 506 538 seriptis
528 462 697 534 inseruere,
716 455 955 517 nihilominusab
974 457 1046 532 ipsis
1060 453 1226 532 canonem
1241 458 1449 524 seullumerum

390 563 498 620 uaeris
512 559 636 620 ioetleris
644 558 785 618 librorum
797 555 931 616 diuinum
947 571 1009 614 non
1023 553 1197 631 conigium.
1212 555 1257 614 Ex
1267 573 1317 616 ore
1326 560 1450 638 ipsorum,

392 657 674 734 nisiScripturarum
692 655 828 729 illorum
852 670 928 730 quse
950 658 1018 712 ante
1037 668 1088 710 eos
1106 652 1261 730 extabant,
1288 654 1453 716 huminum

390 771 452 814 non
464 755 640 814 audivimus:
656 777 670 803 ι
683 750 787 812 Omnis
797 751 957 827 Scriptura,
970 751 1012 809 eit
1026 749 1130 810 Petrus
1142 751 1409 829 eemndaEpistola‚
1417 755 1453 813 ii·

389 849 810 928 vinitusinspiratautilisest
829 847 1058 924 mdoomuum,
1076 848 1116 906 ad
1135 849 1449 925 arguendumiuiideo

392 975 406 1001 ι
421 951 489 1008 Non
498 953 577 1009 mim
591 948 742 1010 voluntate
755 947 886 1006 huiusne
898 947 988 1006 allata
1002 954 1048 1007 est
1060 947 1217 1024 alipuando
1230 947 1394 1024 prophetin,
1410 949 1452 1008 setl

389 1046 498 1124 Spiritu
510 1048 617 1108 Sancto
630 1048 765 1123 inspirati
777 1047 867 1106 locuti
882 1051 952 1106 sunt
965 1048 1060 1104 saneti
1071 1046 1126 1104 Dei
1137 1045 1280 1104 homiues.
1298 1069 1312 1096 a·
1327 1043 1370 1104 Ac
1381 1045 1452 1106 dbol-
1507 1109 1508 1112 ,

389 1147 466 1222 pulis
483 1149 545 1206 suis
559 1146 615 1205 hus
632 1144 878 1206 commendando:
904 1169 919 1196 ι
933 1145 1046 1218 Quibus
1065 1144 1225 1204 bmefatite
1248 1142 1449 1204 attendentes·
1506 1171 1508 1184 ·

387 1243 468 1302 Idem
476 1243 594 1303 divinus
602 1242 781 1303 Paulussuis
792 1243 940 1319 Ephmlh.
956 1242 1075 1301 Praeter
1088 1242 1145 1302 hoe
1159 1241 1234 1302 nihil
1244 1240 1324 1300 aliud
1334 1241 1450 1317 legimus.
1504 1271 1508 1308 ς

387 1340 418 1400 Sl
431 1344 481 1400 isti
493 1343 635 1404 librorum
643 1342 818 1402 Divinarum
825 1358 981 1401 numerum
989 1358 1051 1400 non
1066 1346 1248 1415 statuerunt,
1259 1341 1313 1416 qul
1327 1338 1451 1416 ujudaels
1506 1351 1508 1360 ’

386 1445 417 1498 et
435 1455 454 1498 o
473 1440 623 1500 salvatore
650 1447 751 1500 nostro
768 1441 843 1501 tales
862 1439 1065 1515 habebantur,
1093 1437 1218 1498 lorbasse
1243 1438 1310 1498 aliis
1332 1436 1386 1496 hoo
1404 1439 1450 1496 erit

388 1538 551 1615 agendum?
567 1539 654 1598 absit.
671 1539 728 1600 Ast
742 1539 800 1598 hoc
815 1541 911 1616 posito
925 1542 1026 1615 etiam
1042 1540 1253 1613 unotemporls
1268 1542 1390 1613 puncto,
1407 1551 1452 1594 nos

387 1654 490 1711 nempe
514 1644 681 1696 sanctorum
701 1637 862 1696 Bibliorum
878 1653 916 1696 ex
932 1635 1080 1713 Apostolis
1100 1639 1276 1696 constituere
1294 1634 1394 1696 debere
1406 1632 1451 1692 lh·
1503 1663 1508 1702 ι

387 1749 505 1810 mnem,
515 1733 809 1812 illasquescriptures
822 1735 974 1810 complecti
983 1740 1110 1810 mutum,
1124 1749 1198 1810 quas
1211 1735 1268 1810 ipsi
1281 1735 1384 1808 scripto
1400 1747 1451 1790 uer·

386 1829 458 1890 bum
472 1831 525 1890 Dei
537 1832 770 1909 evangelizantes
782 1834 814 1890 in
826 1831 956 1891 modium
969 1831 1127 1908 pmtulera3
1143 1836 1312 1906 sequaetur
1323 1845 1359 1888 ne
1375 1827 1449 1888 libros
1503 1859 1507 1896 ς

386 1929 505 2004 quidem
518 1945 620 1989 omnus
632 1928 893 1989 Protollanonieos
913 1927 1030 1989 divinos
1045 1945 1124 2005 mse,
1138 1934 1168 1988 et
1179 1929 1244 2006 puri
1259 1942 1390 2004 suprem
1407 1941 1449 1984 au·

385 2028 519 2084 ctoritate
532 2025 609 2103 frui,
625 2043 694 2086 eum
710 2029 786 2086 inter
801 2026 918 2086 eosdem
938 2026 1113 2104 mlbusdam
1127 2041 1281 2102 nunquam
1296 2040 1365 2084 usus
1375 2023 1449 2082 fuerit

384 2121 520 2184 Salvator
533 2130 643 2201 noster,
656 2141 751 2206 neque
762 2124 895 2202 Apostoli
906 2127 939 2183 in
951 2127 1013 2184 suis
1024 2127 1140 2201 scriptis
1152 2140 1246 2200 usque
1260 2122 1319 2184 huo
1330 2123 1446 2196 seruis,
1502 2162 1505 2173 ι

384 2220 464 2295 quod
475 2223 564 2280 etium
577 2221 737 2280 adversarii
749 2221 893 2281 latentur?
905 2222 1020 2281 Revera
1031 2222 1064 2280 iu
1075 2223 1146 2280 novi
1160 2219 1285 2282 foederis
1294 2218 1446 2294 scripturis,
1502 2252 1508 2292 ἰ

383 2317 504 2392 quidam
520 2319 587 2377 libri
602 2320 743 2396 historici,
758 2319 808 2378 uel
824 2319 944 2379 alterius
960 2321 1092 2396 moeris,
1110 2320 1161 2395 qui
1174 2318 1214 2376 ad
1225 2317 1357 2378 Prioran
1369 2315 1446 2374 Gano-

381 2429 450 2473 nem
462 2422 606 2492 spectent,
614 2417 717 2476 nullibi
728 2420 761 2476 in
772 2419 971 2476 testimonium
983 2415 1118 2477 advomti
1129 2415 1226 2491 inere,
1240 2429 1336 2491 neque
1348 2417 1445 2487 auctor,
1503 2449 1508 2488 ,

382 2527 476 2588 neque
488 2514 566 2573 illius
587 2515 689 2574 divine
705 2518 862 2576 auctoritas
878 2531 1010 2592 uuquam
1032 2516 1176 2590 occurrit,
1191 2513 1345 2574 Canticum
1362 2511 1445 2572 Gaul·
1503 2545 1508 2584 ς

380 2624 482 2669 eorum
496 2611 616 2687 scilicet,
629 2612 801 2672 Ecclesiaste
818 2613 902 2690 liber,
918 2612 1041 2672 hietorio
1051 2611 1171 2688 Esther,
1183 2610 1297 2688 Μαι,
1311 2609 1445 2682 Nebunia,
1503 2654 1507 2682 ,

380 2705 527 2784 Propheta
538 2708 674 2786 Nahum,
690 2709 1040 2788 Sophonia,quidurnque
1054 2709 1242 2770 historiarum
1252 2709 1336 2784 libri,
1348 2707 1383 2767 de
1393 2705 1446 2781 qul

380 2802 436 2862 bus
451 2807 484 2862 in
502 2821 580 2866 novo
599 2812 772 2867 testamento
791 2807 873 2868 nulls
894 2809 1003 2867 mentio
1019 2806 1153 2866 hebetum
1176 2806 1241 2866 lloo
1262 2805 1375 2866 silentio
1393 2817 1443 2862 nou

379 2901 612 2979 obstante,hssoe
622 2903 797 2980 Scripturas,
809 2905 951 2981 qulallber
959 2907 1099 2979 sentiunt,
1108 2909 1207 2980 utpote
1214 2902 1342 2978 divinas,
1358 2903 1446 2976 sponte

378 3007 566 3076 percurrunt,
583 3017 740 3079 earumque
762 3005 963 3062 auctoritatem
977 3003 1079 3062 ceteris
1096 3001 1179 3062 libris
1201 3000 1375 3076 &affluant
1504 3037 1507 3076 2

417 3097 471 3156 ΠΙ.
493 3097 644 3158 Praeterea
660 3099 815 3159 haberehrr
830 3117 902 3160 veru
913 3100 1038 3160 oliorum
1051 3100 1205 3172 smtentia,
1214 3097 1366 3172 Apostolos
1378 3091 1445 3152 vile

377 3191 489 3252 licetne
506 3194 614 3254 Christi
628 3195 785 3272 discipulos
804 3195 967 3272 Scripturas
983 3195 1124 3256 Deuterus
1145 3209 1296 3270 nunquum
1313 3195 1344 3252 in
1360 3193 1444 3252 suctu
1504 3245 1506 3268 ,

378 3293 494 3350 ritatem
502 3295 669 3370 sumpsisse,
683 3301 826 3369 quatenus
839 3293 927 3354 iidem
939 3292 1242 3369 scriptotradltllssent
1254 3291 1362 3366 omnis,
1373 3301 1445 3365 quat·
1504 3327 1506 3364 2

376 3405 433 3464 que
450 3406 488 3448 ex
504 3407 555 3450 ore
571 3391 679 3450 Christi
695 3390 874 3467 didicerunt,
895 3369 1055 3468 deindeque
1077 3391 1202 3450 eliorum
1218 3391 1367 3466 regionum
1386 3399 1444 3463 geu·
1504 3423 1506 3462 ρ

375 3484 454 3543 tibus
470 3486 683 3560 praedicarunt.
711 3488 848 3564 Quisquis
865 3487 920 3548 sibi
941 3487 1044 3548 suadet
1064 3486 1270 3546 Chrishiideles
1294 3503 1313 3544 a
1333 3483 1444 3562 judaicis
1505 3519 1506 3558 3

375 3587 405 3639 ot
417 3580 455 3639 ub
471 3583 593 3642 ethnicis
614 3585 843 3645 institutionibus
860 3584 1032 3662 descivisse,
1055 3591 1142 3661 atque
1163 3586 1195 3644 iu
1211 3583 1326 3644 Christo
1342 3593 1444 3658 gregem
1505 3619 1506 3656 1

376 3685 565 3756 congregatos
579 3680 676 3740 verbis
689 3685 799 3759 magis,
820 3699 910 3760 quum
926 3685 1056 3759 scriptis3
1072 3683 1216 3758 Epistulas
1229 3686 1327 3742 summ
1333 3679 1443 3754 Apustu
1505 3715 1506 3746 l

374 3775 471 3834 lorum
486 3780 666 3837 noveritnon
681 3781 740 3838 nisi
753 3784 865 3840 monita
877 3797 1005 3857 servare,
1014 3797 1089 3858 quae
1103 3779 1141 3840 ub
1148 3781 1190 3840 eis
1199 3795 1318 3854 oorpore
1330 3773 1442 3838 obseufl·
1505 3813 1506 3848 l

374 3873 442 3948 bus,
460 3889 495 3932 ao
513 3875 594 3935 nullo
611 3877 698 3936 modo
713 3894 787 3938 voce
803 3879 969 3938 christianis
986 3877 1159 3938 continuere
1175 3876 1354 3950 veientibus,
1374 3885 1442 3930 oom-

373 3971 573 4048 mittebuntur,
583 3990 714 4051 quaeque
728 3979 880 4052 praecipue
896 3964 1089 4058 versabantur
1100 3979 1178 4036 circo
1194 3991 1241 4036 res
1257 3979 1342 4034 autes
1357 3970 1392 4030 ab
1406 3968 1441 4026 eis

372 4069 469 4128 verbis
481 4071 618 4147 traditas,
638 4074 685 4132 vel
702 4091 763 4132 non
779 4075 956 4151 intellectas,
978 4089 1030 4134 seu
1046 4075 1238 4150 explicatione
1252 4076 1393 4142 ostentet,
1410 4078 1439 4122 δῦ

373 4169 470 4242 potius
486 4169 790 4252 spendo-prophetis
807 4173 993 4249 immutatas,
1012 4172 1181 4249 quiGbristi
1199 4187 1269 4230 oves
1281 4171 1313 4228 in
1326 4177 1439 4228 ormnem

373 4265 544 4343 nabebunt,
562 4275 592 4328 et
608 4268 757 4330 doctrinae
772 4270 946 4345 spostolicae
959 4272 1114 4348 puritatem
1130 4268 1333 4346 deturpabant.
1351 4260 1438 4325 Cuivis
