3094 5176
808 346 988 398 —ita-

355 455 563 533 breues-plata
584 454 765 516 lustrationis
786 469 916 530 genera,
937 460 967 514 et
985 453 1123 532 lotionis,
1145 455 1280 534 aMoyse
1302 458 1438 518 instituta

355 553 466 633 Colligit
477 554 531 614 sub
541 554 587 612 hls
599 551 697 612 vmbis
708 552 753 606 καί
771 556 902 625 διαφόροις
917 551 1091 628 βαπτισμοῖς,
1107 555 1158 613 Le,
1173 556 1261 613 variis
1272 555 1439 631 baptismis,

359 656 465 734 qulbus
486 671 518 714 se
533 671 566 714 se
584 653 707 715 maculis
728 651 887 712 abluebant
906 637 1034 712 hebraei.
1051 653 1127 711 item
1143 653 1267 712 alterum
1282 669 1381 730 aquae
1394 653 1440 712 ba

359 755 467 830 ptisma
487 752 622 828 objicitur
644 767 662 810 a
682 751 795 810 Joaane
817 750 967 826 baptista,
989 752 1040 825 qai
1057 753 1089 808 in
1106 749 1220 810 deserm
1231 751 1439 827 praedicabat,

358 859 392 912 ut
410 855 454 911 ait
475 851 562 910 dirus
582 851 700 910 Marcus
727 849 789 924 (ηε
816 848 909 908 «Fuit
929 849 1058 908 loannes
1077 851 1110 908 in
1129 849 1243 908 deserto
1263 849 1439 925 baptizans,

359 956 389 1010 et
407 950 579 1026 praedicans
605 948 783 1024 baptismam
809 949 1002 1022 poeniteutiae
1028 949 1280 1006 inremissionem
1307 953 1441 1023 paccata

360 1065 437 1109 rum.
452 1073 465 1100 ι
489 1048 546 1106 Sed
561 1047 628 1123 hoe,
650 1046 796 1122 baptisma
808 1045 1004 1120 menioentim
1024 1050 1139 1104 tautum
1158 1051 1234 1120 erat,
1255 1047 1442 1120 praeparatio

358 1161 463 1222 nempe
475 1145 582 1204 Christi
592 1143 792 1219 baptismatis,
812 1143 863 1218 qui
873 1142 1072 1216 baptizaturus
1083 1148 1145 1201 arat
1155 1145 1186 1201 in
1197 1142 1310 1218 Spiritu
1323 1141 1439 1202 Sancto.

401 1244 459 1304 Sed
478 1252 592 1321 praeter
609 1247 793 1302 enumeratos
810 1255 934 1316 sensim,
956 1241 1046 1300 aliam
1063 1257 1178 1318 qaoque
1195 1240 1251 1300 sub
1266 1257 1299 1300 se
1317 1256 1381 1300 uox
1397 1239 1443 1298 ba

357 1346 473 1422 pilam
492 1343 567 1403 oelat
586 1343 873 1417 interpretationem,
894 1355 970 1416 quae
987 1341 1106 1398 omnino
1126 1338 1226 1398 differt
1250 1338 1289 1397 ab
1313 1338 1376 1396 illis
1398 1355 1443 1396 sa·

362 1458 415 1517 pra
434 1441 560 1502 aeditis.
582 1439 620 1499 lit
639 1438 778 1514 probatur
803 1454 841 1496 ex
865 1435 961 1496 verbis
987 1436 1116 1513 ejusdem
1141 1436 1235 1494 Marri
1257 1438 1290 1493 in
1313 1435 1444 1511 Euange

362 1540 429 1615 lio,
460 1540 498 1617 (a)
520 1539 572 1598 ubi
593 1539 678 1598 Jesas
697 1535 766 1596 liliis
790 1534 930 1594 Zebedaei
950 1536 980 1594 in
1002 1551 1092 1611 regno
1111 1549 1165 1594 suo
1185 1533 1223 1592 ad
1243 1533 1400 1594 dexteram
1419 1540 1446 1590 et

361 1641 511 1698 sinistram
536 1638 614 1697 illias
636 1636 736 1698 sedere
756 1632 958 1710 cupientibus,
979 1631 1147 1708 respondit:
1173 1631 1330 1690 «Potestis
1348 1629 1446 1690 bibere

363 1739 497 1816 (salicem,
510 1753 596 1813 quem
610 1753 664 1814 ego
679 1735 764 1814 bib03
780 1733 821 1787 καί
839 1732 867 1785 τὸ
882 1729 1035 1804 βάπτισμα,
1056 1731 1070 1784 ὅ
1085 1730 1135 1801 ἐγῶ
1149 1728 1336 1802 βαπτίζομαι,
1351 1728 1443 1794 βαπτι-

365 1833 515 1894 rta'amtar
533 1835 554 1893 i.
571 1851 597 1893 a.
614 1835 651 1894 lit
663 1833 829 1912 baptismo,
849 1853 909 1913 quo
927 1851 981 1912 ego
995 1836 1145 1912 laptizor,
1166 1821 1336 1910 baptizarit
1349 1859 1362 1884 ι
1381 1833 1445 1892 Non

364 1939 412 1992 est
430 1931 650 2008 dubitandum,
676 1935 747 2009 quin
767 1936 799 1992 in
818 1933 875 1993 hoe
894 1933 1002 1994 Christi
1022 1949 1161 2010 responso
1181 1933 1358 1992 deoernatrrr
1379 1931 1446 1990 Pas·

366 2034 411 2092 sio
430 2030 549 2090 Damim
567 2033 671 2091 nostri.
694 2032 798 2108 Calix,
820 2049 906 2108 qaam
927 2033 1012 2093 iesus
1031 2032 1127 2108 bibit,
1146 2039 1176 2090 et
1194 2031 1371 2106 baptisma,
1390 2045 1446 2105 quo
1539 2043 1540 2056 ¹

367 2132 431 2206 ipse
441 2129 607 2206 baptizabis
627 2129 703 2206 mit,
725 2145 881 2207 eumuna,
902 2137 1067 2207 tormenta,
1088 2130 1212 2206 probra,
1236 2145 1315 2188 eras
1329 2128 1447 2187 tandem

365 2233 395 2286 et
414 2243 493 2286 mors
513 2236 618 2304 erant,
640 2228 745 2304 quibas
765 2231 827 2304 ipse
846 2229 1038 2305 baptizandus
1057 2227 1133 2288 ieret
1146 2245 1199 2304 pro
1213 2227 1347 2286 bonine.
1365 2225 1445 2284 Idem

345 2327 553 2424 ¹soor-balam,¹
566 2328 723 2404 memque
735 2328 946 2405 signifieationa
956 2328 1082 2388 ditatam
1094 2327 1207 2386 coniert
1218 2325 1359 2386 Christus
1371 2323 1445 2399 apud

364 2425 476 2485 Luoam
491 2425 528 2502 (a)
543 2444 550 2484 :
571 2427 744 2502 «baptismo
757 2433 855 2486 autern
871 2425 967 2486 babeo
979 2426 1138 2502 baptisari,
1153 2431 1183 2484 et
1195 2423 1349 2500 quomodo
1363 2439 1444 2482 eoar·
1539 2461 1540 2500 ι

364 2531 428 2584 ator
447 2539 538 2602 usque
559 2524 630 2584 dum
645 2525 811 2601 martur
827 2526 865 2584 t»
888 2524 956 2583 Pari
974 2530 1071 2583 mente
1087 2523 1216 2600 loquitur
1228 2521 1395 2596 Apostolus
1410 2520 1445 2578 erl
1539 2502 1540 2516 ¹

364 2623 513 2682 Romanos
536 2623 595 2699 (tir
623 2624 699 2682 «Aa
718 2625 882 2699 ignoratis,
904 2624 974 2700 qiua
991 2624 1167 2698 quieuruqae
1184 2619 1328 2695 baptizati
1346 2633 1446 2676 sumus

365 2723 398 2776 in
419 2719 534 2779 Christo
557 2721 653 2796 lesa,
680 2721 711 2778 ia
737 2726 830 2779 morte
849 2721 940 2796 ipsius
963 2719 1101 2794 baptizati
1120 2717 1247 2778 sumus?
1275 2714 1446 2789 Consepulti

367 2819 446 2875 enim
466 2833 568 2876 sumus
588 2834 655 2876 cam
673 2816 724 2876 illo
742 2834 793 2891 per
815 2817 992 2894 baptismam
1012 2819 1044 2876 in
1062 2821 1186 2874 mortem
1201 2820 1286 2874 eto.»
1314 2813 1398 2872 Alibi
1412 2811 1446 2869 arl

362 2914 552 2974 Colossersm
571 2915 674 2974 scribit
696 2915 759 2990 tsi:
786 2940 799 2966 ι
813 2914 981 2991 Consepulti
1000 2917 1027 2975 ei
1045 2916 1077 2974 in
1096 2913 1265 2990 baptismo,
1286 2913 1320 2970 in
1343 2928 1404 2986 qao
1420 2917 1445 2968 et
1538 2939 1539 2968 ι

365 3015 568 3072 resurrexistis
588 3029 639 3089 per
660 3013 749 3075 fidem
771 3017 947 3090 operationis
968 3014 1044 3088 Dei,
1072 3016 1124 3089 qui
1146 3013 1301 3072 suscitavit
1327 3010 1449 3070 illuma

369 3113 534 3170 mortuis.»
558 3111 593 3170 In
612 3111 749 3170 omnibus
768 3111 818 3170 his
835 3111 906 3171 loeis
925 3111 1014 3170 dictio
1040 3109 1188 3188 baptismo
1213 3124 1317 3168 seeum
1338 3107 1449 3166 aonia-t

362 3209 615 3286 «significationem
636 3226 696 3268 aon
719 3210 858 3287 lotionis,
880 3213 942 3270 sive
961 3226 1012 3285 per
1039 3225 1144 3286 aquam
1171 3207 1381 3281 lustrationis,
1403 3204 1451 3264 seri
1538 3189 1539 3216 ¹

363 3305 481 3366 ‘indicat
501 3323 617 3367 omnen
637 3307 746 3368 Christi
765 3309 966 3384 Redemptoris
987 3307 1175 3380 Passionem,
1195 3322 1212 3364 e
1229 3307 1317 3380 orpus
1339 3305 1451 3362 aseritis

370 3412 489 3480 peecata
508 3407 607 3464 omnia
627 3409 814 3466 remittuntur
834 3405 1013 3468 hominibus.

408 3504 462 3561 liis
481 3506 572 3562 variis
592 3503 775 3578 baptismatis
790 3506 1076 3580 interpretationibus
1089 3505 1228 3578 oensitis,
1250 3518 1402 3578 quaenam
1416 3517 1450 3557 er

370 3599 418 3657 his
439 3607 555 3675 aptatur
574 3601 638 3660 divi
654 3601 747 3662 ,Pauli
767 3602 864 3662 verbis
888 3602 1040 3664 sembeatis
1059 3601 1098 3660 ad
1122 3600 1315 3663 Comntlfios:
1345 3598 1452 3656 «Alio-
1537 3603 1538 3630 ³

362 3699 443 3772 -qain
466 3699 538 3772 quid
551 3698 679 3776 lanient,
701 3702 751 3776 qui
768 3700 952 3776 baptizamur
966 3717 1020 3776 pro
1035 3701 1175 3774 mortuis,
1196 3701 1224 3758 si
1237 3699 1362 3756 omnino
1376 3713 1453 3754 mor·

369 3797 414 3853 tui
430 3811 490 3852 noa
509 3799 690 3874 resurgunt?
711 3805 744 3858 ut
761 3797 832 3874 quid
850 3805 879 3858 et
894 3799 1077 3874 baptizantur
1094 3815 1146 3874 pro
1159 3797 1269 3856 illisi»
1295 3796 1403 3872 Neque
1418 3794 1453 3852 de

369 3893 698 3972 loannisbaptismate,
712 3897 793 3972 quod
804 3896 896 3958 veluti
909 3899 1090 3972 praeparatio
1105 3901 1167 3954 erat
1178 3895 1288 3956 Christi
1298 3894 1453 3970 baptismi,

276 3997 281 4010 ·
363 4005 462 4068 aeque
481 3992 518 4051 de
536 3992 712 4068 judaeomm·
728 3995 971 4071 baptismatibus,
997 3998 1060 4054 sive
1080 3992 1237 4055 lotionibus
1259 4007 1349 4068 super
1375 4007 1451 4048 moa

396 4205 586 4269 (1)ltlarc.e.l.
600 4210 623 4258 i.
636 4233 666 4244 -
678 4206 712 4270 (2)
728 4208 805 4259 idem.
823 4209 921 4272 capii.
935 4215 973 4258 st.
983 4233 1014 4246 -
1026 4205 1059 4272 (s)
1070 4209 1128 4257 Luc.
1139 4219 1193 4268 cap.
1203 4207 1259 4256 llll.
1274 4211 1314 4254 aa.
1325 4229 1357 4241 -
1370 4203 1404 4265 (t)
1417 4199 1451 4250 ,tri

369 4287 438 4336 Rom.
451 4300 473 4336 c.
484 4289 527 4337 Vi.
542 4293 564 4338 t.
577 4313 607 4326 -
620 4288 656 4350 (5)
674 4287 709 4337 Ad
720 4288 812 4338 coloss.
826 4301 848 4339 e.
862 4290 893 4338 ll.
908 4295 945 4338 ta.
1181 4301 1186 4310 ·
