3094 5176
559 423 739 474 -tat-

111 527 160 592 liu
179 527 366 606 pariebatur,
385 543 444 606 qua
462 527 548 592 ualde
571 530 628 592 fait
645 529 808 594 Antiochus
830 537 953 594 vexatus
972 531 1010 592 ab
1029 531 1184 596 adversum

111 643 229 703 casum3
251 630 295 688 uti
313 627 349 692 da
364 627 421 688 hoc
439 629 542 688 morbo
562 633 645 692 testis
665 638 709 692 est
733 630 847 692 Plinius
867 629 924 708 (ηε
959 630 1041 693 «Sed
1066 634 1098 692 in
1118 632 1185 694 iellc

111 729 192 802 nigro
212 727 343 786 insaniae
357 743 446 786 causa
463 727 596 804 homini,
620 741 775 805 morsque,
796 733 857 789 loto
878 729 999 790 reddito.
1023 731 1100 790 ilino
1113 737 1142 790 et
1154 733 1186 792 in

111 839 205 884 mores
225 825 337 883 crirucn
359 823 426 884 bilis
448 827 576 884 nomine.
591 849 603 874 »ι

148 921 175 996 s.
200 921 254 980 111.
279 921 469 983 Narrationes
487 926 531 984 uti
555 923 639 984 fictas
660 932 790 1001 arguunt
811 925 973 986 adversarii
992 926 1084 988 uerba
1096 926 1186 1002 hujus

112 1017 175 1078 libri
193 1020 272 1078 circa
294 1017 449 1080 historiam
476 1037 569 1098 aquae
593 1023 625 1080 in
646 1024 744 1098 ignem
764 1038 883 1098 versae,
911 1029 940 1081 et
967 1029 1106 1084 econtra
1132 1023 1184 1100 (a).

112 1115 262 1178 Praeterea
286 1117 393 1179 delatio
415 1118 597 1180 tabernaculi
615 1127 645 1180 at
663 1135 748 1181 ureae
768 1123 800 1180 ln
821 1126 967 1198 montem,
990 1121 1042 1182 ubi
1063 1121 1185 1184 abscou-

112 1215 170 1274 dita
188 1221 275 1291 sunt,
298 1216 390 1276 veluti
411 1219 610 1278 commentitia
629 1217 706 1278 liunt
722 1218 760 1278 ab
779 1218 838 1278 illis
861 1219 912 1294 (sl.

148 1311 232 1384 Quod
246 1311 283 1372 dc
302 1315 369 1390 lgna
388 1321 524 1376 narratur
541 1318 571 1374 in
591 1315 668 1375 vaila
681 1316 814 1392 condito,
830 1316 880 1376 ubi
894 1323 998 1392 puteus
1013 1316 1185 1394 alluserat,

5 1401 7 1412 '
112 1426 196 1486 quem
220 1417 321 1486 postea
335 1419 453 1488 nepotes
468 1413 651 1472 sacerdotum
670 1429 789 1489 eorum,
805 1415 855 1490 qui
869 1429 937 1474 aum
955 1413 1185 1490 absconderant,

5 1539 6 1550 2
111 1509 311 1584 acaptivitale
334 1511 470 1585 reduccs3
495 1513 527 1570 iu
545 1525 653 1586 aquam
667 1527 796 1570 crassam
817 1528 935 1573 versum
956 1511 1132 1588 hauserunt,
1152 1528 1188 1572 ac

12 1636 15 1654 ι
111 1621 208 1668 rursus
223 1609 254 1664 ln
274 1610 371 1683 ignem
396 1613 509 1668 mutate
532 1611 624 1684 arsit,
649 1610 724 1669 nulli
748 1615 823 1668 esset
853 1609 1039 1668 admirationi
1063 1625 1186 1686 maurit,

108 1707 158 1782 qui
176 1708 208 1766 in
229 1706 384 1782 Scripturis
404 1708 661 1770 Proto-Canonicis
681 1710 787 1768 ueteris
804 1709 939 1768 Focdaris
957 1716 1019 1768 tam
1044 1709 1188 1786 stupenda

110 1805 187 1864 facte
205 1805 304 1866 ndrati
326 1813 415 1882 sunt,
435 1813 465 1865 et
478 1807 615 1866 historias
629 1810 761 1866 venerati
776 1813 809 1867 ut
821 1808 958 1883 divinas,
982 1807 1033 1866 ubi
1046 1807 1118 1868 haec
1131 1813 1190 1866 tra·

110 1901 229 1962 drmtur.
253 1903 284 1964 Si
304 1905 376 1964 haec
403 1905 546 1981 historia,
573 1911 608 1964 ut
635 1905 835 1968 conrmcntitia
866 1912 1049 1982 sperneretur
1072 1903 1188 1964 abillis

5 2015 17 2056 r
109 2003 207 2060 omnia
226 2001 423 2078 negantibus,
446 2019 521 2079 quae
538 2010 662 2066 naturae
685 2003 763 2080 leges
786 2010 945 2079 superant,
973 2001 1189 2079 qrrodammodo

109 2097 303 2163 tollerandum
323 2106 409 2160 esset.
434 2100 472 2160 Et
488 2107 560 2160 ttruc
584 2100 642 2160 alia
665 2107 839 2178 argumenta
857 2100 953 2160 forant
965 2099 1188 2176 investiganda,

108 2203 208 2258 eutars
226 2213 331 2273 nempe
344 2198 438 2258 Deum
455 2198 722 2274 ejusdemnaturae
736 2205 906 2274 auctorem,
924 2203 953 2260 et
970 2198 1047 2258 huno
1069 2197 1189 2261 nutibus

17 2342 20 2356 .
108 2297 248 2354 subesse
270 2295 449 2371 obnouimu,
469 2302 501 2356 ct
517 2297 555 2356 ad
575 2295 701 2356 lubitum
719 2298 895 2372 temperari,
919 2295 1132 2373 quodquidam
1149 2293 1188 2354 ad

111 2409 246 2468 praesens
256 2393 336 2470 Opus
345 2411 403 2454 nou
414 2397 548 2470 pertinet.
567 2393 623 2454 Sed
636 2411 703 2454 aum
717 2394 808 2470 haec,
823 2397 961 2477 inquam,
975 2399 1189 2469 pertractentur

111 2490 276 2552 coramillis
286 2533 294 2567 ,
304 2495 362 2568 ·qui
373 2492 526 2552 historiam
534 2494 605 2554 novt
617 2498 645 2554 at
652 2494 760 2554 veteris
769 2492 950 2554 Testamenti
958 2492 1092 2568 plurimis
1101 2491 1190 2569 hujus

110 2593 221 2666 generis
234 2591 386 2658 miraculis
408 2591 588 2667 confertam,
610 2593 754 2654 ducerem
774 2595 907 2666 norunt,
929 2595 958 2650 et
975 2589 1127 2667 latentur,
1155 2606 1191 2650 aa

17 2715 20 2756 ε
108 2690 226 2764 iusuper
245 2689 369 2752 crodunt
386 2689 517 2750 divinam
537 2707 601 2751 esse
619 2692 797 2766 potentiam,
821 2691 868 2750 eui
889 2694 1012 2760 naturae
1029 2689 1108 2764 legas
1122 2687 1190 2748 sub·

108 2785 238 2864 duntur,
259 2805 445 2865 nequaquam
459 2789 533 2850 haec
551 2795 671 2865 stupore
689 2805 738 2848 eos
752 2788 937 2864 aiiealsseut3
958 2790 1121 2864 quinimmo
1134 2803 1191 2846 nos

107 2899 208 2944 eorum
233 2886 366 2960 pertidia.
392 2887 440 2947 Illi
453 2889 533 2947 enlm
555 2887 764 2964 crediderunt,
790 2887 871 2948 Elias
884 2885 1048 2962 Prophetae
1061 2901 1160 2961 preces
1174 2901 1191 2944 e

6 3017 7 3020 =
108 2983 190 3042 cocio
210 2983 309 3057 ignem
330 2987 520 3061 excussisse,
544 2992 574 3046 et
596 2987 811 3060 consumpsisse
830 2984 1054 3059 holocaustum,
1076 2985 1192 3042 etiamsi

108 3077 256 3153 lapidibus
281 3086 311 3141 ot
332 3095 409 3155 aqua
428 3097 599 3156 aspersum:
627 3081 765 3140 «Cecidit
784 3087 882 3140 autem
895 3083 973 3157 ignis
992 3079 1129 3155 Domini,
1150 3083 1192 3140 alt

5 3210 8 3218 ·
105 3175 263 3253 Scriptura
283 3177 398 3253 Regum
424 3178 483 3254 ir),
509 3185 539 3238 at
557 3180 675 3238 voravit
694 3177 919 3253 holocaustum,
941 3183 970 3236 et
983 3177 1084 3252 ligna,
1108 3183 1138 3236 et
1151 3175 1192 3235 la·

5 3259 20 3368 :³
107 3275 213 3352 pldes,
231 3275 383 3352 pulverem
403 3291 539 3352 imoque,
561 3282 590 3336 et
613 3291 746 3350 aquam,
770 3289 845 3350 quae
865 3280 929 3334 erat
954 3277 985 3332 in
1005 3273 1190 3352 aquaeductu

107 3373 251 3435 lambens.
267 3399 280 3426 ν
301 3374 375 3437 Item
388 3374 446 3434 sub
460 3373 602 3436 Nehemia
614 3375 692 3451 ignis
707 3389 866 3449 accensus,
888 3379 953 3448 ast,
968 3377 998 3432 et
1011 3373 1193 3448 consumpsit

105 3473 312 3536 holocaustum
333 3489 371 3532 ex
399 3489 477 3550 aqua
503 3489 614 3534 crassa.
646 3471 901 3546 Quemadmodum
927 3469 1085 3530 Nehemiae
1110 3476 1193 3548 gesta

5 3583 18 3666 ὲ,
105 3573 139 3630 1η
161 3570 237 3633 libro
256 3571 503 3632 Macbnbueorum
526 3572 691 3648 descripta,
714 3570 819 3630 iletitia
840 3568 1075 3646 appellarentur,
1097 3570 1140 3628 ita
1160 3575 1191 3628 et

7 3712 9 3720 .
105 3672 174 3744 pari
196 3672 308 3742 ratione
331 3670 531 3746 nanmpanda
552 3677 628 3732 esset
652 3671 851 3729 commentitia
878 3667 1000 3728 historia
1019 3667 1134 3744 Regum
1156 3667 1192 3726 de

11 3801 18 3833 ·.
104 3767 192 3842 Elia,
212 3783 278 3828 aum
294 3768 369 3828 baca
386 3770 485 3828 omnia
505 3769 584 3830 iacta
603 3770 662 3828 sint
683 3769 715 3826 in
732 3783 793 3826 una
812 3773 841 3826 et
856 3766 959 3827 cadem
980 3771 1081 3842 gente,
1098 3763 1187 3826 simili

5 3846 17 3864 '¹
103 3867 216 3942 pietate
234 3867 339 3926 attide
357 3866 510 3944 praedita,
529 3867 691 3942 iisdemque
710 3865 824 3946 legibus
847 3866 1079 3939 circumscripta.

147 3965 176 4040 s.
199 3965 251 4026 IV.
277 3965 365 4038 Quod
385 3973 483 4026 autem
501 3967 626 4024 vertitur
648 3964 684 4024 de
708 3964 831 4025 historia
852 3979 958 4038 arcae,
984 3960 1190 4038 tabernaculi,

103 4061 227 4140 altoris,
248 4079 323 4138 quaa
341 4065 371 4122 in
389 4069 519 4126 montem
544 4060 688 4124 translata
708 4067 796 4138 suut,
816 4057 987 4122 abscondita
1007 4075 1025 4120 a
1044 4059 1192 4121 Hieremia

143 4292 185 4356 (1)
202 4293 296 4346 Plinius
317 4296 360 4346 lib.
376 4299 418 4346 xl.
430 4310 455 4345 a.
468 4299 506 4346 sl.
519 4321 550 4332 -
565 4293 601 4358 (2)
617 4301 639 4343 2.
653 4295 715 4342 liae.
728 4305 750 4342 a.
760 4295 780 4344 i.
791 4293 816 4344 et
827 4294 858 4342 li.
871 4315 902 4330 ·-·
913 4290 948 4354 (u)
958 4288 1079 4351 Vidpar.
1089 4289 1110 4336 l.
1121 4289 1187 4348 pit.

104 4373 130 4435 l·
148 4381 169 4422 ι.
187 4399 217 4412 ·-
231 4375 266 4436 (r)
278 4384 299 4424 a.
319 4377 376 4438 sep.
391 4390 412 4425 a.
426 4378 514 4428 rvur.
529 4383 566 4426 aa.
899 4403 902 4416 .
