3070 5180
518 415 558 428 ····
578 399 690 443 fflvll
711 415 751 428 ¹·-

104 493 397 602 cognitionem,
427 495 576 604 pluries
603 497 807 605 legantur,
836 515 874 578 et
892 475 1170 608 ponderentur

102 643 284 734 oportet,
314 645 401 707 tum
424 630 466 708 in
483 631 635 729 verbis,
659 632 810 741 phrasi,
840 636 1031 714 sermonis
1050 637 1162 734 serie,

100 787 141 838 ac
165 779 329 868 praeter
355 763 449 842 alias
475 765 749 871 proprietates,
780 767 823 843 in
846 767 1162 869 vocabulorum,

99 921 140 972 ac
167 896 457 975 sententiarum
479 896 766 1004 parallelismo,
802 927 894 977 oum
913 902 955 977 in
983 903 1168 983 evitando

99 1045 330 1135 opportune
357 1028 452 1126 illo,
483 1048 529 1108 ut
554 1030 607 1108 ita
632 1027 781 1129 dicam,
808 1032 996 1111 materiali
1023 1061 1165 1131 sensu,

97 1161 167 1270 qui
190 1163 334 1270 primis
366 1163 409 1240 in
436 1162 595 1270 linguae
619 1163 821 1243 elementis
844 1166 1091 1272 requiritur,
1122 1184 1167 1246 ut

97 1296 296 1402 interpres
318 1294 615 1404 quodammodo
639 1297 840 1406 scriptoris
863 1297 992 1378 divini
1010 1327 1087 1379 usu
1106 1300 1165 1378 lo-

97 1428 252 1538 quendi
270 1429 470 1536 potiatur,
501 1428 690 1536 quemad
712 1428 1004 1511 enucleandum
1027 1459 1162 1540 aggre-

98 1561 230 1660 ditur,
251 1560 381 1640 donec
404 1561 447 1640 in
464 1563 589 1670 ipsius
602 1563 804 1670 scriptoris
822 1581 1007 1665 mentem,
1029 1565 1166 1672 quoad

99 1695 183 1775 fieri
208 1712 369 1804 potest,
399 1714 598 1804 permeet,
634 1714 673 1776 et
700 1698 879 1777 omnium
904 1698 1031 1778 oculis
1063 1699 1167 1807 obji-

100 1830 174 1910 ciat
195 1857 347 1937 purum
366 1845 404 1908 et
430 1830 628 1938 integrum
657 1828 833 1938 ejusdem
858 1857 1030 1911 sensum.

148 1963 352 2061 Ceterum,
373 1961 543 2042 arduum
562 1980 620 2043 est
632 1965 676 2042 in
694 1964 955 2072 scriptoribus
973 1993 1091 2044 usum
1108 1965 1167 2044 lo-

99 2095 256 2193 quendi
288 2096 496 2203 excipere,
532 2124 707 2204 quorum
732 2098 869 2205 lingua
894 2097 976 2179 fere
1009 2115 1165 2178 mortua

100 2245 183 2326 est,
215 2229 276 2306 uti
305 2229 384 2308 hoc
410 2229 648 2337 judaeorum
679 2230 838 2337 linguae
873 2228 1095 2330 addicitur,
1127 2246 1166 2311 et

100 2361 246 2468 partim
266 2389 497 2469 graecorum
514 2363 709 2460 sermoni,
730 2362 787 2441 illi
805 2363 974 2461 scilicet,
996 2391 1081 2471 quo
1102 2365 1167 2442 he

102 2494 212 2574 braei
234 2493 482 2575 alexandrini
507 2495 827 2603 eloquebantur,
854 2514 892 2576 et
919 2499 1064 2604 scripta
1095 2525 1169 2576 no·

102 2626 162 2708 bis
171 2628 318 2708 tradita
331 2645 389 2708 est
403 2628 661 2737 Septuaginta
669 2629 888 2708 Bibliorum
902 2631 1043 2709 versio.
1062 2628 1171 2710 Ideo

104 2791 183 2870 que
202 2763 310 2842 fideli
338 2765 570 2874 interpreti,
599 2766 743 2852 harum
769 2763 997 2872 linguarum
1028 2763 1169 2844 notitia

102 2913 351 3003 comparata,
372 2924 532 2976 necesse
551 2923 717 3004 quoque
737 2898 825 2995 erit,
846 2913 893 2976 ut
906 2898 949 2974 in
967 2923 1169 2976 sacrorum

102 3029 287 3108 codicum
309 3030 596 3128 hebraeorum,
623 3047 661 3108 et
685 3057 917 3138 graecorum
941 3031 1073 3109 verbis
1100 3057 1168 3109 ex-

101 3163 332 3271 planandis,
354 3181 393 3243 et
410 3165 545 3263 rebus,
567 3191 672 3272 quae
691 3165 734 3243 in
747 3165 841 3272 ipsis
859 3180 1040 3243 exaratae
1061 3179 1168 3258 sunt,

104 3297 180 3376 alia
213 3299 294 3376 sint
327 3314 482 3404 praesto
514 3296 768 3407 adjumenta,
802 3297 994 3377 sermonis
1026 3295 1173 3376 scilicet

102 3447 340 3530 contextus,
377 3431 554 3538 subjecta
585 3434 774 3530 materia,
796 3458 940 3538 scopus
967 3430 1140 3510 auctoris
1158 3492 1168 3528 ,

103 3563 330 3670 linguarum
348 3563 529 3643 affinium
556 3565 756 3672 analogia,
785 3562 990 3645 doctrinae
1009 3564 1168 3660 unitas,

103 3712 235 3802 patres
252 3698 421 3776 maxime
446 3699 600 3804 graeci,
625 3715 663 3776 et
684 3698 820 3795 latini,
838 3695 990 3804 judaici
1008 3699 1170 3806 scripto

103 3857 185 3928 res,
206 3831 417 3912 historicae
442 3832 771 3928 circunmtaritiae,
797 3831 946 3938 aliique
961 3857 1169 3910 commen·

104 3979 246 4042 tatores
273 3963 552 4061 ecclesiastici,
583 3965 656 4072 qui
673 3966 823 4072 pariter
850 3961 901 4043 ad
919 3962 1075 4041 illorum
1094 3960 1170 4038 lin-

105 4124 297 4204 guarum,
328 4114 366 4176 et
393 4097 651 4205 scriptorum,
680 4098 754 4205 qui
782 4098 825 4175 in
853 4096 930 4174 illis
949 4093 1174 4176 doctrinam

106 4227 280 4310 divinam
316 4230 534 4338 posteritati
566 4227 838 4330 mandarunt,
869 4230 1169 4310 illustrationem
