3070 5180
566 367 726 418 ...15-

103 474 175 532 novi
191 471 318 536 foederis
342 477 451 552 scripta
467 475 574 552 legenti
595 491 656 536 non
678 475 797 552 latebit,
818 475 891 538 haec
912 480 1011 539 omnia
1032 481 1192 544 achrom-

102 573 220 632 stantiis
246 575 352 650 petita,
373 572 494 634 collecta
515 571 624 650 brisse,
644 579 674 634 et
697 572 867 634 alrdclibus
892 581 1017 634 servata.
1041 575 1121 638 llaec
1144 593 1193 639 res

103 670 190 746 plane
205 687 246 730 ex
258 673 330 746 ipsis
345 671 444 732 verbis
459 674 606 748 exsurgit,
619 687 694 748 quae
711 674 743 732 in
757 671 867 732 eisdem
878 671 1024 748 Apostolis
1040 674 1188 752 leguntur.

100 767 147 826 Ad
156 766 348 829 Timotheum
365 767 466 830 scribit
474 768 603 830 Paulus:
621 769 797 830 «Tuautem
813 777 961 832 assecutm
979 787 1010 830 es
1024 787 1121 832 meam
1139 773 1192 834 do·

100 865 268 942 utrinam»
293 882 328 928 ac
344 867 432 943 paulo
448 873 532 943 post:
547 865 713 928 «Permane
729 869 762 928 in
778 868 831 946 lis,
851 883 926 945 quae
943 867 1080 930 didicisti.
1098 895 1110 922 r
1134 869 1192 932 Sed

99 963 135 1024 de
152 963 215 1023 hoc
231 966 377 1040 copiosius
394 964 475 1026 alibi.
604 969 607 974 '
1269 961 1271 966 ’

136 1063 196 1122 IV.
224 1061 298 1122 Post
320 1065 392 1124 istas
417 1063 634 1124 observationes
659 1069 820 1124 scmtatum
845 1065 1015 1142 pergimus,
1032 1071 1133 1126 unum
1159 1069 1191 1130 in

98 1159 287 1238 Evangelio,
307 1164 466 1238 muroque
492 1163 607 1239 scriptis
628 1161 792 1238 apostolicis
814 1165 973 1224 mnarum
993 1163 1136 1240 quaedam
1153 1181 1191 1226 ex

98 1253 261 1336 Scripturie
281 1257 584 1321 mucro-canonicis
604 1265 736 1336 sumptae
752 1259 896 1336 legantur.

135 1356 207 1416 Hae
223 1360 256 1416 ln
271 1374 321 1435 re,
342 1363 494 1418 utcontra
510 1356 608 1418 hostes
624 1373 676 1433 per
692 1359 773 1418 ulam
788 1364 958 1434 aggeratam
974 1361 1143 1435 ueniamus,
1162 1365 1193 1420 at

97 1469 178 1530 quae
201 1456 320 1516 veritati
343 1453 479 1532 debetur,
501 1457 655 1516 victoriam
675 1471 902 1532 consequamur,
925 1457 1057 1532 ipsorum
1082 1457 1190 1516 doctri·

97 1569 170 1614 amn
190 1552 398 1630 amplectamur
414 1553 452 1614 de
468 1553 572 1630 modo,
585 1569 643 1630 qno
660 1552 792 1630 Apostoli
808 1556 913 1614 vetaris
930 1556 1097 1614 testamenti
1114 1553 1190 1616 Scri·

98 1657 203 1726 pturas
223 1652 258 1710 in
273 1649 448 1728 Evangelia,
469 1657 499 1712 et
518 1653 550 1710 ln
567 1651 711 1728 Epistulas
726 1656 881 1726 uocantes,
894 1653 941 1710 usi
958 1659 1036 1712 sunt.
1059 1651 1123 1712 Hac
1142 1668 1189 1712 ra·

96 1750 179 1808 tione
197 1763 293 1824 nunc,
309 1749 472 1826 quodalias
483 1748 572 1810 tidem
589 1748 760 1825 firmarunt,
780 1763 888 1825 negare
897 1765 958 1808 non
967 1755 1114 1825 poterunt.
1130 1747 1190 1810 Do·

97 1850 164 1905 cent
185 1847 261 1922 ipsi,
281 1849 352 1906 novi
369 1845 493 1908 foederis
510 1848 680 1924 scriptores,
701 1861 770 1906 cum
792 1847 851 1906 sint
867 1844 1000 1923 hebraei,
1021 1853 1134 1908 veteres
1153 1848 1189 1908 li·

98 1942 167 2004 bros
186 1946 219 2002 in
236 1946 398 2004 testimonis
416 1945 589 2021 contulisse,
607 1943 765 2020 prophatae
787 1959 912 2020 nomen,
930 1944 978 2004 uel
995 1944 1079 2023 libri,
1097 1961 1114 2006 c
1131 1963 1191 2022 quo

97 2040 192 2101 umba
207 2040 310 2102 divina
325 2040 517 2119 descripsere,
544 2036 737 2118 explicantes,
755 2047 788 2102 ut
805 2041 929 2116 singulis
952 2047 1075 2101 constat.
1105 2042 1189 2103 Insu-

97 2155 148 2214 per
168 2137 300 2198 latcntur
317 2138 471 2215 Apostolos
489 2139 651 2200 bibliorum
667 2140 851 2198 auctoritates
867 2140 967 2197 varias
991 2139 1078 2198 simul
1103 2140 1190 2200 colle·

98 2239 201 2314 glsse,
227 2253 303 2314 quae
328 2241 422 2298 vitam
437 2238 546 2299 Christi
565 2236 784 2315 inspiciebant,
813 2238 862 2296 uel
878 2238 957 2297 illius
982 2229 1062 2314 gesta
1091 2241 1188 2316 expri-

97 2334 234 2411 mebant,
255 2335 441 2413 ejusdcmquc
465 2336 638 2396 doctrinam.
660 2333 778 2394 Praeter
803 2334 860 2394 hoa
884 2334 1013 2396 fatentur
1034 2337 1066 2394 in
1086 2335 1187 2398 Biblils

98 2434 169 2492 novi
185 2431 311 2492 foederis
332 2436 457 2493 inueniri
476 2449 615 2512 magnam
628 2434 837 2494 sententiarum
859 2434 973 2508 copiam
991 2431 1029 2491 ad
1053 2435 1192 2510 antiquas

99 2527 264 2606 Scripturas
281 2534 489 2608 spectantium,
504 2533 576 2609 quin
591 2547 685 2608 neque
695 2531 795 2607 locus,
815 2545 910 2606 neque
926 2533 1049 2607 scriptor
1064 2533 1189 2608 inspira·

99 2632 163 2704 tus,
182 2641 239 2688 nec
263 2627 355 2688 verbu
371 2629 472 2690 eadem
496 2629 669 2705 aliquando,
689 2628 825 2689 dbtlncte
846 2629 1020 2704 legerentur.
1049 2628 1189 2690 Similiter

101 2725 172 2786 allas
193 2727 271 2806 sacri
288 2729 460 2804 scriptores,
480 2728 616 2804 inquiunt
632 2729 687 2804 ipsi
710 2725 766 2803 (i),
785 2728 891 2786 ueteris
908 2729 1074 2788 testamenti
1092 2733 1190 2788 aucto-

99 2823 216 2884 auten
241 2824 453 2902 camdabant,
474 2825 569 2885 solum
587 2839 706 2886 sensum
722 2829 854 2884 veterum
871 2823 1086 2901 scripturarum
1108 2841 1189 2901 repc-

100 2925 202 2980 tantcs.
226 2921 380 2982 Hornaeus
396 2924 481 2999 quael
497 2924 650 3000 sexaginta
660 2927 796 2982 texturam
809 2924 996 2998 antiquorum
1013 2924 1190 3000 scriptorum

101 3033 256 3078 numeram
272 3022 432 3096 recensuit,
456 3037 530 3096 quos
547 3020 707 3096 evangelici
735 3025 867 3080 aucmres
883 3022 916 3078 in
933 3022 993 3080 suis
1012 3021 1126 3096 scriptis
1143 3023 1188 3080 in·

101 3115 268 3176 tendebant.
283 3116 326 3176 De
342 3117 449 3193 modo,
463 3134 522 3193 quo
534 3119 608 3178 istae
626 3119 777 3178 citationes
793 3116 918 3193 debant,
931 3115 1074 3194 quaedam
1085 3133 1184 3177 exem·

101 3211 146 3287 pla
161 3213 301 3272 referam.
324 3213 416 3274 Divus
431 3213 540 3274 Paulus
558 3213 596 3274 ad
612 3214 751 3274 hebraeos
765 3213 802 3290 (a)
818 3214 965 3289 scribens,
987 3229 1022 3273 aa
1039 3230 1057 3272 a
1074 3213 1188 3290 legibus

102 3309 267 3370 ommibus
285 3327 333 3370 cos
351 3317 521 3372 convertens
538 3311 577 3372 ad
594 3311 774 3388 spirituales,
789 3314 848 3371 ait:
862 3336 874 3362 a
886 3311 943 3370 Per
956 3312 1052 3387 ipsum
1062 3325 1131 3388 ergo
1144 3311 1190 3370 oi·

103 3404 230 3466 luamus
243 3406 370 3467 hostimn
387 3409 483 3469 laudis
500 3425 613 3485 semper
629 3409 706 3485 Deo,
724 3409 800 3469 idest
816 3408 944 3469 fructum
961 3407 1105 3467 labiorum
1119 3424 1190 3468 con-

102 3502 246 3564 sstentium
256 3507 469 3582 nominiejus.»
481 3505 919 3583 lllsccvcrbishpostolusillud
929 3505 1039 3565 dictum
1049 3504 1140 3564 Oseae
1150 3504 1189 3580 (a)

102 3602 238 3678 inspexit:
254 3602 401 3662 «Omnem
414 3603 497 3664 aufer
518 3606 717 3680 iniquitatem,
740 3605 838 3679 accipe
854 3603 980 3679 bonum,
994 3609 1023 3662 et
1037 3601 1191 3662 reddemus

103 3699 209 3760 mulos
227 3700 373 3761 labiorum
390 3707 566 3761 nostrorum.
581 3725 594 3752 a
610 3701 732 3760 Sanctm
746 3699 912 3760 Matthaeus
924 3700 962 3776 (4)
974 3700 1063 3760 simili
1079 3701 1191 3758 rationo

104 3795 148 3856 hls
163 3797 263 3858 verbis
279 3801 391 3858 utitur:
407 3799 465 3858 «Et
475 3800 628 3858 inuenietis
642 3799 771 3875 requiam
788 3796 942 3856 animabus
957 3797 1073 3872 vmhb,
1091 3809 1191 3871 »quae

105 3893 159 3952 illis
169 3896 335 3955 Illeremlae
347 3895 385 3972 (5)
397 3901 476 3956 recta
491 3895 684 3972 respondent,
699 3919 711 3946 ιι
723 3895 761 3954 Et
770 3895 923 3954 invenictis
938 3893 1120 3970 refrigerium
1131 3895 1192 3951 ani·

104 3991 205 4052 mabns
224 3995 366 4052 vestris.»
388 3993 502 4053 Pariter
519 3993 596 4069 apud
621 3997 755 4052 sanctum
771 3991 913 4052 iambum
934 3989 971 4067 (6)
989 3990 1095 4066 legitur
1118 3989 1191 4049 hacc

130 4209 162 4272 (ι)
179 4213 257 4266 nora.
274 4211 309 4262 co.
320 4213 353 4263 11.
375 4225 400 4274 p.
420 4219 474 4262 reo.
486 4237 517 4250 -
532 4210 567 4274 (ι)
583 4210 620 4260 m
637 4209 698 4262 nes.
711 4223 733 4260 ο.
745 4212 811 4260 xnn
834 4179 1188 4271 re.-(s)oseac.x1v.e.

130 4291 164 4354 (i)
179 4293 239 4342 liat.
261 4294 304 4342 xl.
332 4293 452 4358 ita-(t)
468 4292 535 4344 llier.
547 4294 589 4342 vl.
605 4299 641 4343 ra.
654 4317 685 4332 κ
696 4291 731 4356 (a)
747 4293 798 4342 lac.
811 4303 833 4342 c.
854 4291 895 4342 lv.
912 4292 949 4340 ri.
