2964 5174
816 401 855 410 ....
876 377 913 428 60
934 398 975 412 ...-

393 487 421 560 s.
437 484 574 546 XXVIII.
588 483 847 544 Animadversione
860 488 990 545 maxima
1003 485 1092 562 digua
1104 491 1184 562 sunt,
1193 487 1308 562 quaein
1319 489 1425 563 scrtpts

354 585 442 644 Marii
459 585 630 643 Mercatoris
644 585 821 644 invenienda
835 587 912 644 circa
926 584 1077 662 Pelagium
1092 591 1122 644 et
1139 585 1313 645 Coclestium
1333 585 1425 648 baere-

353 685 437 744 ticos.
465 682 545 741 Idem
573 681 702 742 libellum
728 680 797 739 fidei
821 682 950 757 profert,
967 682 1004 757 (1)
1031 685 1082 758 qui
1106 682 1262 742 aluliauo
1288 685 1425 744 edanensi

354 784 461 841 missus
475 781 531 840 fuit
544 780 584 839 ad
596 779 699 840 Scdem
711 779 909 855 Apostolicam
930 782 1046 840 nomiae
1059 781 1218 841 octodecim
1232 781 1426 856 episcoporum

290 882 293 888 '
352 879 576 938 detrectantium
593 878 706 953 Pelagii
725 885 812 954 atque
835 879 967 939 Coelcstii
986 879 1166 938 damnationi
1186 877 1376 938 subscribere.
1395 881 1425 938 ln

352 979 447 1052 prima
466 975 596 1051 ejusdem
615 976 706 1034 libelli
723 983 805 1052 parte
827 977 946 1036 dicunt:
966 1000 979 1026 a
996 975 1112 1034 Novum
1129 982 1259 1036 etvetus
1276 981 1425 1034 testamen-

350 1082 413 1134 tum
432 1077 585 1150 recipimus
605 1077 638 1131 in
655 1075 705 1132 illo
723 1075 865 1134 librorum
880 1091 1018 1150 numero,
1042 1090 1129 1150 mrem
1146 1073 1314 1136 Catholicae
1335 1075 1425 1134 Eccle

351 1175 411 1232 siae
430 1173 521 1232 tradit
537 1175 705 1232 auctoritas.
720 1199 733 1223 »
750 1174 836 1232 Parte
849 1174 975 1232 secunda
989 1173 1027 1232 ad
1041 1155 1234 1232 Ecclesiastici
1252 1172 1426 1248 Scripturam

351 1273 498 1348 appellant
508 1315 517 1349 ,
527 1273 564 1332 dc
580 1273 670 1332 libero
688 1273 826 1332 arbitrio:
842 1299 854 1324 «
870 1273 960 1334 Juxta
973 1275 1051 1350 quod
1060 1276 1199 1348 scriptum
1212 1279 1258 1332 est
1266 1273 1305 1348 (2)
1319 1290 1326 1330 τ
1337 1272 1425 1332 -Ante

349 1370 498 1431 hominem
510 1371 620 1429 bonum
632 1377 661 1429 et
674 1373 801 1446 malum,
823 1375 885 1432 viia
902 1379 930 1431 et
945 1388 1043 1448 mors,
1060 1371 1138 1446 quod
1154 1371 1298 1446 placuerit
1315 1371 1359 1445 ci,
1379 1370 1422 1428 da-

350 1470 428 1528 bItur
441 1471 494 1527 illl.
510 1495 522 1520 »
540 1469 631 1529 Paulo
644 1477 710 1545 post
721 1470 849 1530 addunt:
869 1496 881 1522 «ι
899 1471 971 1528 Item
986 1473 1017 1529 in
1028 1469 1102 1528 llbro
1115 1468 1373 1528 Machabacorum:
1387 1469 1419 1546 (3)

350 1599 363 1610 -
377 1569 498 1643 Nescio,
517 1570 627 1643 inquit,
648 1569 772 1644 qualiter
788 1570 819 1626 in
834 1575 916 1628 utero
937 1585 1002 1627 meo
1020 1569 1213 1644 apparuistis,
1237 1570 1422 1642 nequeenim

351 1683 404 1742 ego
423 1667 556 1740 spiritum
570 1665 678 1723 donavi
693 1665 798 1740 vobIs,
814 1666 866 1726 sed
878 1673 907 1726 et
924 1668 1105 1743 singolorum
1124 1665 1355 1726 membraturam
1371 1681 1423 1724 non

349 1765 412 1838 ipsa
432 1766 574 1838 compegi.
587 1789 599 1812 υ
612 1763 690 1822 Alibi
708 1764 797 1821 verba
816 1763 923 1824 Tobiae
941 1771 1088 1838 repetunt:
1104 1764 1164 1823 «Et
1183 1769 1304 1822 sanctus
1323 1761 1420 1820 Tobios

260 1885 268 1904 κ
350 1864 401 1920 ait:
418 1861 456 1936 (4)
473 1861 561 1918 «Noli
572 1863 674 1918 timere
687 1859 741 1934 fill,
755 1876 910 1934 pauperem
925 1863 1016 1920 vitam
1028 1864 1166 1936 gerimus,
1181 1861 1231 1920 sed
1245 1859 1340 1918 multa
1352 1859 1420 1918 bona

322 1979 327 1990 ·
351 1959 539 2033 habebimus,
559 1959 584 2014 si
606 1959 787 2016 timuerimus
809 1957 917 2032 Deum,
941 1965 970 2018 ct
987 1960 1188 2017 recesserimus
1210 1958 1250 2016 ab
1269 1959 1350 2016 omni
1365 1972 1421 2031 pec·

350 2063 432 2131 cato,
452 2062 480 2114 et
497 2055 649 2114 fecerimus
666 2055 754 2112 bona.
765 2080 776 2103 υ
794 2054 839 2112 Ex
852 2055 898 2113 his
913 2060 993 2130 patet
1007 2062 1149 2130 quantum
1162 2058 1194 2114 in
1206 2056 1339 2114 Ecclesia
1350 2053 1422 2112 Chri-

352 2156 447 2212 stiana
465 2169 502 2210 ex
517 2169 551 2210 co
571 2158 699 2226 tempore
714 2153 908 2226 praevaluerit
927 2151 999 2210 fides
1018 2169 1088 2227 erga
1107 2152 1273 2228 Scripturas
1293 2152 1419 2210 Dantem·

352 2250 529 2324 Canonicas3
546 2251 601 2324 ipsi
619 2251 697 2307 enim
714 2249 850 2308 haeretici
860 2249 991 2307 eamdem
1007 2251 1038 2306 in
1055 2250 1120 2308 illas
1138 2250 1313 2324 pmfioenarr
1330 2249 1418 2307 tidem.

391 2347 418 2421 5.
442 2347 550 2404 XXIX.
568 2345 701 2404 Salonius
718 2348 882 2404 viennensis
893 2345 1054 2406 Galliarum
1068 2349 1218 2422 episcopus
1235 2363 1292 2406 sua
1309 2348 1339 2404 in
1352 2345 1420 2404 Salo

349 2442 616 2518 monisparabolas¹
628 2448 657 2500 et
676 2443 857 2502 Ecclesiastis
875 2443 999 2517 librum,
1022 2446 1148 2519 mystica
1167 2444 1359 2519 explicatione
1373 2443 1416 2518 (5),

351 2537 436 2614 saepe
454 2541 648 2598 Ecclesiastici
662 2546 691 2598 et
704 2539 865 2615 Sapientiae
882 2540 1041 2600 Bibliorum
1057 2541 1145 2600 verba
1158 2544 1315 2600 interserit.
1331 2543 1364 2600 ln
1375 2541 1419 2598 lle

348 2640 488 2696 clesiastis
512 2639 603 2711 capite
634 2639 728 2712 primo
747 2638 831 2696 dicit:
851 2638 938 2697 «Non
960 2639 1142 2712 reprehendit
1167 2639 1308 2698 Salomon
1336 2640 1417 2697 risum

351 2737 526 2809 naturalem,
547 2735 620 2792 idest
634 2735 797 2794 modestum
810 2743 839 2794 et
853 2737 1017 2811 honestum,
1027 2736 1104 2794 unde
1115 2737 1185 2794 alibi
1195 2737 1278 2796 dicit:
1298 2737 1334 2812 (6)
1349 2767 1360 2780 ·
1374 2736 1418 2795 Vir

348 2836 481 2909 sapiens,
499 2835 606 2890 tacitus
619 2833 733 2892 rtdcbit.
745 2858 757 2883 »
774 2835 808 2890 ln
821 2834 967 2909 parabolis
985 2851 1048 2908 cap.
1067 2851 1142 2892 xrrr.
1164 2833 1329 2909 Sapientiae
1341 2832 1418 2892 verba

346 2937 481 2989 enarrat:
498 2931 595 3002 «Quia
620 2929 761 2988 Dominus
779 2933 878 2989 omnia
894 2933 925 2988 in
945 2931 1087 3006 pondere,
1104 2938 1133 2990 et
1153 2947 1307 3008 mensura,
1328 2939 1355 2990 ct
1370 2947 1416 2988 nu-

348 3045 428 3088 mero
445 3030 606 3086 constituit.
618 3053 630 3076 »

389 3127 416 3200 g.
433 3126 527 3184 XXX.
548 3125 722 3186 Valerianus
738 3125 927 3184 ccmclliensis
947 3128 1096 3202 episcopus
1113 3127 1150 3202 (7)
1161 3131 1248 3203 juxta
1259 3125 1359 3186 iacobi
1369 3123 1416 3182 Sir-

348 3223 447 3283 mondi
463 3225 654 3299 sententiam,
674 3225 792 3281 ineunte
806 3223 923 3282 sacculo
937 3226 1054 3299 quinto,
1068 3226 1166 3284 varias
1179 3225 1315 3284 homilias
1327 3223 1416 3282 inscri-

345 3323 432 3398 psit,e
444 3322 550 3396 quibus
562 3320 775 3394 Scripturarum
790 3318 980 3378 Deutcrarum
992 3319 1130 3378 divinitas
1143 3321 1246 3381 clucet.
1258 3321 1413 3380 Homiliar.

347 3419 538 3476 Ecclesiastici
558 3416 647 3475 verba
672 3416 709 3491 (8)
734 3423 850 3475 enarrat
876 3419 1023 3492 inquiens:
1043 3415 1169 3476 «AudItc
1191 3418 1347 3476 Dominum
1374 3415 1412 3472 di-

346 3522 474 3590 centem,
494 3515 583 3572 facito
600 3516 644 3571 ori
661 3519 713 3572 tuo
732 3517 818 3589 ostia,
836 3519 974 3590 etseras,
995 3521 1023 3572 et
1042 3514 1138 3572 verbis
1156 3517 1216 3574 tuis
1235 3515 1324 3574 facito
1337 3517 1413 3572 stam·

345 3628 419 3670 ram.
431 3637 444 3662 o
459 3612 501 3671 Ile
522 3613 622 3669 otiosis
638 3610 734 3670 verbis
755 3611 792 3686 (9)
808 3611 887 3669 hom.
909 3629 954 3670 vr.
974 3611 1124 3672 «Audiant
1140 3614 1189 3671 isti
1206 3611 1361 3670 Dominum
1375 3607 1411 3666 di·

346 3715 473 3767 centem:
485 3741 496 3752 ·
507 3709 566 3784 Oe,
586 3709 664 3783 quod
678 3711 831 3782 mentitur,
853 3710 958 3768 occidit
981 3711 1143 3770 animam.»
1160 3709 1289 3768 HomiIia
1313 3705 1413 3766 decima

346 3811 450 3864 octava
470 3805 717 3864 Machabacorum
735 3813 880 3881 martyres
896 3806 1029 3866 laudibus
1051 3809 1250 3882 prosequatur,
1270 3806 1413 3878 mannae

350 3902 599 3976 adhortationem,
621 3907 649 3960 et
666 3902 733 3960 fidei
753 3905 946 3962 constantiam
962 3904 1081 3962 exalat.

372 4129 407 4193 (t)
427 4127 492 4178 Edit.
505 4130 646 4192 Parispag.
659 4137 711 4181 320.
721 4157 751 4167 -
762 4131 796 4194 (2)
812 4131 877 4181 Eool.
889 4145 911 4181 c.
925 4134 976 4181 XV.
990 4139 1060 4181 18.-
1070 4131 1104 4194 (a)
1114 4135 1177 4181 Mac.
1187 4145 1209 4181 c.
1221 4134 1307 4181 vli-
1317 4124 1408 4192 (bloi).

345 4223 366 4258 c.
376 4212 418 4258 IV.
431 4235 461 4246 -
473 4207 507 4272 (5)
523 4209 585 4258 Bibl.
599 4211 664 4259 Patr.
676 4236 706 4246 -
718 4210 751 4273 (a)
767 4211 832 4260 Eccl.
851 4225 873 4260 c.
894 4213 958 4260 XXI.
971 4211 1044 4274 —(7)
1061 4215 1097 4260 Ex
1112 4212 1209 4263 Bibliot.
1230 4215 1294 4262 Patr.
1311 4221 1368 4261 sacc.
1383 4205 1406 4250 V·

346 4289 380 4352 (s)
396 4291 460 4340 Eccl.
473 4304 494 4340 c.
508 4291 618 4340 xxvfll.
632 4297 669 4340 28.
682 4290 756 4354 -(9)
768 4292 823 4354 Sap.
833 4305 854 4340 c.
866 4294 884 4342 l.
900 4298 936 4342 12.
