3086 5182
553 417 591 440 ..·.
613 395 649 456 2'9
671 410 710 440 ..n-

91 515 195 578 iandri
209 523 301 576 morte
314 509 501 575 lamentatum
516 514 700 589 describens,
715 519 875 588 memorat,
894 514 1041 589 ccmginta
1062 508 1171 574 iratres

91 633 158 677 suos
180 617 280 676 eodem
300 615 346 673 dle
366 613 404 673 ab
423 613 503 673 Ocho
517 614 686 672 saevissimo
707 627 808 688 regum
820 610 996 687 trucidatos,
1012 612 1166 673 adiectum·

90 731 145 792 que
175 717 266 791 stragi
285 721 329 772 tot
348 712 474 772 illiorum
501 717 623 787 patrem.
655 709 700 769 Oh
726 710 782 769 hoc
808 716 836 768 et
867 709 924 768 alia
954 711 1051 785 turpia
1083 709 1167 770 illuni

91 815 292 872 saevissimum
311 817 340 870 et
358 813 569 870 atrocissimum
592 816 677 870 vocat
696 809 893 885 Plutarchus,
917 815 946 868 et
966 809 1003 880 ab
1026 811 1168 887 aegyptiis

91 910 129 969 ob
141 925 194 969 sua
207 911 334 986 scelera,
354 917 383 968 11
400 910 579 985 impuritatcs
593 910 707 967 asinum
727 913 863 966 vocatum
882 906 971 966 hrisse
984 905 1069 966 dicit.
1085 908 1169 980 Quod

93 1008 173 1068 brevi
194 1008 242 1066 bic
259 1007 412 1067 dissertum
434 1014 478 1066 est
495 1006 530 1065 de
550 1007 721 1066 Artaxerxis
741 1003 816 1065 Ochi
828 1004 945 1081 indole,
967 1005 1081 1065 videtur
1098 1018 1169 1081 quo·

93 1105 246 1165 dammodo
261 1107 416 1165 convenire
435 1107 491 1178 iis,
516 1120 589 1180 quae
603 1105 738 1163 dicuntur
761 1106 792 1162 111
805 1103 822 1162 J
825 1103 907 1162 udlth
920 1103 1042 1162 historia
1054 1103 1090 1162 de
1102 1119 1170 1180 rege

93 1203 386 1264 Nabuchodonosorc.
409 1202 465 1262 Sed
480 1205 510 1260 in
525 1205 664 1278 majorem
678 1203 765 1277 hujus
777 1201 843 1261 librl
855 1203 1086 1277 perspicuitatem
1101 1217 1169 1261 con·

93 1301 223 1361 ferantur
246 1301 332 1361 simul
352 1307 415 1361 tum
435 1317 453 1360 a
474 1300 573 1360 divino
593 1303 732 1376 scriptore
751 1306 892 1377 narrata,
915 1299 1046 1359 camilla
1068 1301 1098 1358 in
1111 1315 1171 1359 mo·

92 1402 228 1459 nimentb
247 1415 421 1477 graecorum
438 1399 474 1458 de
491 1415 526 1458 ec
547 1397 655 1458 hadita
674 1413 742 1476 rege
758 1398 809 1475 (1).

131 1497 277 1572 Scriptum
288 1504 332 1557 est
352 1497 392 1556 lbi
405 1513 469 1573 cap.
492 1513 530 1555 11.
548 1495 656 1555 dixisse
669 1495 935 1556 Nabuchodonosor
949 1505 980 1555 se
995 1511 1026 1556 sc
1038 1495 1169 1556 ultumm

93 1611 154 1654 essa
169 1587 295 1673 11111111,
314 1598 364 1672 qul
386 1599 470 1655 nutui
497 1611 549 1655 suo
572 1596 827 1671 contradixerant,
850 1597 890 1654 ait
909 1598 986 1653 enim
1007 1594 1168 1654 llolofeml:

97 1719 110 1743 1
133 1693 274 1770 Egredere
303 1694 442 1754 adversus
473 1709 595 1769 regnum
622 1709 707 1752 omne
734 1691 922 1768 Occidentis,
945 1699 974 1751 et
1000 1699 1101 1752 contra
1122 1707 1171 1752 eos

94 1794 266 1867 praecipue,
285 1795 335 1868 qui
354 1797 590 1867 contempserant
606 1793 759 1867 imperitam
773 1807 881 1851 meum.
898 1793 961 1866 Quo
975 1791 1071 1868 facto,
1085 1793 1173 1850 timor

94 1891 204 1950 invasit
231 1905 332 1949 omnes
353 1889 517 1950 habitantes
539 1897 632 1949 terrae
654 1897 683 1950 et
708 1891 835 1949 maxime
862 1888 1015 1963 Sidonios,
1045 1889 1171 1966 Tyrios,

94 1987 180 2047 nrbes
206 1989 386 2063 maritimas,
413 1989 546 2048 damnem
565 1994 594 2047 et
612 1987 738 2047 Ascalon
757 1994 786 2046 et
802 1993 911 2046 ceteras
928 1989 1080 2063 civitates,
1098 2001 1173 2063 quae

97 2087 237 2145 miserunt
255 2086 365 2163 legatos
381 2101 448 2146 suos
465 2085 616 2161 dicentes,
641 2085 755 2144 desinat
767 2085 929 2162 indignatio
947 2091 999 2143 tun
1016 2087 1093 2144 circa
1106 2099 1169 2144 nos.

96 2185 204 2244 Omnes
225 2184 377 2244 facultates
394 2190 533 2260 nostrae,
560 2191 645 2259 atque
660 2183 787 2242 familiae
800 2185 831 2240 in
849 2189 1003 2258 conspectu
1022 2188 1073 2241 tuo
1086 2189 1173 2259 sunt3

95 2287 155 2344 sint
181 2287 280 2343 omnia
306 2289 405 2343 nostra
422 2283 477 2343 sub
500 2284 562 2359 lege
583 2289 653 2358 tua3
676 2289 704 2341 et
730 2297 784 2340 nos
802 2287 831 2340 et
849 2280 903 2340 nin
922 2283 1013 2340 nostri
1030 2283 1108 2340 servi
1129 2282 1173 2341 tul

97 2397 207 2442 sumus.
232 2381 304 2440 Veni
322 2378 405 2440 nobis
427 2379 564 2456 pacificus
584 2379 745 2454 dominus,
767 2383 796 2437 et
819 2384 899 2436 utere
916 2379 1034 2437 servitio
1054 2383 1173 2453 nostro,

95 2481 171 2538 sicut
187 2477 327 2554 placuerit
346 2477 417 2538 tibi.
436 2477 609 2537 ...Tantus
637 2481 730 2535 metus
759 2461 916 2551 provinciis
942 2476 1000 2535 illis
1023 2473 1172 2550 incubuit,

96 2583 129 2636 ut
148 2580 350 2636 universarum
361 2575 477 2635 urbium
496 2575 684 2652 habitatores,
703 2576 865 2651 principes,
887 2580 915 2633 et
933 2573 1066 2632 honorati
1088 2571 1175 2632 slmnl

97 2691 163 2734 cum
182 2675 296 2751 populis
311 2677 424 2734 exirent
441 2673 558 2733 obviam
579 2675 728 2748 venienti,
757 2675 930 2748 excipientes
952 2687 1019 2744 eum
1039 2679 1105 2730 curn
1125 2685 1171 2729 co·

97 2775 196 2847 roais,
220 2771 424 2848 lampadibus,
448 2771 584 2831 (lucentes
602 2771 706 2830 choros
720 2772 751 2828 in
771 2773 940 2848 tympanis,
959 2776 989 2828 11
1005 2767 1102 2845 1111111;
1122 2781 1176 2826 nec

97 2871 153 2928 ista
171 2875 270 2928 tamen
288 2869 425 2928 facientes
445 2869 622 2928 ferocitatem
645 2872 707 2945 ejus
725 2869 860 2944 mitigare
878 2873 1042 2943 potnerunt.
1069 2889 1081 2915 »
1106 2865 1176 2924 llio·

96 2968 185 3026 dorus
201 2969 238 3027 de
251 2967 331 3027 Ocho
345 2967 489 3043 scribens,
504 2967 717 3043 expetitionem
733 2971 915 3026 cumcontra
934 2965 1095 3041 praedictas
1114 2979 1178 3038 prc

97 3067 210 3124 vincias
228 3068 386 3142 suscepisse
409 3068 469 3141 ait,
488 3073 521 3124 ut
541 3066 606 3124 illas
626 3066 831 3140 ulcisceretur,
853 3071 882 3123 et
900 3067 941 3122 ita
958 3079 1073 3123 sacrum
1087 3062 1177 3120 histo-

101 3165 195 3221 ricum
215 3165 344 3223 imitatus
366 3169 429 3223 est:
453 3162 570 3238 «Capta
594 3161 683 3221 Sidon
703 3178 770 3221 cum
794 3162 918 3237 inisset,
935 3163 967 3218 in
988 3174 1092 3218 manus
1113 3173 1177 3233 per·

96 3277 196 3320 sarum
214 3261 331 3320 devenit
350 3303 359 3336 ,
390 3268 418 3319 et
440 3262 525 3320 cives·
540 3263 571 3318 in
593 3258 735 3318 domibus
752 3259 885 3317 incendio
913 3257 1076 3332 consumpti
1094 3259 1173 3314 snut.

96 3359 135 3416 Et
149 3360 300 3436 quingenti
311 3361 451 3434 primores
464 3357 663 3433 sidoniorum,
681 3360 731 3433 qui
746 3356 783 3415 ad
801 3369 897 3433 regem
912 3371 979 3414 cum
993 3355 1082 3412 ramis
1096 3352 1176 3410 oleae

96 3457 311 3532 supplicatoriis
331 3473 457 3534 venere,
473 3457 579 3533 jaculis
600 3451 734 3515 transfixi
755 3461 833 3514 sunt.
855 3455 922 3513 Istis
942 3449 1178 3525 calamitatibus,

97 3554 174 3614 aliae
196 3556 328 3614 civitates
346 3561 456 3614 terrore
476 3555 623 3630 perculsae
640 3557 731 3630 persis
749 3553 923 3612 deditionem
949 3551 1053 3610 fecere.
1070 3575 1081 3600 »
1103 3549 1181 3608 Tells

96 3667 214 3727 quoque
227 3652 375 3729 jaculatus
389 3660 432 3713 est
448 3653 580 3712 arfaxad
593 3667 645 3712 rex
668 3653 839 3726 medorum,
860 3667 946 3728 quem
960 3649 1074 3726 subegit
1087 3651 1182 3724 prius·

95 3765 189 3826 quam
206 3753 317 3811 veniret
334 3759 435 3811 contra
457 3751 662 3829 Occidentem,
680 3754 723 3811 uti
740 3751 829 3810 tradit
847 3751 996 3826 Scriptura
1015 3747 1180 3824 1111111111).

96 3847 246 3908 Diodorus
269 3841 346 3908 idem
367 3855 465 3908 censet
485 3851 629 3909 maximos
653 3865 820 3926 armorum,
840 3849 982 3923 telorum,
1006 3852 1184 3907 commeatus

96 3949 130 4004 et
148 3947 327 4006 exercituum
349 3953 519 4023 apparatum
538 3946 640 4006 iecisse
666 3946 799 4023 Ochum,
821 3963 925 4024 eosque
944 3963 995 4023 per
1008 3961 1077 4006 suos
1095 3937 1183 4004 duces

142 4197 178 4259 (1)
191 4199 226 4246 Nc
235 4197 353 4247 miremur
363 4198 429 4260 quod
442 4199 681 4262 Nabuchodonosor,
706 4211 779 4260 quem
800 4199 895 4248 Ochum
914 4197 938 4246 in
961 4197 1008 4244 hoc
1024 4195 1086 4244 libro
1102 4191 1177 4241 inissa

99 4276 243 4339 opinamur,
254 4277 351 4327 titulum
366 4277 511 4342 praescierat
521 4277 583 4343 regis
593 4279 755 4343 assyriorum,
771 4293 828 4329 cum
840 4281 864 4328 ct
874 4275 1040 4341 prirnoressssui
1052 4273 1076 4322 iu
1090 4271 1180 4322 Esdrac

104 4357 171 4406 libro
187 4357 300 4410 dicantur
312 4373 378 4421 reges
389 4363 471 4410 111111.
489 4361 545 4411 Esd.
565 4377 585 4410 c.
605 4363 646 4410 Vl.
666 4369 702 4411 it.
721 4387 751 4398 -
768 4361 802 4424 (2)
818 4359 874 4410 lud.
893 4373 945 4421 cap.
964 4353 1173 4418 1111111170,
