3070 5180
804 437 844 446 -
865 419 935 462 un
957 437 997 445 -

363 547 462 615 nus,
491 517 628 624 quiin
653 517 837 594 universa
854 516 982 595 Biblia
1006 517 1188 622 postillas
1215 516 1465 623 compegit,

363 652 551 732 Nicolaus
571 648 622 728 de
644 649 847 748 Gormm,
875 650 1108 757 Alphonsus
1136 651 1353 730 Tostatus
1383 649 1469 730 suis

361 789 405 865 in
429 785 652 892 Scripturas
683 783 1006 884 commentariis,
1041 783 1263 863 Bessarion
1294 799 1468 862 sanetae

360 919 561 999 Romanae
579 919 775 998 Ecclesiae
804 917 1016 998 cardinalis
1037 917 1229 997 doctrina
1246 933 1467 1026 praestan·

359 1054 554 1150 tissimus,
582 1051 818 1131 Ambrosius
840 1051 1079 1132 florentinus
1099 1050 1285 1131 Ordinis
1306 1050 1464 1131 Camal-

360 1187 537 1267 dulensis
557 1184 708 1282 abbas,
741 1185 859 1264 Picus
885 1184 1225 1284 mirandulanus,
1267 1185 1459 1292 aliique,

359 1323 433 1430 qui
468 1321 734 1400 hebraeorum
770 1319 949 1418 litteris,
991 1321 1052 1398 vel
1086 1346 1344 1427 graecorum
1389 1346 1461 1398 ex-

359 1456 552 1552 celluere,
583 1454 686 1564 quin
717 1454 943 1532 omittamus
969 1447 1251 1559 Augustinum
1281 1480 1307 1532 e
1330 1451 1458 1532 Justi-

360 1592 573 1669 nianorum
607 1586 755 1666 familia
793 1587 1026 1694 episcopum
1057 1575 1338 1684 nebiensem,
1382 1587 1455 1694 qui

357 1723 510 1830 primus
523 1721 691 1799 Genuae
708 1722 820 1800 1516.
839 1720 1072 1799 Psalterium
1082 1720 1357 1828 polyglotton
1375 1717 1456 1798 edi·

359 1854 418 1934 dit
437 1854 669 1934 hebraicum
695 1854 873 1950 scilicet,
903 1853 1133 1951 arabicum,
1163 1851 1448 1951 chaldaicum,

358 2015 544 2094 graecum
563 2016 655 2066 cum
678 1988 799 2066 latina
821 1988 1002 2066 versione
1019 2003 1059 2066 et
1082 1987 1264 2066 scholiis.

411 2122 488 2200 Hic
507 2149 604 2202 vero
631 2137 796 2201 aetatem
815 2122 975 2200 concilii
1000 2119 1210 2202 tridentini
1247 2121 1448 2202 assecutis

358 2284 443 2335 non
469 2255 540 2334 abs
563 2283 607 2334 re
626 2257 703 2335 erit
725 2255 922 2362 quaedam
946 2272 1087 2334 notare
1114 2256 1221 2334 eirca
1252 2253 1445 2334 sessionis

357 2406 523 2496 quartae
545 2387 691 2486 verba,
718 2387 769 2467 ad
793 2387 1006 2495 Vulgatam
1034 2387 1255 2468 editionem
1287 2387 1444 2468 divino·

357 2551 448 2600 rum
476 2521 674 2600 librorum
701 2523 961 2630 spectanctia,
992 2551 1097 2631 quae
1125 2522 1296 2603 fortasse
1322 2550 1346 2602 e
1372 2522 1443 2599 lin-

357 2683 527 2764 guarum
545 2653 679 2734 studio
706 2657 926 2736 nonnullos
952 2674 1169 2737 removent.
1203 2657 1320 2736 Haec
1343 2658 1439 2734 inte

357 2815 423 2867 rea
441 2806 535 2867 sunt
555 2790 715 2868 concilii
734 2788 839 2869 dicta
860 2789 1028 2870 ibidem:
1058 2792 1269 2900 «Insuper
1297 2788 1437 2870 eadem

356 2940 604 3002 sacrosancta
637 2921 842 3031 synodus,
862 2912 1136 3004 ³considerans
1167 2951 1254 3004 non
1291 2947 1436 3033 parum

357 3057 535 3156 utilitatis
555 3055 740 3137 accedere
762 3084 877 3166 posse
896 3059 1093 3138 Ecclesiae
1108 3059 1208 3156 Dei,
1227 3063 1261 3137 si
1281 3085 1335 3138 ex
1358 3082 1436 3136 om-

357 3189 479 3269 nibus
501 3191 633 3270 latinis
657 3190 927 3290 editionibuS‚
951 3219 1056 3299 quac
1073 3191 1429 3284 circumferuntur,

357 3352 560 3404 sacrorum
582 3324 799 3423 librorum,
821 3353 927 3433 quae
943 3353 1019 3434 pro
1037 3326 1267 3406 authentica
1285 3324 1433 3405 haben·

357 3456 407 3536 da
430 3457 506 3556 sit,
532 3459 778 3558 innotescat;
814 3459 951 3538 statuit
973 3474 1012 3536 et
1036 3458 1231 3558 declarat,
1262 3475 1310 3539 ut
1332 3459 1430 3537 haec

357 3591 442 3699 ipsa
469 3608 607 3689 vetus,
638 3609 677 3671 et
701 3592 874 3700 Vulgata
905 3591 1054 3692 editio,
1084 3619 1189 3701 quae
1216 3592 1341 3700 longo
1371 3603 1429 3667 tot

354 3725 604 3806 saeculorum
624 3753 700 3806 usu
722 3727 765 3804 in
793 3728 879 3834 ipsa
899 3726 1072 3806 Ecclesia
1093 3727 1261 3835 probata
1281 3744 1365 3822 est,
1385 3723 1425 3800 in

353 3857 526 3964 publicis
548 3859 813 3958 lectionibus,
844 3859 1209 3969 disputationibus,
1229 3858 1426 3970 praediea-

353 3991 558 4091 tionibus,
586 4010 625 4072 et
648 3994 967 4103 expositionibus
991 4024 1066 4104 pro
1098 3994 1326 4076 authentica
1355 3993 1422 4069 ha·

353 4125 519 4224 beatur3
549 4144 589 4207 et
607 4144 653 4205 ut
680 4155 798 4208 nemo
824 4127 931 4210 illam
959 4130 1120 4239 rejicere
1147 4129 1291 4238 quovis
1318 4149 1423 4234 prae

351 4274 465 4339 textu
495 4258 669 4358 audeat,
697 4262 759 4340 vel
790 4279 1028 4368 praesumat.
1060 4296 1078 4336 n
1108 4261 1348 4358 Nonnullis,
1378 4269 1421 4334 ut
