3086 5182
836 405 995 462 „gg-

377 517 512 584 disaemi.
533 517 607 580 Cum
626 530 697 595 ergo
714 516 784 577 talis
806 533 946 595 prespma
963 525 994 578 at
1011 520 1151 580 muham
1179 519 1312 582 hebraeis
1346 519 1455 584 echaia

377 615 702 695 sitaetaspostiaiiu
722 613 823 694 gesta,
842 623 1162 708 vmaquoqueetrata
1179 619 1368 680 habehunbu
1386 623 1460 680 sacri

214 793 219 802 ,
347 718 355 746 ⁸
378 718 528 796 scriptoris
547 709 658 791 uerba,
678 714 750 775 dum
763 717 805 775 alt
824 717 856 775 ln
879 717 961 775 omni
980 718 1075 792 spallo
1097 719 1176 777 vitae
1197 716 1301 778 inum
1324 718 1459 794 nullum,

377 811 813 894 qulmrbaretlsrael,iulsse,
833 811 1143 891 aequepostmortem
1163 819 1227 892 ejus
1246 816 1461 876 annismuliis.
1533 807 1534 810 ’

378 909 505 990 ideaque
524 913 550 972 sl
570 913 617 972 vir
635 911 733 971 clarus
753 909 883 970 ruram
896 917 964 972 ante
977 908 1033 971 boe
1052 918 1167 990 tempus
1183 914 1306 973 minime
1319 915 1464 974 invenerit

377 1007 433 1072 sub
453 1009 798 1085 medorumetpcrsarnm
817 1011 991 1086 Imperium,
1012 1009 1064 1069 nbi
1076 1011 1239 1072 insumeret
1258 1009 1368 1082 indita
1383 1009 1461 1070 Seri·

377 1118 516 1188 pmrarm
537 1104 645 1168 adhoc
658 1123 763 1166 aevum
791 1107 892 1166 eadem
918 1113 1083 1184 reportata,
1104 1107 1184 1168 hand
1197 1109 1255 1169 sibi
1282 1107 1463 1186 uomendum
1533 1111 1534 1198 y

380 1213 456 1268 essct
474 1205 512 1266 dc
524 1212 586 1267 tam
607 1205 695 1283 longo
709 1211 738 1264 ct
750 1205 873 1284 pacifico
886 1205 1063 1282 intervallo,
1084 1219 1143 1284 qao
1162 1206 1245 1268 haiti
1260 1211 1335 1267 sunt
1350 1203 1465 1266 hebraei
1533 1229 1534 1286 p

377 1312 446 1384 post
464 1303 578 1366 obitum
594 1303 709 1365 iudith.
1533 1289 1534 1354 l

418 1403 499 1464 Nihil
518 1419 590 1462 vero
602 1399 694 1461 obicit
706 1397 785 1479 quod
799 1401 1003 1462 dicitFlavius
1018 1401 1115 1480 men,
1136 1405 1303 1464 termento
1321 1401 1465 1481 Agathar-
1533 1387 1534 1452 l

380 1501 474 1563 chldis
494 1501 589 1562 Cnidii
609 1501 749 1576 innixus,
770 1501 869 1560 testati
895 1500 951 1560 sub
979 1492 1147 1561 Ptolomaeo
1166 1501 1268 1562 Sotero
1286 1503 1366 1578 Lagi
1385 1501 1465 1576 illio,
1533 1463 1534 1538 l

379 1601 496 1678 ipsum,
517 1597 585 1658 dolo
598 1605 683 1674 capta
696 1597 919 1677 lilerosolyma,
939 1599 1012 1659 dure
1024 1596 1056 1658 in
1069 1599 1210 1660 hebraeos
1223 1603 1339 1677 egisse,
1353 1599 1466 1676 plures·

377 1711 437 1776 que
454 1695 573 1758 illorum
587 1693 753 1756 traduxisse
771 1697 903 1774 captivos
921 1699 952 1756 in
966 1696 1144 1776 Aegyptum.
1159 1699 1236 1758 Huic
1248 1715 1323 1758 vero
1337 1699 1467 1758 testimo

380 1797 449 1872 nio,
471 1796 525 1856 cisi
545 1795 630 1870 parvi
649 1797 689 1854 sit
707 1795 849 1853 momenti
868 1801 970 1854 contra
987 1811 1045 1872 ea,
1067 1811 1144 1873 quae
1162 1811 1251 1874 supra
1271 1796 1369 1856 relata
1384 1802 1467 1872 sunt,

379 1891 521 1972 Polybius
537 1891 612 1952 libro
626 1909 657 1952 v.
674 1891 800 1970 longiori
819 1909 952 1952 sermone
971 1891 1132 1953 Ptolomaei
1145 1899 1267 1972 gestitet
1278 1894 1425 1954 Antiochi
1439 1896 1467 1952 in

379 1991 538 2052 Phoenicia
551 2005 690 2066 censens,
713 1991 897 2050 eontradioit.
917 1991 969 2051 liu
982 1995 1078 2067 enhu,
1100 1993 1178 2068 apud
1198 1991 1309 2052 Gamrn
1331 1997 1468 2068 superato

380 2086 546 2164 Antiocho,
568 2103 603 2148 ae
621 2088 783 2168 profligatis
803 2087 966 2166 militibus,
993 2089 1192 2150 Ptolomaeum
1212 2091 1243 2149 ln
1263 2089 1429 2150 Phoenicia
1441 2096 1468 2148 ei

379 2185 566 2266 Coele-Syria
592 2188 735 2246 mansisse
760 2185 798 2245 ad
817 2191 876 2246 ires
905 2203 1019 2247 menses
1040 2187 1078 2246 ad
1098 2187 1333 2264 componendum
1357 2193 1467 2248 statum

384 2286 502 2348 lllamm
522 2285 650 2346 urbium.
674 2283 802 2361 Populus
832 2291 929 2344 autem
949 2285 1066 2346 illamm
1095 2288 1268 2363 regionum,
1298 2285 1411 2361 addit,
1432 2285 1467 2344 ad

381 2383 586 2444 deneraudum
596 2381 756 2444 Ptolomaei
766 2383 901 2462 gratiam,
914 2383 1029 2444 nullum
1037 2383 1229 2443 blandimenti
1236 2399 1329 2461 genus
1339 2389 1467 2460 praeta·

379 2483 480 2559 misit,
501 2497 568 2542 eum
588 2479 698 2541 scilieet
711 2481 844 2556 coronis,
865 2473 1016 2540 mondolio
1027 2477 1205 2558 bonoravit,
1226 2487 1329 2558 utpote
1342 2489 1466 2560 gentes,

380 2568 456 2659 quae
475 2581 578 2640 innata
596 2579 724 2658 quadam
744 2577 931 2638 inclinatione
951 2577 990 2637 ad
1003 2573 1090 2656 hujus
1109 2579 1236 2658 Aegypti
1255 2581 1356 2657 regiae
1377 2597 1467 2640 vene·
1533 2573 1534 2652 l

380 2681 523 2740 monem
543 2679 714 2740 incitantur.
743 2675 824 2736 Nihil
848 2693 918 2736 vero
946 2677 1017 2736 mali
1036 2679 1133 2738 innuit
1151 2675 1308 2757 Polybius,
1330 2679 1469 2738 intulisse
1533 2687 1534 2760 1

381 2774 514 2838 hebraeis
533 2773 745 2838 Ptolomaeum.
1108 2778 1112 2795 ¹
1533 2761 1534 2822 i

421 2873 449 2952 S.
465 2873 547 2934 xiil.
563 2873 664 2951 Neque
672 2871 790 2932 tandem
804 2877 906 2934 contm
915 2873 1101 2953 hypothesim
1111 2881 1242 2936 nostram
1255 2874 1348 2935 officit
1357 2877 1469 2934 smumi

383 2971 542 3032 sacerdotis
568 2969 703 3031 loacidm
723 2975 824 3048 adas,
844 2973 895 3048 qui
914 2977 986 3032 tunc
998 2975 1137 3050 temporis
1151 2975 1312 3034 ministerio
1328 2986 1468 3050 supremo

382 3067 559 3150 fungebatur
577 3067 799 3148 Hierosolymis.
822 3067 941 3130 Flavius
962 3071 1017 3130 sub
1036 3071 1133 3132 Xerxe
1151 3085 1301 3148 persarum
1323 3087 1396 3149 rege
1409 3079 1467 3131 sta·

382 3167 440 3227 tuit
459 3183 606 3228 summum
626 3165 804 3227 sacerdotem
818 3171 935 3228 nomine
948 3168 1092 3228 loarhlm.
1108 3169 1143 3229 ln
1163 3169 1256 3230 Fsdr‘a
1274 3171 1345 3230 lton
1358 3169 1468 3248 legitur

336 3333 339 3344 ,
381 3263 516 3334 loachim
535 3265 613 3325 illius
628 3265 737 3342 iosue,
758 3267 809 3343 qui
823 3266 898 3326 alius
918 3265 1110 3328 videturesse
1129 3265 1167 3327 ab
1186 3283 1242 3345 eo,
1263 3285 1352 3346 quem
1368 3275 1467 3329 censet

381 3363 502 3424 Flavius
522 3363 574 3424 lib.
597 3381 644 3424 ιι.
667 3363 768 3441 Anth.
791 3369 821 3423 et
840 3363 878 3423 ab
897 3364 949 3424 illo
967 3372 1136 3442 nuncupato
1155 3367 1185 3424 in
1207 3365 1330 3425 historia
1349 3365 1466 3426 Juditb.

382 3459 520 3538 Summus
534 3459 691 3540 Sacerdos,
706 3463 757 3540 qui
771 3463 849 3522 eirca
862 3477 967 3522 aevum
980 3461 1152 3524 hmaxerxis
1166 3461 1240 3523 Ochi
1254 3463 1468 3542 Hierosolymis

381 3565 515 3636 praeerat
529 3563 617 3637 Juxta
636 3560 802 3620 Chmnieon
822 3560 939 3620 Eusebii
958 3577 995 3622 ex
1010 3560 1199 3638 scriptoribus
1220 3561 1325 3622 Flavio
1346 3567 1378 3622 et
1392 3563 1469 3622 Airi-

381 3671 456 3716 eano
468 3656 626 3733 collatum,
641 3659 815 3734 ignoratur,
836 3657 1081 3734 quemadmodum
1098 3657 1166 3735 alil,
1181 3657 1338 3719 intervallo
1351 3659 1467 3719 hisoen-

343 3791 346 3804 ·
381 3759 444 3814 tum
465 3769 609 3813 annorum
628 3753 783 3830 dynastiae
802 3757 950 3832 persicae,
972 3757 1004 3815 in
1022 3757 1135 3817 iudaea
1161 3756 1311 3834 praefecti.
1334 3755 1467 3818 Tantum

380 3849 422 3911 ibl
442 3855 621 3912 memoratur
641 3849 751 3928 laddo,
773 3853 823 3913 illa
849 3853 947 3932 iden,
968 3855 1019 3932 qui
1048 3855 1165 3914 obviam
1187 3857 1268 3915 venit
1295 3853 1467 3916 Alexandro

379 3947 491 4027 Magno
505 3947 693 4008 Phoenicium
712 3949 882 4028 invadenti,
896 3965 989 4012 anuos
1002 3953 1117 4012 circiter
1130 3953 1236 4030 viginti
1254 3955 1389 4030 quinque
1406 3957 1471 4030 post

379 4045 510 4124 ejusdem
530 4045 604 4106 Ochi
623 4047 846 4125 expeditionem.
873 4049 1013 4110 ductores
1033 4066 1120 4126 porro
1140 4051 1258 4111 hebraei
1278 4067 1374 4128 neque
1396 4067 1464 4111 curu

378 4141 526 4222 losepbo,
546 4161 641 4224 nemra
660 4161 728 4206 oum
748 4145 899 4224 Scriptura
923 4150 1101 4208 conveniunt
1120 4149 1151 4208 in
1174 4165 1263 4209 ceusu
1286 4165 1471 4210 summorum

378 4243 568 4323 pontificum,
592 4259 686 4321 neque
705 4247 784 4305 circa
803 4249 923 4306 uomina
942 4247 1059 4307 illorum
1080 4249 1209 4324 propria.
1227 4230 1370 4308 Nonnulli
1389 4249 1466 4306 enim

378 4341 511 4419 pluribus
530 4347 560 4402 ei
575 4345 665 4402 vadis
681 4343 849 4410 nominibus
863 4349 1023 4424 nuncupati
1036 4346 1137 4424 lucre,
1160 4347 1203 4406 uti
1217 4351 1254 4406 e'x
1275 4346 1381 4405 iisdem
1395 4343 1471 4402 Scri-
