<?xml version="1.0" encoding="UTF-8"?>
<!DOCTYPE html PUBLIC "-//W3C//DTD XHTML 1.0 Transitional//EN"
    "http://www.w3.org/TR/xhtml1/DTD/xhtml1-transitional.dtd">
<html xmlns="http://www.w3.org/1999/xhtml" xml:lang="en" lang="en">
 <head>
  <title>
</title>
<meta http-equiv="Content-Type" content="text/html;charset=utf-8" />
  <meta name='ocr-system' content='tesseract 3.04.00' />
  <meta name='ocr-capabilities' content='ocr_page ocr_carea ocr_par ocr_line ocrx_word'/>
</head>
<body>
  <div class='ocr_page' id='page_1' title='image "./sessioquartacon00vincgoog_0504.png"; bbox 0 0 3094 5176; ppageno 0'>
   <div class='ocr_carea' id='block_1_1' title="bbox 591 339 750 394">
    <p class='ocr_par' dir='ltr' id='par_1_1' title="bbox 591 339 750 394">
     <span class='ocr_line' id='line_1_1' title="bbox 591 339 750 394; baseline 0 -16"><span class='ocrx_word' id='word_1_1' title='bbox 591 339 750 394; x_wconf 72' lang='grc' dir='ltr'>..ι-73..-</span> 
     </span>
    </p>
   </div>
   <div class='ocr_carea' id='block_1_2' title="bbox 471 543 870 608">
    <p class='ocr_par' dir='ltr' id='par_1_2' title="bbox 471 543 870 608">
     <span class='ocr_line' id='line_1_2' title="bbox 471 543 870 608; baseline 0 -2"><span class='ocrx_word' id='word_1_2' title='bbox 471 543 795 608; x_wconf 76' lang='lat' dir='ltr'><strong>inotosltlo</strong></span> <span class='ocrx_word' id='word_1_3' title='bbox 834 547 870 608; x_wconf 86' lang='lat' dir='ltr'><strong>V.</strong></span> 
     </span>
    </p>
   </div>
   <div class='ocr_carea' id='block_1_3' title="bbox 221 738 1062 902">
    <p class='ocr_par' dir='ltr' id='par_1_3' title="bbox 221 738 1062 902">
     <span class='ocr_line' id='line_1_3' title="bbox 333 738 1062 822; baseline 0.005 -22"><span class='ocrx_word' id='word_1_4' title='bbox 333 740 381 800; x_wconf 85' lang='lat' dir='ltr'><strong>Da</strong></span> <span class='ocrx_word' id='word_1_5' title='bbox 398 738 555 818; x_wconf 70' lang='lat' dir='ltr'><strong>Sapientia</strong></span> <span class='ocrx_word' id='word_1_6' title='bbox 578 741 702 818; x_wconf 77' lang='lat' dir='ltr'><strong>Siraci,</strong></span> <span class='ocrx_word' id='word_1_7' title='bbox 725 741 816 821; x_wconf 73' lang='lat' dir='ltr'><strong>wipo</strong></span> <span class='ocrx_word' id='word_1_8' title='bbox 837 748 1010 822; x_wconf 74' lang='lat' dir='ltr'><strong>noncupato</strong></span> <span class='ocrx_word' id='word_1_9' title='bbox 1060 783 1062 788; x_wconf 82' lang='lat'><em>.</em></span> 
     </span>
     <span class='ocr_line' id='line_1_4' title="bbox 221 839 787 902; baseline 0.014 -10"><span class='ocrx_word' id='word_1_10' title='bbox 221 848 224 858; x_wconf 90' lang='lat'>·</span> <span class='ocrx_word' id='word_1_11' title='bbox 554 839 787 902; x_wconf 65' lang='lat' dir='ltr'><strong>Ecclesiasticus.</strong></span> 
     </span>
    </p>
   </div>
   <div class='ocr_carea' id='block_1_4' title="bbox 14 1031 1209 4350">
    <p class='ocr_par' dir='ltr' id='par_1_4' title="bbox 14 1031 1209 4350">
     <span class='ocr_line' id='line_1_5' title="bbox 14 1031 1209 1114; baseline 0.005 -22"><span class='ocrx_word' id='word_1_12' title='bbox 14 1090 22 1114; x_wconf 70' lang='grc'><strong>,,</strong></span> <span class='ocrx_word' id='word_1_13' title='bbox 173 1031 201 1108; x_wconf 79' lang='lat' dir='ltr'><strong>s.</strong></span> <span class='ocrx_word' id='word_1_14' title='bbox 225 1032 250 1092; x_wconf 92' lang='lat'><strong>1.</strong></span> <span class='ocrx_word' id='word_1_15' title='bbox 272 1033 348 1108; x_wconf 88' lang='lat' dir='ltr'><strong>ilia,</strong></span> <span class='ocrx_word' id='word_1_16' title='bbox 370 1047 446 1110; x_wconf 84' lang='lat' dir='ltr'><strong>quae</strong></span> <span class='ocrx_word' id='word_1_17' title='bbox 464 1033 502 1094; x_wconf 91' lang='lat' dir='ltr'><strong>de</strong></span> <span class='ocrx_word' id='word_1_18' title='bbox 524 1031 688 1111; x_wconf 78' lang='lat' dir='ltr'><strong>Ssplendm</strong></span> <span class='ocrx_word' id='word_1_19' title='bbox 718 1037 848 1098; x_wconf 85' lang='lat' dir='ltr'><strong>auctoris</strong></span> <span class='ocrx_word' id='word_1_20' title='bbox 868 1051 957 1114; x_wconf 88' lang='lat' dir='ltr'><strong>scopo</strong></span> <span class='ocrx_word' id='word_1_21' title='bbox 983 1035 1135 1113; x_wconf 71' lang='lat' dir='ltr'><strong>hueusque</strong></span> <span class='ocrx_word' id='word_1_22' title='bbox 1157 1051 1209 1098; x_wconf 85' lang='lat' dir='ltr'><strong>ex·</strong></span> 
     </span>
     <span class='ocr_line' id='line_1_6' title="bbox 132 1130 1209 1212; baseline 0.006 -23"><span class='ocrx_word' id='word_1_23' title='bbox 132 1130 220 1208; x_wconf 83' lang='lat' dir='ltr'><strong>psndl</strong></span> <span class='ocrx_word' id='word_1_24' title='bbox 239 1131 270 1190; x_wconf 91' lang='lat' dir='ltr'><strong>in</strong></span> <span class='ocrx_word' id='word_1_25' title='bbox 288 1147 324 1192; x_wconf 88' lang='lat' dir='ltr'><strong>se</strong></span> <span class='ocrx_word' id='word_1_26' title='bbox 344 1131 456 1194; x_wconf 69' lang='lat' dir='ltr'><strong>mendo</strong></span> <span class='ocrx_word' id='word_1_27' title='bbox 469 1131 545 1194; x_wconf 86' lang='lat' dir='ltr'><strong>lihro</strong></span> <span class='ocrx_word' id='word_1_28' title='bbox 561 1133 600 1194; x_wconf 90' lang='lat' dir='ltr'><strong>ad</strong></span> <span class='ocrx_word' id='word_1_29' title='bbox 613 1133 767 1196; x_wconf 84' lang='lat' dir='ltr'><strong>hebraicos</strong></span> <span class='ocrx_word' id='word_1_30' title='bbox 780 1134 1006 1212; x_wconf 85' lang='lat' dir='ltr'><strong>relpnhliceeac</strong></span> <span class='ocrx_word' id='word_1_31' title='bbox 1025 1133 1209 1196; x_wconf 82' lang='lat' dir='ltr'><strong>ethmoorum</strong></span> 
     </span>
     <span class='ocr_line' id='line_1_7' title="bbox 132 1231 1209 1311; baseline 0.006 -24"><span class='ocrx_word' id='word_1_32' title='bbox 132 1243 250 1306; x_wconf 77' lang='lat' dir='ltr'><strong>guoque</strong></span> <span class='ocrx_word' id='word_1_33' title='bbox 269 1231 418 1308; x_wconf 86' lang='lat' dir='ltr'><strong>regiminis</strong></span> <span class='ocrx_word' id='word_1_34' title='bbox 443 1231 655 1292; x_wconf 84' lang='lat' dir='ltr'><strong>institutionem</strong></span> <span class='ocrx_word' id='word_1_35' title='bbox 676 1247 712 1292; x_wconf 89' lang='lat' dir='ltr'><strong>ac</strong></span> <span class='ocrx_word' id='word_1_36' title='bbox 728 1232 859 1310; x_wconf 71' lang='lat' dir='ltr'><strong>houm,</strong></span> <span class='ocrx_word' id='word_1_37' title='bbox 889 1232 1044 1294; x_wconf 73' lang='lat' dir='ltr'><strong>minantur</strong></span> <span class='ocrx_word' id='word_1_38' title='bbox 1064 1231 1209 1311; x_wconf 66' lang='lat' dir='ltr'><strong>apmtbei·</strong></span> 
     </span>
     <span class='ocr_line' id='line_1_8' title="bbox 132 1326 1205 1410; baseline 0.003 -22"><span class='ocrx_word' id='word_1_39' title='bbox 132 1327 206 1388; x_wconf 83' lang='lat' dir='ltr'><strong>elme</strong></span> <span class='ocrx_word' id='word_1_40' title='bbox 224 1343 241 1386; x_wconf 94' lang='lat' dir='ltr'><strong>e</strong></span> <span class='ocrx_word' id='word_1_41' title='bbox 260 1326 381 1406; x_wconf 80' lang='lat' dir='ltr'>prologo</span> <span class='ocrx_word' id='word_1_42' title='bbox 401 1326 589 1406; x_wconf 74' lang='lat' dir='ltr'><strong>Scripturas,</strong></span> <span class='ocrx_word' id='word_1_43' title='bbox 610 1345 701 1406; x_wconf 84' lang='lat' dir='ltr'><strong>quern</strong></span> <span class='ocrx_word' id='word_1_44' title='bbox 720 1345 775 1392; x_wconf 88' lang='lat' dir='ltr'><strong>nos</strong></span> <span class='ocrx_word' id='word_1_45' title='bbox 789 1327 987 1392; x_wconf 74' lang='lat' dir='ltr'><strong>disserendam</strong></span> <span class='ocrx_word' id='word_1_46' title='bbox 1000 1329 1205 1410; x_wconf 78' lang='lat' dir='ltr'><strong>aggredimur,</strong></span> 
     </span>
     <span class='ocr_line' id='line_1_9' title="bbox 134 1423 1209 1506; baseline 0.002 -20"><span class='ocrx_word' id='word_1_47' title='bbox 134 1423 191 1486; x_wconf 84' lang='lat' dir='ltr'><strong>sub</strong></span> <span class='ocrx_word' id='word_1_48' title='bbox 206 1429 324 1486; x_wconf 77' lang='lat' dir='ltr'><strong>murino</strong></span> <span class='ocrx_word' id='word_1_49' title='bbox 337 1425 449 1504; x_wconf 79' lang='lat' dir='ltr'><strong>Sophia</strong></span> <span class='ocrx_word' id='word_1_50' title='bbox 469 1426 575 1488; x_wconf 75' lang='lat' dir='ltr'><strong>Siraci</strong></span> <span class='ocrx_word' id='word_1_51' title='bbox 592 1429 655 1488; x_wconf 78' lang='lat' dir='ltr'><strong>slva</strong></span> <span class='ocrx_word' id='word_1_52' title='bbox 669 1427 882 1506; x_wconf 78' lang='lat' dir='ltr'><strong>Ecclesiastici,</strong></span> <span class='ocrx_word' id='word_1_53' title='bbox 897 1428 1036 1490; x_wconf 78' lang='lat' dir='ltr'><strong>nemum</strong></span> <span class='ocrx_word' id='word_1_54' title='bbox 1049 1427 1145 1488; x_wconf 89' lang='lat' dir='ltr'><strong>nohis.</strong></span> <span class='ocrx_word' id='word_1_55' title='bbox 1160 1427 1209 1488; x_wconf 92' lang='lat' dir='ltr'><strong>lu·</strong></span> 
     </span>
     <span class='ocr_line' id='line_1_10' title="bbox 131 1522 1208 1602; baseline 0 -18"><span class='ocrx_word' id='word_1_56' title='bbox 131 1527 243 1600; x_wconf 86' lang='lat' dir='ltr'><strong>terpres</strong></span> <span class='ocrx_word' id='word_1_57' title='bbox 275 1527 353 1585; x_wconf 90' lang='lat' dir='ltr'><strong>enlm</strong></span> <span class='ocrx_word' id='word_1_58' title='bbox 373 1524 461 1602; x_wconf 71' lang='lat' dir='ltr'><strong>huius</strong></span> <span class='ocrx_word' id='word_1_59' title='bbox 483 1525 551 1586; x_wconf 87' lang='lat' dir='ltr'><strong>libri</strong></span> <span class='ocrx_word' id='word_1_60' title='bbox 572 1525 698 1601; x_wconf 87' lang='lat' dir='ltr'><strong>latetur,</strong></span> <span class='ocrx_word' id='word_1_61' title='bbox 725 1541 815 1588; x_wconf 81' lang='lat' dir='ltr'><strong>avum</strong></span> <span class='ocrx_word' id='word_1_62' title='bbox 845 1542 933 1588; x_wconf 87' lang='lat' dir='ltr'><strong>suum</strong></span> <span class='ocrx_word' id='word_1_63' title='bbox 963 1526 1064 1586; x_wconf 82' lang='lat' dir='ltr'><strong>iesum</strong></span> <span class='ocrx_word' id='word_1_64' title='bbox 1086 1527 1119 1584; x_wconf 90' lang='lat' dir='ltr'><strong>in</strong></span> <span class='ocrx_word' id='word_1_65' title='bbox 1144 1522 1208 1602; x_wconf 56' lang='lat' dir='ltr'><strong>ime</strong></span> 
     </span>
     <span class='ocr_line' id='line_1_11' title="bbox 131 1621 1208 1702; baseline 0 -21"><span class='ocrx_word' id='word_1_66' title='bbox 131 1621 264 1700; x_wconf 79' lang='lat' dir='ltr'><strong>Moysis,</strong></span> <span class='ocrx_word' id='word_1_67' title='bbox 287 1622 440 1700; x_wconf 78' lang='lat' dir='ltr'><strong>Prophetis</strong></span> <span class='ocrx_word' id='word_1_68' title='bbox 454 1625 576 1702; x_wconf 77' lang='lat' dir='ltr'><strong>sitisque</strong></span> <span class='ocrx_word' id='word_1_69' title='bbox 588 1625 776 1702; x_wconf 85' lang='lat' dir='ltr'><strong>agiographis</strong></span> <span class='ocrx_word' id='word_1_70' title='bbox 795 1625 882 1686; x_wconf 85' lang='lat' dir='ltr'><strong>valde</strong></span> <span class='ocrx_word' id='word_1_71' title='bbox 895 1626 1110 1700; x_wconf 75' lang='lat' dir='ltr'><strong>mersurum,</strong></span> <span class='ocrx_word' id='word_1_72' title='bbox 1125 1622 1208 1700; x_wconf 80' lang='lat' dir='ltr'><strong>qudd-</strong></span> 
     </span>
     <span class='ocr_line' id='line_1_12' title="bbox 130 1720 1206 1800; baseline 0.004 -22"><span class='ocrx_word' id='word_1_73' title='bbox 130 1733 221 1796; x_wconf 86' lang='lat' dir='ltr'><strong>quarn</strong></span> <span class='ocrx_word' id='word_1_74' title='bbox 240 1720 365 1782; x_wconf 85' lang='lat' dir='ltr'><strong>seribere</strong></span> <span class='ocrx_word' id='word_1_75' title='bbox 382 1721 508 1783; x_wconf 86' lang='lat' dir='ltr'><strong>voluisse</strong></span> <span class='ocrx_word' id='word_1_76' title='bbox 531 1738 652 1800; x_wconf 90' lang='lat' dir='ltr'><strong>eorum,</strong></span> <span class='ocrx_word' id='word_1_77' title='bbox 675 1739 751 1800; x_wconf 84' lang='lat' dir='ltr'><strong>quas</strong></span> <span class='ocrx_word' id='word_1_78' title='bbox 775 1723 813 1783; x_wconf 88' lang='lat' dir='ltr'><strong>ad</strong></span> <span class='ocrx_word' id='word_1_79' title='bbox 838 1723 1024 1800; x_wconf 72' lang='lat' dir='ltr'><strong>discipilum</strong></span> <span class='ocrx_word' id='word_1_80' title='bbox 1042 1728 1072 1783; x_wconf 89' lang='lat' dir='ltr'><strong>et</strong></span> <span class='ocrx_word' id='word_1_81' title='bbox 1093 1721 1206 1798; x_wconf 84' lang='lat' dir='ltr'><strong>sapien·</strong></span> 
     </span>
     <span class='ocr_line' id='line_1_13' title="bbox 130 1816 1200 1908; baseline 0.001 -30"><span class='ocrx_word' id='word_1_82' title='bbox 130 1818 203 1878; x_wconf 85' lang='lat' dir='ltr'><strong>dnm</strong></span> <span class='ocrx_word' id='word_1_83' title='bbox 219 1816 395 1908; x_wconf 79' lang='lat' dir='ltr'><strong>conterrent,</strong></span> <span class='ocrx_word' id='word_1_84' title='bbox 417 1825 450 1881; x_wconf 89' lang='lat' dir='ltr'><strong>ut</strong></span> <span class='ocrx_word' id='word_1_85' title='bbox 463 1827 493 1880; x_wconf 86' lang='lat' dir='ltr'><strong>at</strong></span> <span class='ocrx_word' id='word_1_86' title='bbox 505 1819 701 1882; x_wconf 83' lang='lat' dir='ltr'><strong>desiderantes</strong></span> <span class='ocrx_word' id='word_1_87' title='bbox 714 1820 836 1898; x_wconf 80' lang='lat' dir='ltr'><strong>diioere,</strong></span> <span class='ocrx_word' id='word_1_88' title='bbox 852 1823 946 1899; x_wconf 79' lang='lat' dir='ltr'><strong>isque</strong></span> <span class='ocrx_word' id='word_1_89' title='bbox 958 1820 1090 1895; x_wconf 88' lang='lat' dir='ltr'><strong>imbutis,</strong></span> <span class='ocrx_word' id='word_1_90' title='bbox 1106 1819 1200 1896; x_wconf 83' lang='lat' dir='ltr'><strong>magis</strong></span> 
     </span>
     <span class='ocr_line' id='line_1_14' title="bbox 129 1915 1204 1996; baseline 0.001 -23"><span class='ocrx_word' id='word_1_91' title='bbox 129 1917 282 1992; x_wconf 79' lang='lat' dir='ltr'><strong>magisque</strong></span> <span class='ocrx_word' id='word_1_92' title='bbox 301 1915 478 1994; x_wconf 88' lang='lat' dir='ltr'><strong>inlegitima</strong></span> <span class='ocrx_word' id='word_1_93' title='bbox 497 1920 560 1978; x_wconf 85' lang='lat' dir='ltr'><strong>vita</strong></span> <span class='ocrx_word' id='word_1_94' title='bbox 579 1917 761 1996; x_wconf 82' lang='lat' dir='ltr'><strong>profluerent.</strong></span> <span class='ocrx_word' id='word_1_95' title='bbox 786 1918 824 1980; x_wconf 80' lang='lat' dir='ltr'><strong>Et</strong></span> <span class='ocrx_word' id='word_1_96' title='bbox 846 1917 886 1978; x_wconf 87' lang='lat' dir='ltr'><strong>oh</strong></span> <span class='ocrx_word' id='word_1_97' title='bbox 906 1917 984 1995; x_wconf 91' lang='lat' dir='ltr'><strong>hoc,</strong></span> <span class='ocrx_word' id='word_1_98' title='bbox 1009 1917 1088 1978; x_wconf 88' lang='lat' dir='ltr'><strong>idem</strong></span> <span class='ocrx_word' id='word_1_99' title='bbox 1113 1918 1204 1978; x_wconf 85' lang='lat' dir='ltr'><strong>inter·</strong></span> 
     </span>
     <span class='ocr_line' id='line_1_15' title="bbox 130 2011 1207 2093; baseline 0.002 -21"><span class='ocrx_word' id='word_1_100' title='bbox 130 2027 218 2090; x_wconf 85' lang='lat' dir='ltr'><strong>pres,</strong></span> <span class='ocrx_word' id='word_1_101' title='bbox 236 2015 385 2074; x_wconf 88' lang='lat' dir='ltr'><strong>communi</strong></span> <span class='ocrx_word' id='word_1_102' title='bbox 405 2013 493 2092; x_wconf 66' lang='lat' dir='ltr'><strong>hugus</strong></span> <span class='ocrx_word' id='word_1_103' title='bbox 517 2014 584 2076; x_wconf 86' lang='lat' dir='ltr'><strong>iibri</strong></span> <span class='ocrx_word' id='word_1_104' title='bbox 610 2017 735 2078; x_wconf 77' lang='lat' dir='ltr'><strong>uilitate</strong></span> <span class='ocrx_word' id='word_1_105' title='bbox 752 2017 900 2093; x_wconf 86' lang='lat' dir='ltr'><strong>inspectu,</strong></span> <span class='ocrx_word' id='word_1_106' title='bbox 921 2021 1044 2076; x_wconf 83' lang='lat' dir='ltr'><strong>coortus</strong></span> <span class='ocrx_word' id='word_1_107' title='bbox 1065 2018 1111 2076; x_wconf 89' lang='lat' dir='ltr'><strong>est</strong></span> <span class='ocrx_word' id='word_1_108' title='bbox 1134 2011 1207 2074; x_wconf 90' lang='lat' dir='ltr'><strong>iilud</strong></span> 
     </span>
     <span class='ocr_line' id='line_1_16' title="bbox 130 2109 1208 2192; baseline 0 -21"><span class='ocrx_word' id='word_1_109' title='bbox 130 2111 272 2187; x_wconf 82' lang='lat' dir='ltr'><strong>seriptum</strong></span> <span class='ocrx_word' id='word_1_110' title='bbox 297 2129 334 2172; x_wconf 80' lang='lat' dir='ltr'><strong>cx</strong></span> <span class='ocrx_word' id='word_1_111' title='bbox 357 2111 482 2174; x_wconf 86' lang='lat' dir='ltr'><strong>hebraea</strong></span> <span class='ocrx_word' id='word_1_112' title='bbox 494 2113 596 2191; x_wconf 87' lang='lat' dir='ltr'><strong>lingua</strong></span> <span class='ocrx_word' id='word_1_113' title='bbox 608 2115 640 2174; x_wconf 88' lang='lat' dir='ltr'><strong>in</strong></span> <span class='ocrx_word' id='word_1_114' title='bbox 655 2129 792 2192; x_wconf 63' lang='lat' dir='ltr'><strong>maecum</strong></span> <span class='ocrx_word' id='word_1_115' title='bbox 810 2129 973 2174; x_wconf 67' lang='lat' dir='ltr'><strong>sumnum</strong></span> <span class='ocrx_word' id='word_1_116' title='bbox 995 2117 1117 2174; x_wconf 76' lang='lat' dir='ltr'><strong>reare.</strong></span> <span class='ocrx_word' id='word_1_117' title='bbox 1143 2109 1208 2172; x_wconf 83' lang='lat' dir='ltr'><strong>tioo</strong></span> 
     </span>
     <span class='ocr_line' id='line_1_17' title="bbox 131 2209 1206 2290; baseline 0 -20"><span class='ocrx_word' id='word_1_118' title='bbox 131 2209 353 2287; x_wconf 69' lang='lat' dir='ltr'><strong>uunomum,</strong></span> <span class='ocrx_word' id='word_1_119' title='bbox 377 2213 460 2288; x_wconf 74' lang='lat' dir='ltr'><strong>cujus</strong></span> <span class='ocrx_word' id='word_1_120' title='bbox 475 2213 643 2289; x_wconf 83' lang='lat' dir='ltr'><strong>andqmtsu</strong></span> <span class='ocrx_word' id='word_1_121' title='bbox 664 2217 695 2272; x_wconf 89' lang='lat' dir='ltr'><strong>et</strong></span> <span class='ocrx_word' id='word_1_122' title='bbox 715 2214 858 2290; x_wconf 86' lang='lat' dir='ltr'><strong>genuitatl</strong></span> <span class='ocrx_word' id='word_1_123' title='bbox 884 2212 1003 2277; x_wconf 78' lang='lat' dir='ltr'><strong>mentiri</strong></span> <span class='ocrx_word' id='word_1_124' title='bbox 1026 2209 1206 2288; x_wconf 82' lang='lat' dir='ltr'><strong>nequlmsu,</strong></span> 
     </span>
     <span class='ocr_line' id='line_1_18' title="bbox 130 2307 1207 2388; baseline 0.001 -20"><span class='ocrx_word' id='word_1_125' title='bbox 130 2307 238 2384; x_wconf 67' lang='lat' dir='ltr'><strong>puppe</strong></span> <span class='ocrx_word' id='word_1_126' title='bbox 250 2307 330 2386; x_wconf 82' lang='lat' dir='ltr'><strong>qnod</strong></span> <span class='ocrx_word' id='word_1_127' title='bbox 345 2307 447 2369; x_wconf 89' lang='lat' dir='ltr'><strong>eodem</strong></span> <span class='ocrx_word' id='word_1_128' title='bbox 464 2312 629 2388; x_wconf 84' lang='lat' dir='ltr'><strong>interpretis</strong></span> <span class='ocrx_word' id='word_1_129' title='bbox 644 2311 758 2372; x_wconf 83' lang='lat' dir='ltr'><strong>ceierm</strong></span> <span class='ocrx_word' id='word_1_130' title='bbox 771 2317 944 2386; x_wconf 81' lang='lat' dir='ltr'><strong>enmatum,</strong></span> <span class='ocrx_word' id='word_1_131' title='bbox 958 2311 1055 2370; x_wconf 88' lang='lat' dir='ltr'><strong>innuit</strong></span> <span class='ocrx_word' id='word_1_132' title='bbox 1066 2307 1207 2370; x_wconf 69' lang='lat' dir='ltr'><strong>hammes</strong></span> 
     </span>
     <span class='ocr_line' id='line_1_19' title="bbox 129 2405 1207 2486; baseline 0.003 -21"><span class='ocrx_word' id='word_1_133' title='bbox 129 2406 286 2482; x_wconf 79' lang='lat' dir='ltr'><strong>scriptores</strong></span> <span class='ocrx_word' id='word_1_134' title='bbox 306 2421 434 2484; x_wconf 89' lang='lat' dir='ltr'><strong>omnes,</strong></span> <span class='ocrx_word' id='word_1_135' title='bbox 467 2423 668 2486; x_wconf 84' lang='lat' dir='ltr'><strong>queeeumquo</strong></span> <span class='ocrx_word' id='word_1_136' title='bbox 700 2409 805 2470; x_wconf 84' lang='lat' dir='ltr'><strong>litteris</strong></span> <span class='ocrx_word' id='word_1_137' title='bbox 828 2407 1035 2484; x_wconf 81' lang='lat' dir='ltr'><strong>mandabant,</strong></span> <span class='ocrx_word' id='word_1_138' title='bbox 1069 2421 1086 2467; x_wconf 88' lang='lat' dir='ltr'><strong>a</strong></span> <span class='ocrx_word' id='word_1_139' title='bbox 1115 2405 1207 2468; x_wconf 77' lang='lat' dir='ltr'><strong>veel</strong></span> 
     </span>
     <span class='ocr_line' id='line_1_20' title="bbox 129 2501 1207 2584; baseline 0.004 -20"><span class='ocrx_word' id='word_1_140' title='bbox 129 2501 344 2580; x_wconf 85' lang='lat' dir='ltr'><strong>Prophetarum</strong></span> <span class='ocrx_word' id='word_1_141' title='bbox 365 2505 501 2568; x_wconf 85' lang='lat' dir='ltr'><strong>doctrina</strong></span> <span class='ocrx_word' id='word_1_142' title='bbox 520 2521 641 2584; x_wconf 77' lang='lat' dir='ltr'><strong>mucre,</strong></span> <span class='ocrx_word' id='word_1_143' title='bbox 667 2522 762 2584; x_wconf 79' lang='lat' dir='ltr'><strong>nsque</strong></span> <span class='ocrx_word' id='word_1_144' title='bbox 782 2507 903 2574; x_wconf 83' lang='lat' dir='ltr'><strong>uliunds¹</strong></span> <span class='ocrx_word' id='word_1_145' title='bbox 922 2506 1095 2584; x_wconf 85' lang='lat' dir='ltr'><strong>sapientiam</strong></span> <span class='ocrx_word' id='word_1_146' title='bbox 1112 2501 1207 2568; x_wconf 83' lang='lat' dir='ltr'><strong>ethel-</strong></span> 
     </span>
     <span class='ocr_line' id='line_1_21' title="bbox 129 2601 1206 2681; baseline 0.002 -21"><span class='ocrx_word' id='word_1_147' title='bbox 129 2613 231 2660; x_wconf 88' lang='lat' dir='ltr'><strong>oorum</strong></span> <span class='ocrx_word' id='word_1_148' title='bbox 246 2603 448 2678; x_wconf 73' lang='lat' dir='ltr'><strong>mqulslvisse.</strong></span> <span class='ocrx_word' id='word_1_149' title='bbox 469 2601 622 2680; x_wconf 88' lang='lat' dir='ltr'><strong>Secundo,</strong></span> <span class='ocrx_word' id='word_1_150' title='bbox 643 2607 777 2681; x_wconf 83' lang='lat' dir='ltr'><strong>arguitur</strong></span> <span class='ocrx_word' id='word_1_151' title='bbox 791 2603 951 2680; x_wconf 79' lang='lat' dir='ltr'><strong>detrusos,</strong></span> <span class='ocrx_word' id='word_1_152' title='bbox 966 2601 1055 2681; x_wconf 77' lang='lat' dir='ltr'><strong>hujus</strong></span> <span class='ocrx_word' id='word_1_153' title='bbox 1065 2603 1206 2678; x_wconf 85' lang='lat' dir='ltr'><strong>interpra-</strong></span> 
     </span>
     <span class='ocr_line' id='line_1_22' title="bbox 130 2697 1207 2779; baseline 0.003 -22"><span class='ocrx_word' id='word_1_154' title='bbox 130 2697 169 2758; x_wconf 88' lang='lat' dir='ltr'><strong>tis</strong></span> <span class='ocrx_word' id='word_1_155' title='bbox 190 2712 282 2776; x_wconf 74' lang='lat' dir='ltr'><strong>aeuo,</strong></span> <span class='ocrx_word' id='word_1_156' title='bbox 310 2699 411 2762; x_wconf 84' lang='lat' dir='ltr'><strong>Bibliis</strong></span> <span class='ocrx_word' id='word_1_157' title='bbox 440 2703 551 2778; x_wconf 76' lang='lat' dir='ltr'><strong>gresch</strong></span> <span class='ocrx_word' id='word_1_158' title='bbox 578 2707 708 2762; x_wconf 88' lang='lat' dir='ltr'><strong>assuetos</strong></span> <span class='ocrx_word' id='word_1_159' title='bbox 734 2717 821 2779; x_wconf 86' lang='lat' dir='ltr'><strong>sees,</strong></span> <span class='ocrx_word' id='word_1_160' title='bbox 853 2717 889 2762; x_wconf 85' lang='lat' dir='ltr'><strong>ac</strong></span> <span class='ocrx_word' id='word_1_161' title='bbox 914 2700 1110 2764; x_wconf 77' lang='lat' dir='ltr'><strong>mvrlmcems</strong></span> <span class='ocrx_word' id='word_1_162' title='bbox 1131 2701 1207 2761; x_wconf 83' lang='lat' dir='ltr'><strong>inter</strong></span> 
     </span>
     <span class='ocr_line' id='line_1_23' title="bbox 129 2793 1207 2877; baseline 0.005 -22"><span class='ocrx_word' id='word_1_163' title='bbox 129 2807 180 2854; x_wconf 88' lang='lat' dir='ltr'><strong>eos</strong></span> <span class='ocrx_word' id='word_1_164' title='bbox 193 2793 250 2857; x_wconf 84' lang='lat' dir='ltr'><strong>hae</strong></span> <span class='ocrx_word' id='word_1_165' title='bbox 268 2796 388 2876; x_wconf 81' lang='lat' dir='ltr'><strong>lingue,</strong></span> <span class='ocrx_word' id='word_1_166' title='bbox 409 2799 571 2877; x_wconf 65' lang='lat' dir='ltr'><strong>negenlsse</strong></span> <span class='ocrx_word' id='word_1_167' title='bbox 584 2799 800 2877; x_wconf 67' lang='lat' dir='ltr'><strong>quodammmo</strong></span> <span class='ocrx_word' id='word_1_168' title='bbox 819 2799 984 2876; x_wconf 77' lang='lat' dir='ltr'><strong>Snipurss</strong></span> <span class='ocrx_word' id='word_1_169' title='bbox 997 2799 1093 2875; x_wconf 72' lang='lat' dir='ltr'><strong>putata</strong></span> <span class='ocrx_word' id='word_1_170' title='bbox 1106 2797 1207 2876; x_wconf 83' lang='lat' dir='ltr'><strong>lingua</strong></span> 
     </span>
     <span class='ocr_line' id='line_1_24' title="bbox 132 2891 1206 2974; baseline 0.006 -18"><span class='ocrx_word' id='word_1_171' title='bbox 132 2891 314 2972; x_wconf 74' lang='lat' dir='ltr'><strong>descriptas,</strong></span> <span class='ocrx_word' id='word_1_172' title='bbox 337 2911 373 2956; x_wconf 87' lang='lat' dir='ltr'><strong>ao</strong></span> <span class='ocrx_word' id='word_1_173' title='bbox 386 2898 429 2956; x_wconf 86' lang='lat' dir='ltr'><strong>lto</strong></span> <span class='ocrx_word' id='word_1_174' title='bbox 451 2897 729 2974; x_wconf 80' lang='lat' dir='ltr'><strong>graeeetrunslatae</strong></span> <span class='ocrx_word' id='word_1_175' title='bbox 749 2899 781 2958; x_wconf 90' lang='lat' dir='ltr'><strong>in</strong></span> <span class='ocrx_word' id='word_1_176' title='bbox 797 2913 901 2958; x_wconf 89' lang='lat' dir='ltr'><strong>eorum</strong></span> <span class='ocrx_word' id='word_1_177' title='bbox 921 2913 1027 2958; x_wconf 87' lang='lat' dir='ltr'><strong>manus</strong></span> <span class='ocrx_word' id='word_1_178' title='bbox 1045 2902 1206 2973; x_wconf 76' lang='lat' dir='ltr'><strong>compotit-</strong></span> 
     </span>
     <span class='ocr_line' id='line_1_25' title="bbox 130 2989 1206 3072; baseline 0.004 -20"><span class='ocrx_word' id='word_1_179' title='bbox 130 2989 239 3054; x_wconf 78' lang='lat' dir='ltr'><strong>henam</strong></span> <span class='ocrx_word' id='word_1_180' title='bbox 259 2992 298 3052; x_wconf 86' lang='lat' dir='ltr'><strong>ud</strong></span> <span class='ocrx_word' id='word_1_181' title='bbox 316 2994 398 3072; x_wconf 85' lang='lat' dir='ltr'><strong>volgi</strong></span> <span class='ocrx_word' id='word_1_182' title='bbox 420 2994 624 3056; x_wconf 74' lang='lat' dir='ltr'><strong>emotionem.</strong></span> <span class='ocrx_word' id='word_1_183' title='bbox 654 2997 692 3056; x_wconf 84' lang='lat' dir='ltr'><strong>Et</strong></span> <span class='ocrx_word' id='word_1_184' title='bbox 718 2995 756 3056; x_wconf 90' lang='lat' dir='ltr'><strong>oh</strong></span> <span class='ocrx_word' id='word_1_185' title='bbox 778 2996 835 3058; x_wconf 87' lang='lat' dir='ltr'><strong>hec</strong></span> <span class='ocrx_word' id='word_1_186' title='bbox 859 3000 937 3056; x_wconf 88' lang='lat' dir='ltr'><strong>reete</strong></span> <span class='ocrx_word' id='word_1_187' title='bbox 961 2999 1044 3072; x_wconf 67' lang='lat' dir='ltr'><strong>sium</strong></span> <span class='ocrx_word' id='word_1_188' title='bbox 1072 2994 1206 3056; x_wconf 80' lang='lat' dir='ltr'><strong>Clemens</strong></span> 
     </span>
     <span class='ocr_line' id='line_1_26' title="bbox 131 3087 1205 3171; baseline 0 -21"><span class='ocrx_word' id='word_1_189' title='bbox 131 3087 340 3154; x_wconf 75' lang='lat' dir='ltr'><strong>alexandrinus</strong></span> <span class='ocrx_word' id='word_1_190' title='bbox 356 3097 385 3152; x_wconf 84' lang='lat' dir='ltr'><strong>et</strong></span> <span class='ocrx_word' id='word_1_191' title='bbox 404 3091 532 3153; x_wconf 62' lang='lat' dir='ltr'><strong>munes</strong></span> <span class='ocrx_word' id='word_1_192' title='bbox 549 3091 776 3171; x_wconf 69' lang='lat' dir='ltr'><strong>chrysostomus</strong></span> <span class='ocrx_word' id='word_1_193' title='bbox 800 3094 926 3170; x_wconf 66' lang='lat' dir='ltr'><strong>medam</strong></span> <span class='ocrx_word' id='word_1_194' title='bbox 951 3092 1084 3152; x_wconf 79' lang='lat' dir='ltr'><strong>divinum</strong></span> <span class='ocrx_word' id='word_1_195' title='bbox 1107 3092 1205 3168; x_wconf 79' lang='lat' dir='ltr'><strong>proti·</strong></span> 
     </span>
     <span class='ocr_line' id='line_1_27' title="bbox 128 3186 1205 3268; baseline 0.006 -20"><span class='ocrx_word' id='word_1_196' title='bbox 128 3186 229 3266; x_wconf 87' lang='lat' dir='ltr'><strong>disse,</strong></span> <span class='ocrx_word' id='word_1_197' title='bbox 253 3195 287 3250; x_wconf 90' lang='lat' dir='ltr'><strong>ut</strong></span> <span class='ocrx_word' id='word_1_198' title='bbox 309 3189 475 3267; x_wconf 85' lang='lat' dir='ltr'><strong>Scripturas</strong></span> <span class='ocrx_word' id='word_1_199' title='bbox 499 3197 611 3252; x_wconf 83' lang='lat' dir='ltr'><strong>veteres</strong></span> <span class='ocrx_word' id='word_1_200' title='bbox 631 3207 668 3252; x_wconf 86' lang='lat' dir='ltr'><strong>ex</strong></span> <span class='ocrx_word' id='word_1_201' title='bbox 689 3190 882 3254; x_wconf 78' lang='lat' dir='ltr'><strong>hebraeorum</strong></span> <span class='ocrx_word' id='word_1_202' title='bbox 903 3191 1004 3268; x_wconf 86' lang='lat' dir='ltr'><strong>lingua</strong></span> <span class='ocrx_word' id='word_1_203' title='bbox 1020 3192 1052 3250; x_wconf 89' lang='lat' dir='ltr'><strong>ln</strong></span> <span class='ocrx_word' id='word_1_204' title='bbox 1066 3207 1205 3268; x_wconf 73' lang='lat' dir='ltr'><strong>graecum</strong></span> 
     </span>
     <span class='ocr_line' id='line_1_28' title="bbox 127 3286 1203 3366; baseline 0.007 -20"><span class='ocrx_word' id='word_1_205' title='bbox 127 3286 376 3366; x_wconf 78' lang='lat' dir='ltr'><strong>temslsrrentur,</strong></span> <span class='ocrx_word' id='word_1_206' title='bbox 393 3305 453 3349; x_wconf 86' lang='lat' dir='ltr'><strong>non</strong></span> <span class='ocrx_word' id='word_1_207' title='bbox 472 3291 504 3350; x_wconf 90' lang='lat' dir='ltr'><strong>in</strong></span> <span class='ocrx_word' id='word_1_208' title='bbox 525 3305 618 3350; x_wconf 81' lang='lat' dir='ltr'><strong>usuro</strong></span> <span class='ocrx_word' id='word_1_209' title='bbox 633 3291 763 3366; x_wconf 76' lang='lat' dir='ltr'><strong>gendum</strong></span> <span class='ocrx_word' id='word_1_210' title='bbox 785 3294 920 3365; x_wconf 76' lang='lat' dir='ltr'><strong>tontum,</strong></span> <span class='ocrx_word' id='word_1_211' title='bbox 940 3305 1044 3350; x_wconf 82' lang='lat' dir='ltr'><strong>verum</strong></span> <span class='ocrx_word' id='word_1_212' title='bbox 1063 3288 1203 3353; x_wconf 79' lang='lat' dir='ltr'><strong>hebraeo·</strong></span> 
     </span>
     <span class='ocr_line' id='line_1_29' title="bbox 127 3387 1205 3465; baseline 0.004 -21"><span class='ocrx_word' id='word_1_213' title='bbox 127 3397 196 3444; x_wconf 85' lang='lat' dir='ltr'><strong>rum</strong></span> <span class='ocrx_word' id='word_1_214' title='bbox 217 3399 354 3464; x_wconf 73' lang='lat' dir='ltr'><strong>guoque,</strong></span> <span class='ocrx_word' id='word_1_215' title='bbox 376 3402 446 3448; x_wconf 85' lang='lat' dir='ltr'><strong>com</strong></span> <span class='ocrx_word' id='word_1_216' title='bbox 467 3387 549 3448; x_wconf 80' lang='lat' dir='ltr'><strong>hsud</strong></span> <span class='ocrx_word' id='word_1_217' title='bbox 570 3387 695 3464; x_wconf 82' lang='lat' dir='ltr'><strong>emplius</strong></span> <span class='ocrx_word' id='word_1_218' title='bbox 717 3388 844 3464; x_wconf 82' lang='lat' dir='ltr'><strong>petriam</strong></span> <span class='ocrx_word' id='word_1_219' title='bbox 864 3387 996 3465; x_wconf 71' lang='lat' dir='ltr'><strong>iugum</strong></span> <span class='ocrx_word' id='word_1_220' title='bbox 1009 3393 1151 3451; x_wconf 85' lang='lat' dir='ltr'><strong>tenerent.</strong></span> <span class='ocrx_word' id='word_1_221' title='bbox 1167 3387 1205 3448; x_wconf 81' lang='lat' dir='ltr'><strong>Et</strong></span> 
     </span>
     <span class='ocr_line' id='line_1_30' title="bbox 128 3481 1205 3563; baseline 0.004 -21"><span class='ocrx_word' id='word_1_222' title='bbox 128 3481 161 3542; x_wconf 92' lang='lat' dir='ltr'><strong>id</strong></span> <span class='ocrx_word' id='word_1_223' title='bbox 180 3482 301 3560; x_wconf 77' lang='lat' dir='ltr'><strong>peieclt</strong></span> <span class='ocrx_word' id='word_1_224' title='bbox 316 3487 348 3545; x_wconf 88' lang='lat' dir='ltr'><strong>in</strong></span> <span class='ocrx_word' id='word_1_225' title='bbox 370 3485 445 3546; x_wconf 88' lang='lat' dir='ltr'><strong>iihro</strong></span> <span class='ocrx_word' id='word_1_226' title='bbox 467 3484 571 3546; x_wconf 81' lang='lat' dir='ltr'><strong>Siradr</strong></span> <span class='ocrx_word' id='word_1_227' title='bbox 592 3502 683 3563; x_wconf 88' lang='lat' dir='ltr'><strong>nepos</strong></span> <span class='ocrx_word' id='word_1_228' title='bbox 701 3487 764 3563; x_wconf 62' lang='lat' dir='ltr'><strong>esu</strong></span> <span class='ocrx_word' id='word_1_229' title='bbox 786 3490 905 3546; x_wconf 88' lang='lat' dir='ltr'><strong>centurn</strong></span> <span class='ocrx_word' id='word_1_230' title='bbox 929 3483 989 3546; x_wconf 86' lang='lat' dir='ltr'><strong>iere</strong></span> <span class='ocrx_word' id='word_1_231' title='bbox 1010 3499 1104 3546; x_wconf 84' lang='lat' dir='ltr'><strong>sanos</strong></span> <span class='ocrx_word' id='word_1_232' title='bbox 1128 3491 1205 3560; x_wconf 81' lang='lat' dir='ltr'><strong>post-</strong></span> 
     </span>
     <span class='ocr_line' id='line_1_31' title="bbox 126 3582 1205 3661; baseline 0 -17"><span class='ocrx_word' id='word_1_233' title='bbox 126 3595 217 3658; x_wconf 76' lang='lat' dir='ltr'><strong>quem</strong></span> <span class='ocrx_word' id='word_1_234' title='bbox 234 3582 394 3644; x_wconf 83' lang='lat' dir='ltr'><strong>condamm</strong></span> <span class='ocrx_word' id='word_1_235' title='bbox 418 3584 476 3646; x_wconf 86' lang='lat' dir='ltr'><strong>init</strong></span> <span class='ocrx_word' id='word_1_236' title='bbox 501 3584 558 3646; x_wconf 88' lang='lat' dir='ltr'><strong>hec</strong></span> <span class='ocrx_word' id='word_1_237' title='bbox 580 3600 656 3661; x_wconf 87' lang='lat' dir='ltr'><strong>opus</strong></span> <span class='ocrx_word' id='word_1_238' title='bbox 680 3584 745 3661; x_wconf 87' lang='lat' dir='ltr'><strong>(uti</strong></span> <span class='ocrx_word' id='word_1_239' title='bbox 764 3583 868 3644; x_wconf 67' lang='lat' dir='ltr'><strong>minda</strong></span> <span class='ocrx_word' id='word_1_240' title='bbox 889 3582 1111 3661; x_wconf 74' lang='lat' dir='ltr'><strong>mpliushiturl</strong></span> <span class='ocrx_word' id='word_1_241' title='bbox 1139 3599 1205 3644; x_wconf 90' lang='lat' dir='ltr'><strong>son·</strong></span> 
     </span>
     <span class='ocr_line' id='line_1_32' title="bbox 127 3679 1204 3759; baseline 0 -19"><span class='ocrx_word' id='word_1_242' title='bbox 127 3679 204 3740; x_wconf 78' lang='lat' dir='ltr'><strong>dens</strong></span> <span class='ocrx_word' id='word_1_243' title='bbox 236 3683 400 3743; x_wconf 86' lang='lat' dir='ltr'><strong>maximum</strong></span> <span class='ocrx_word' id='word_1_244' title='bbox 432 3681 573 3742; x_wconf 75' lang='lat' dir='ltr'><strong>hammus</strong></span> <span class='ocrx_word' id='word_1_245' title='bbox 600 3683 663 3744; x_wconf 87' lang='lat' dir='ltr'><strong>suis</strong></span> <span class='ocrx_word' id='word_1_246' title='bbox 691 3697 723 3744; x_wconf 90' lang='lat' dir='ltr'><strong>se</strong></span> <span class='ocrx_word' id='word_1_247' title='bbox 750 3682 937 3750; x_wconf 87' lang='lat' dir='ltr'><strong>commodum</strong></span> <span class='ocrx_word' id='word_1_248' title='bbox 966 3688 1204 3759; x_wconf 73' lang='lat' dir='ltr'><strong>mummolinum</strong></span> 
     </span>
     <span class='ocr_line' id='line_1_33' title="bbox 127 3777 1202 3860; baseline 0 -20"><span class='ocrx_word' id='word_1_249' title='bbox 127 3777 239 3855; x_wconf 78' lang='lat' dir='ltr'><strong>tuisse,</strong></span> <span class='ocrx_word' id='word_1_250' title='bbox 260 3780 410 3840; x_wconf 81' lang='lat' dir='ltr'><strong>umsleds</strong></span> <span class='ocrx_word' id='word_1_251' title='bbox 433 3787 463 3840; x_wconf 90' lang='lat' dir='ltr'><strong>et</strong></span> <span class='ocrx_word' id='word_1_252' title='bbox 482 3781 611 3860; x_wconf 73' lang='lat' dir='ltr'><strong>vrrlgmm</strong></span> <span class='ocrx_word' id='word_1_253' title='bbox 628 3786 691 3840; x_wconf 86' lang='lat' dir='ltr'><strong>tam</strong></span> <span class='ocrx_word' id='word_1_254' title='bbox 708 3783 817 3842; x_wconf 83' lang='lat' dir='ltr'><strong>sanctis</strong></span> <span class='ocrx_word' id='word_1_255' title='bbox 839 3782 889 3842; x_wconf 87' lang='lat' dir='ltr'><strong>avi</strong></span> <span class='ocrx_word' id='word_1_256' title='bbox 901 3783 948 3842; x_wconf 86' lang='lat' dir='ltr'><strong>sul</strong></span> <span class='ocrx_word' id='word_1_257' title='bbox 960 3780 1202 3844; x_wconf 78' lang='lat' dir='ltr'><strong>imminuentem.</strong></span> 
     </span>
     <span class='ocr_line' id='line_1_34' title="bbox 166 3876 1202 3956; baseline 0.003 -19"><span class='ocrx_word' id='word_1_258' title='bbox 166 3876 195 3954; x_wconf 76' lang='lat' dir='ltr'><strong>s.</strong></span> <span class='ocrx_word' id='word_1_259' title='bbox 212 3877 251 3936; x_wconf 90' lang='lat'><strong>11.</strong></span> <span class='ocrx_word' id='word_1_260' title='bbox 267 3877 322 3938; x_wconf 69' lang='lat' dir='ltr'><strong>liu</strong></span> <span class='ocrx_word' id='word_1_261' title='bbox 334 3880 520 3954; x_wconf 82' lang='lat' dir='ltr'><strong>praemissis,</strong></span> <span class='ocrx_word' id='word_1_262' title='bbox 536 3879 736 3956; x_wconf 74' lang='lat' dir='ltr'><strong>dhquueutur</strong></span> <span class='ocrx_word' id='word_1_263' title='bbox 749 3877 818 3940; x_wconf 89' lang='lat' dir='ltr'><strong>libri</strong></span> <span class='ocrx_word' id='word_1_264' title='bbox 833 3885 950 3956; x_wconf 85' lang='lat' dir='ltr'><strong>auctor,</strong></span> <span class='ocrx_word' id='word_1_265' title='bbox 966 3886 1047 3942; x_wconf 77' lang='lat' dir='ltr'><strong>asim</strong></span> <span class='ocrx_word' id='word_1_266' title='bbox 1059 3885 1090 3940; x_wconf 88' lang='lat' dir='ltr'><strong>et</strong></span> <span class='ocrx_word' id='word_1_267' title='bbox 1102 3877 1202 3956; x_wconf 85' lang='lat' dir='ltr'><strong>locus,</strong></span> 
     </span>
     <span class='ocr_line' id='line_1_35' title="bbox 126 3975 1204 4053; baseline 0.001 -15"><span class='ocrx_word' id='word_1_268' title='bbox 126 3975 316 4053; x_wconf 83' lang='lat' dir='ltr'><strong>ejmdemque</strong></span> <span class='ocrx_word' id='word_1_269' title='bbox 335 3977 462 4036; x_wconf 85' lang='lat' dir='ltr'><strong>auctoris</strong></span> <span class='ocrx_word' id='word_1_270' title='bbox 488 3979 564 4038; x_wconf 85' lang='lat' dir='ltr'><strong>ratio</strong></span> <span class='ocrx_word' id='word_1_271' title='bbox 584 3979 616 4037; x_wconf 91' lang='lat' dir='ltr'><strong>in</strong></span> <span class='ocrx_word' id='word_1_272' title='bbox 636 3975 692 4036; x_wconf 87' lang='lat' dir='ltr'><strong>hoo</strong></span> <span class='ocrx_word' id='word_1_273' title='bbox 712 3976 921 4042; x_wconf 86' lang='lat' dir='ltr'><strong>conscribendo</strong></span> <span class='ocrx_word' id='word_1_274' title='bbox 941 3977 1028 4038; x_wconf 87' lang='lat' dir='ltr'><strong>libro.</strong></span> <span class='ocrx_word' id='word_1_275' title='bbox 1052 3977 1137 4053; x_wconf 89' lang='lat' dir='ltr'><strong>Quod</strong></span> <span class='ocrx_word' id='word_1_276' title='bbox 1159 3984 1204 4039; x_wconf 90' lang='lat' dir='ltr'><strong>at·</strong></span> 
     </span>
     <span class='ocr_line' id='line_1_36' title="bbox 125 4073 1203 4152; baseline 0.001 -19"><span class='ocrx_word' id='word_1_277' title='bbox 125 4075 200 4132; x_wconf 89' lang='lat' dir='ltr'><strong>tinet</strong></span> <span class='ocrx_word' id='word_1_278' title='bbox 225 4073 263 4134; x_wconf 87' lang='lat' dir='ltr'><strong>ad</strong></span> <span class='ocrx_word' id='word_1_279' title='bbox 283 4073 477 4134; x_wconf 79' lang='lat' dir='ltr'><strong>Ecclesiastici</strong></span> <span class='ocrx_word' id='word_1_280' title='bbox 503 4080 652 4136; x_wconf 82' lang='lat' dir='ltr'><strong>eucmrsm</strong></span> <span class='ocrx_word' id='word_1_281' title='bbox 672 4117 681 4152; x_wconf 97' lang='lat'><strong>,</strong></span> <span class='ocrx_word' id='word_1_282' title='bbox 712 4073 784 4136; x_wconf 88' lang='lat' dir='ltr'><strong>satis</strong></span> <span class='ocrx_word' id='word_1_283' title='bbox 812 4075 897 4138; x_wconf 88' lang='lat' dir='ltr'><strong>nobis</strong></span> <span class='ocrx_word' id='word_1_284' title='bbox 917 4077 1000 4152; x_wconf 90' lang='lat' dir='ltr'><strong>erit,</strong></span> <span class='ocrx_word' id='word_1_285' title='bbox 1024 4074 1092 4136; x_wconf 82' lang='lat' dir='ltr'><strong>libri</strong></span> <span class='ocrx_word' id='word_1_286' title='bbox 1114 4073 1203 4150; x_wconf 71' lang='lat' dir='ltr'><strong>husius</strong></span> 
     </span>
     <span class='ocr_line' id='line_1_37' title="bbox 126 4171 1204 4251; baseline -0.002 -17"><span class='ocrx_word' id='word_1_287' title='bbox 126 4186 295 4248; x_wconf 75' lang='lat' dir='ltr'><strong>percurmm</strong></span> <span class='ocrx_word' id='word_1_288' title='bbox 319 4171 428 4250; x_wconf 89' lang='lat' dir='ltr'><strong>verbu,</strong></span> <span class='ocrx_word' id='word_1_289' title='bbox 453 4189 529 4250; x_wconf 83' lang='lat' dir='ltr'><strong>quse</strong></span> <span class='ocrx_word' id='word_1_290' title='bbox 549 4175 708 4236; x_wconf 88' lang='lat' dir='ltr'><strong>recitantur</strong></span> <span class='ocrx_word' id='word_1_291' title='bbox 725 4175 757 4234; x_wconf 90' lang='lat' dir='ltr'><strong>in</strong></span> <span class='ocrx_word' id='word_1_292' title='bbox 773 4190 838 4250; x_wconf 89' lang='lat' dir='ltr'><strong>oup.</strong></span> <span class='ocrx_word' id='word_1_293' title='bbox 860 4191 889 4234; x_wconf 84' lang='grc' dir='ltr'><strong>ι.</strong></span> <span class='ocrx_word' id='word_1_294' title='bbox 910 4172 1098 4251; x_wconf 74' lang='lat' dir='ltr'><strong>husjusmodi:</strong></span> <span class='ocrx_word' id='word_1_295' title='bbox 1125 4171 1204 4232; x_wconf 70' lang='lat' dir='ltr'><strong>ello·</strong></span> 
     </span>
     <span class='ocr_line' id='line_1_38' title="bbox 126 4269 1201 4350; baseline -0.001 -17"><span class='ocrx_word' id='word_1_296' title='bbox 126 4272 253 4333; x_wconf 65' lang='lat' dir='ltr'><strong>minem</strong></span> <span class='ocrx_word' id='word_1_297' title='bbox 272 4273 453 4350; x_wconf 86' lang='lat' dir='ltr'><strong>supientiae,</strong></span> <span class='ocrx_word' id='word_1_298' title='bbox 474 4278 503 4332; x_wconf 91' lang='lat' dir='ltr'><strong>et</strong></span> <span class='ocrx_word' id='word_1_299' title='bbox 525 4271 695 4350; x_wconf 74' lang='lat' dir='ltr'><strong>dheiplinee</strong></span> <span class='ocrx_word' id='word_1_300' title='bbox 715 4274 831 4350; x_wconf 83' lang='lat' dir='ltr'><strong>scripsit</strong></span> <span class='ocrx_word' id='word_1_301' title='bbox 852 4274 884 4330; x_wconf 90' lang='lat' dir='ltr'><strong>in</strong></span> <span class='ocrx_word' id='word_1_302' title='bbox 907 4271 1006 4336; x_wconf 87' lang='lat' dir='ltr'><strong>codice</strong></span> <span class='ocrx_word' id='word_1_303' title='bbox 1032 4273 1090 4334; x_wconf 87' lang='lat' dir='ltr'><strong>isto</strong></span> <span class='ocrx_word' id='word_1_304' title='bbox 1114 4269 1201 4332; x_wconf 82' lang='lat' dir='ltr'><strong>tosus</strong></span> 
     </span>
    </p>
   </div>
   <div class='ocr_carea' id='block_1_5' title="bbox 0 0 1552 5176">
    <p class='ocr_par' dir='ltr' id='par_1_5' title="bbox 0 0 1552 5176">
     <span class='ocr_line' id='line_1_39' title="bbox 0 0 1552 5176; baseline 0 2"><span class='ocrx_word' id='word_1_305' title='bbox 0 0 1552 5176; x_wconf 95' lang='lat' dir='ltr'><strong> </strong></span> 
     </span>
    </p>
   </div>
  </div>
 </body>
</html>
