3094 5176
829 387 1009 438 -136-

377 498 609 574 Connistcmum,
631 497 761 556 Lutrona
773 497 836 556 sive
849 496 988 572 frigidam
1001 497 1196 572 lavabam,
1221 497 1450 574 Elaaothcsim,

377 595 595 673 Frigidarium,
618 595 834 671 Propnigenm,
859 594 1099 654 concameratam
1127 594 1340 672 Sudationem,
1368 597 1452 655 Laco

378 698 479 754 uicum
488 701 545 753 etc.
559 695 656 767 Quare
669 699 767 753 autem
779 693 898 753 diuinus
909 693 1156 753 blachnbaeorum
1166 697 1293 770 scriptor
1307 695 1366 753 has
1380 711 1452 772 grae

379 807 481 851 corum
501 793 713 868 institutiones,
735 793 767 850 in
786 792 895 868 populo
915 791 968 850 Dei
989 791 1192 867 proficientes,
1213 793 1397 852 lamentatus
1417 810 1453 852 re·

377 889 499 966 probet,
514 897 618 949 notum
633 893 687 966 sit,
707 891 771 950 loca
786 893 843 949 ista
856 889 1013 966 paulatim,
1034 889 1229 950 invalescente
1241 892 1378 965 rnalitia,
1394 907 1453 949 con·

377 988 486 1062 viriis,
507 987 730 1062 saltationibus,
750 1003 785 1046 ac
803 986 1043 1046 dissolutionibus
1057 987 1192 1047 omnihus
1206 989 1347 1048 nefandis
1369 1006 1405 1048 ac
1416 990 1454 1048 lu·

377 1083 467 1144 dicris
491 1091 593 1160 aptata
612 1084 725 1160 luisse,
751 1086 825 1142 viris
843 1087 952 1159 pariter
972 1100 1040 1142 cum
1063 1085 1235 1144 mulieribus
1256 1088 1289 1143 in
1311 1089 1454 1161 gymnasii

378 1181 485 1240 balnea
509 1181 704 1240 venientibus.
732 1181 845 1240 Plinius
869 1181 908 1240 ob
926 1181 1002 1257 hoc,
1023 1183 1103 1239 omni
1121 1185 1189 1257 jure
1209 1181 1287 1240 libro
1304 1197 1362 1240 xv.
1384 1199 1411 1240 c.
1428 1191 1453 1240 t.

381 1279 472 1337 mate
491 1278 529 1337 ad
551 1279 680 1338 vitruvii
692 1279 928 1355 lllaeothasium,
948 1281 985 1338 de
1002 1287 1109 1339 natura
1121 1280 1177 1338 olei
1190 1280 1312 1340 scribit:
1342 1305 1356 1330 ι
1371 1281 1454 1340 Usum

380 1376 437 1435 olei
460 1376 498 1435 ad
518 1377 665 1436 luxuriam
684 1385 796 1438 vertare
824 1381 920 1454 graeci
942 1381 1233 1465 vitiorumlomnium
1257 1381 1410 1456 genitores
1429 1383 1455 1438 in

379 1477 541 1552 gymnasiis
554 1469 741 1552 publicando.
757 1501 770 1526 ο
796 1476 930 1535 Clemens
943 1477 1180 1553 Alexandrinus,
1199 1485 1229 1535 ct
1242 1477 1415 1554 Cyprianus
1426 1477 1456 1536 de

378 1571 548 1649 hujusmodi
565 1572 711 1634 scandalis
729 1577 845 1652 questi,
867 1574 1058 1652 christianos,
1077 1581 1112 1634 ut
1129 1575 1176 1634 bis
1191 1575 1305 1634 balneis
1333 1574 1457 1634 absum

379 1678 465 1747 rent,
486 1671 727 1732 cohortabantur.

419 1770 505 1843 Quod
531 1777 630 1830 antem
657 1774 699 1830 ait
726 1788 809 1832 sacer
835 1771 992 1832 historicus
1020 1773 1132 1831 inillis
1156 1773 1272 1831 verbis:
1302 1796 1315 1822 ο
1329 1771 1458 1848 Optimos

379 1883 495 1945 quoque
508 1869 687 1945 ephelmrum
703 1875 821 1947 petaso,
842 1871 890 1930 vel
908 1871 1043 1946 lupanari
1056 1869 1245 1946 submittens,
1260 1869 1370 1946 duxit,
1383 1895 1397 1922 ο
1418 1871 1457 1928 io-

379 1969 597 2043 tcrpretandum
617 1974 663 2028 est
683 1971 771 2044 Juxta
796 1972 894 2046 graeei
914 1969 1050 2029 vocabuli
1078 1970 1324 2046 significationem
1346 1970 1456 2032 αίοαοος

375 2069 495 2144 palatos
508 2065 620 2140 oetam,
638 2065 777 2127 andream
790 2083 809 2126 a
820 2073 904 2126 αοτοίο
914 2073 1006 2144 petuo
1014 2067 1155 2142 obtendo,
1173 2067 1297 2127 obduco.
1314 2068 1457 2126 Παιήονα

379 2165 458 2222 enlm
478 2163 643 2240 Stephanus
663 2166 695 2223 ln
715 2165 866 2224 Thesauro
885 2167 1002 2244 linguae
1019 2181 1157 2244 graecae,
1169 2165 1295 2224 subhac
1308 2165 1457 2224 radiccita

378 2264 578 2337 παραπέτασμα
584 2266 799 2340 parapetasmata
812 2263 956 2340 explicat:
984 2264 1198 2324 «Peculiariter
1216 2270 1317 2322 autem
1339 2261 1456 2320 bocno

381 2363 461 2420 mine
480 2370 620 2422 vocatum
639 2363 766 2423 traditur
779 2364 959 2442 quidquam,
981 2365 1061 2441 quod
1074 2363 1229 2438 obtendere
1249 2363 1387 2422 solebant
1402 2379 1455 2420 me·

379 2460 522 2535 retrioes,
544 2476 581 2518 ne
601 2459 639 2519 ab
659 2462 863 2537 amatoribus,
888 2465 939 2539 qni
959 2461 997 2523 ad
1017 2479 1066 2522 eas
1087 2462 1288 2537 accedebant,
1310 2463 1458 2536 conspice·

380 2563 491 2618 rentur.
510 2584 522 2610 »
549 2558 593 2619 Ac
612 2559 679 2618 ideo
693 2563 761 2636 jure
780 2561 1026 2622 Macbabaeorum
1045 2562 1191 2638 Vulgatus
1208 2562 1357 2635 interpres
1386 2559 1459 2618 banc

378 2673 481 2716 vocem
501 2660 532 2716 in
554 2657 684 2736 lupanar
703 2660 876 2737 transtulit,
898 2661 973 2720 idest
992 2660 1048 2720 sub
1061 2667 1211 2736 petasum,
1226 2659 1274 2717 vel
1299 2660 1456 2734 aulaeum,

379 2762 432 2816 aut
458 2755 582 2832 lupanar
608 2757 868 2820 introducebantur
889 2759 993 2836 ephebi
1020 2759 1216 2820 adolescentes
1236 2758 1303 2816 loco
1329 2759 1458 2815 meretri·

379 2867 468 2929 cum,
489 2853 568 2930 quod
588 2863 690 2916 auctor
709 2855 846 2934 divinus,
867 2858 959 2916 veluti
980 2873 1042 2916 rem
1062 2860 1181 2934 impiam
1197 2873 1232 2916 ac
1252 2854 1402 2914 nefariam
1415 2854 1458 2912 de

379 2949 486 3024 plorat.

421 3050 503 3122 Quae
522 3069 591 3112 vero
610 3054 748 3116 dicuntur
768 3063 869 3133 postea
886 3059 917 3114 in
935 3055 1101 3132 Scriptura,
1120 3055 1274 3114 festinasse
1290 3054 1406 3112 scilieet
1418 3069 1458 3110 se

381 3147 511 3208 cerdotes
531 3155 686 3228 participes
707 3154 771 3214 lieri
791 3157 922 3234 injustae
945 3154 1164 3232 praebitionis,
1188 3153 1283 3214 codex
1297 3151 1458 3210 bellenlcus

380 3247 529 3324 inscripsit
550 3253 701 3327 παρανόμου
719 3258 850 3329 χορηγίας
866 3269 1036 3331 porooomu
1049 3252 1209 3329 cboriqios.
1231 3250 1280 3310 Ab
1293 3251 1401 3310 codem
1414 3250 1460 3306 Vi·

380 3349 500 3423 truvio,
527 3347 606 3406 clarc
632 3348 801 3426 hujusmodi
823 3351 968 3429 Choriqio
994 3352 1177 3430 explicantur
1196 3350 1274 3409 libro
1294 3366 1326 3408 v.
1351 3365 1379 3406 c.
1405 3357 1457 3406 aa:
1535 3375 1536 3398 1

385 3469 398 3493 ο
410 3444 481 3504 Post
499 3463 637 3525 scenam,
658 3451 716 3525 ait,
730 3439 859 3526 porticus
873 3457 943 3510 sunt
953 3449 1193 3524 constituendae,
1207 3450 1252 3507 uti
1265 3463 1338 3506 cum
1352 3445 1460 3504 imbres

380 3550 496 3618 repente
516 3545 601 3606 iudos
619 3548 889 3626 interpellaverint,
911 3547 1018 3608 habeat
1030 3547 1154 3623 populus
1167 3561 1226 3622 quo
1246 3561 1278 3603 se
1292 3545 1420 3620 recipiat
1432 3545 1461 3600 in

379 3638 504 3700 theatro.
523 3642 725 3722 choragiaque
738 3646 939 3706 laxamentum
953 3643 1259 3705 babeantadchorum
1273 3641 1459 3718 parandum,
1535 3661 1536 3664 ¹

379 3741 423 3796 uti
436 3747 506 3800 sunt
517 3745 646 3816 porticus
660 3744 847 3822 Pompeiani,
866 3747 994 3821 itemque
1006 3742 1130 3803 Athenis
1144 3743 1275 3818 porticus
1287 3740 1460 3812 Eumenia,

380 3839 528 3914 patrisque
547 3839 644 3900 Liberi
664 3841 777 3901 lanum.
800 3841 892 3901 Porro
910 3843 1030 3918 χορηγία
1053 3839 1189 3917 chortato
1207 3842 1297 3915 juxta
1319 3852 1460 3915 grumos,

380 3940 414 3992 ut
433 3937 511 4011 apud
531 3939 665 3998 eumdem
685 3940 844 4000 ilenricum
864 3946 908 4000 est
927 3939 1049 4014 videre,
1070 3935 1219 4016 significat
1237 3942 1268 3995 ct
1280 3951 1333 3996 eos
1350 3938 1405 4011 qni
1418 3934 1461 3992 lu·

379 4031 485 4092 domm
500 4037 725 4096 instrumentum
740 4037 946 4116 suppeditant,
968 4045 998 4097 et
1011 4037 1125 4113 locum,
1139 4035 1218 4094 unde
1230 4039 1330 4094 totum
1350 4035 1461 4092 instru-

379 4139 510 4192 mentum
530 4138 695 4212 promitur,
715 4138 855 4198 stlocum
869 4153 1005 4215 quoque,
1026 4135 1077 4196 ubi
1090 4137 1172 4196 chori
1186 4135 1328 4208 adstant3
1350 4132 1461 4191 idcirco

378 4235 496 4306 aeetias
517 4233 653 4310 choripos
672 4236 778 4297 dicitur
798 4237 877 4313 dux,
897 4245 928 4297 et
941 4239 1080 4314 magister
1093 4237 1193 4310 ebori,
1215 4241 1245 4294 ct
1255 4237 1380 4311 χορηγία
1394 4229 1459 4288 eleo

379 4330 459 4404 cipio
481 4330 583 4410 locus,
603 4336 633 4392 in
654 4351 713 4411 quo
732 4334 794 4395 ludi
814 4335 900 4396 liunt.
922 4335 981 4396 Cur
1001 4351 1088 4412 porro
1106 4333 1257 4408 Scriptura
1271 4339 1358 4390 vocet
1379 4330 1457 4388 bunc
