3070 5180
538 367 698 417 ...13-

424 568 760 632 PROPOSITIO
789 570 815 629 I.

134 766 184 826 De
206 765 326 828 Gaaoae
344 764 571 845 muruham
591 781 642 826 reu
660 766 694 825 ia
713 767 781 825 smol
794 761 925 841 soederrir
941 762 1103 844 &apuam

213 863 451 942 disquisitiones,
474 881 549 942 quae
567 863 608 923 ad
628 861 716 922 libros
736 866 842 924 veteris
863 865 1029 950 teriamertil

386 960 692 1022 amem-tamarem
712 963 857 1038 spectarat.

114 1155 143 1231 S.
171 1156 200 1216 1.
225 1157 386 1218 Historiam
414 1158 612 1235 evangelicam
636 1156 798 1236 legentibus
824 1155 932 1233 nobis,
954 1154 1164 1232 Apostolorum

80 1253 182 1331 scus,
199 1259 230 1314 et
248 1255 402 1332 Epistulas,
414 1259 508 1332 primo
530 1258 637 1316 intuitu
653 1254 736 1316 nulla
756 1258 882 1316 occurrit
895 1257 1038 1315 sententia
1057 1256 1094 1315 de
1110 1256 1163 1332 lis,

81 1367 151 1428 quae
172 1368 263 1414 suum
278 1359 425 1414 auctorem
441 1353 596 1432 quemdam
611 1371 649 1414 ex
665 1355 741 1431 illis,
762 1357 813 1432 qul
830 1354 925 1414 biblia
942 1353 1074 1414 Secunda
1095 1355 1165 1414 scri·

80 1465 179 1529 prere,
201 1451 366 1529 postulant,
386 1452 465 1530 quod
486 1455 577 1531 siquis
606 1458 708 1514 eontra
734 1452 790 1513 hoc
817 1458 894 1512 stara
913 1453 1018 1529 veliet,
1034 1453 1165 1527 proiecto

82 1549 206 1627 abemus
220 1553 411 1612 commentitii
425 1553 537 1612 inventi
561 1558 662 1612 auctor
688 1551 858 1627 haberetur,
881 1549 960 1627 quod
978 1565 995 1610 e
1015 1552 1091 1610 tanti
1101 1565 1164 1609 mo·

82 1651 172 1708 menti
186 1649 405 1725 quaestionibus
422 1648 509 1727 longe
525 1649 633 1710 distare
649 1650 744 1710 debet.

118 1745 262 1806 Attamen
278 1745 331 1807 abs
343 1763 376 1808 ra
388 1763 448 1807 non
461 1749 517 1808 erit
531 1747 587 1808 hoc
599 1749 631 1807 ln
643 1749 778 1826 negotio,
792 1746 935 1824 quasdam
948 1746 1164 1830 ohservationes

83 1841 194 1920 iacere,
209 1859 287 1920 qaae
299 1843 355 1906 hoc
367 1845 405 1904 ad
420 1850 701 1922 argumentumapte
717 1844 861 1921 quadrare
871 1849 1003 1921 possunt.
1019 1843 1164 1918 Primum,

85 1941 377 2002 animadvertendam
389 1950 434 2002 eat
447 1945 683 2020 quotiescumque
693 1944 725 2000 ln
735 1941 894 2019 Evangelio
908 1943 1073 2001 invenimus
1090 1942 1165 2002 Pro·

82 2037 192 2116 phetae
217 2041 394 2119 diobonmn,
426 2041 621 2120 significatum
642 2042 729 2101 iatius
754 2039 861 2101 habere
887 2040 944 2099 hoo
970 2040 1163 2114 vocabulum,

85 2153 172 2213 quam
191 2139 284 2216 aliqui
300 2141 466 2200 existimare
482 2145 614 2217 possunt.
633 2139 702 2198 ideo
719 2139 791 2198 dum
811 2141 852 2198 ait
865 2137 997 2198 Christus
1015 2138 1099 2197 Jesus
1113 2151 1165 2213 per

86 2234 196 2296 Lucam
204 2253 361 2314 oapxxrv.
371 2263 384 2290 a
395 2239 539 2313 Quoniam
547 2251 662 2298 noemae
673 2243 717 2298 esi
730 2237 844 2313 impleri
854 2239 963 2313 omnia,
976 2251 1050 2312 quae
1058 2237 1166 2309 scripta

87 2339 153 2392 sunt
169 2335 203 2392 in
214 2333 278 2411 lege
288 2335 416 2414 Moysis,
430 2342 460 2397 et
471 2335 634 2412 Prophetis,
648 2334 809 2396 etPsalmis
824 2333 860 2394 de
877 2350 961 2410 mc,»
978 2349 1038 2392 non
1050 2337 1167 2393 tantum

88 2429 123 2488 ad
135 2432 217 2490 viros
236 2431 321 2510 illos,
338 2435 389 2510 qui
407 2432 507 2494 iutma
524 2433 729 2510 praedixerunt
748 2431 804 2491 hoc
822 2448 930 2491 nomen
951 2429 1110 2508 Prophetis
1122 2434 1167 2488 est
1230 2473 1233 2480 .

89 2525 283 2605 referendum,
301 2529 351 2589 sed
368 2532 456 2590 etiam
471 2531 510 2591 ad
528 2533 593 2591 ilios
605 2574 614 2608 ,
626 2533 677 2607 qul
689 2529 880 2590 hebraeorum
896 2535 976 2606 gesta
993 2527 1164 2603 narrabant,

90 2638 122 2682 ac
136 2641 234 2686 mores
254 2626 457 2688 emendabant.
480 2627 724 2706 significationem
744 2635 842 2689 autem
866 2629 999 2687 latiorem
1015 2626 1166 2686 vociPro·

85 2719 177 2796 pheta
184 2721 325 2784 traditam
337 2729 491 2802 testantur,
501 2728 639 2803 primum,
650 2726 792 2785 nonnulla
800 2725 965 2801 scripturae
976 2725 1167 2800 looa,inqui-

90 2815 142 2880 lrns
160 2823 281 2880 nomina
297 2822 453 2899 prophetae
472 2823 598 2884 donatur
618 2829 683 2884 tum
697 2823 797 2883 lutura
815 2823 941 2899 videns,
959 2828 1023 2882 tum
1044 2827 1165 2898 cantor,

91 2923 197 2994 orator,
210 2922 408 2996 panegyrista.
423 2921 544 2996 Insuper
555 2921 675 2980 Flavius
686 2926 788 2980 eontm
800 2919 954 2996 Apionem,
967 2923 1120 2996 postquam
1136 2921 1168 2978 in

91 3029 141 3074 suo
153 3014 273 3076 Gauone
284 3015 444 3078 Bibliorum
456 3017 546 3078 libros
554 3018 666 3096 Moysis
679 3025 794 3094 censet,
809 3018 900 3078 addit:
918 3015 1105 3092 «Prophetae
1118 3019 1170 3094 qui

91 3110 186 3190 Moysi
207 3128 387 3192 successere,
398 3131 445 3174 res
460 3131 515 3176 sua
531 3121 624 3175 aetate
636 3121 731 3192 gestas
747 3115 901 3174 tresdecim
918 3113 1008 3173 libros
1025 3114 1169 3190 complexi

92 3217 174 3286 sunt,
196 3213 228 3269 in
243 3211 347 3288 quibus
363 3211 523 3288 Prophetae
538 3216 602 3273 veri
617 3219 647 3274 et
668 3214 798 3278 historici
817 3215 1033 3272 enumerantur.
1050 3236 1063 3262 »
1079 3211 1171 3270 Prout

92 3309 121 3366 in
140 3309 269 3368 secunda
284 3315 367 3385 parta
383 3311 541 3372 uidendum
557 3315 632 3371 erit.
663 3310 776 3371 Pariter
795 3327 874 3370 nunc
896 3311 1033 3386 temporis
1054 3309 1171 3368 hebraei

93 3404 179 3466 libros
199 3407 324 3484 iosuae,
340 3407 493 3486 iudicum,
512 3409 646 3485 Samuel,
666 3409 779 3486 Regum
799 3425 866 3468 eum
884 3425 984 3468 eorum
1005 3405 1171 3468 auctoribus

96 3508 272 3570 uratum
299 3511 430 3574 nillil:
459 3505 619 3583 Prophetas
646 3509 757 3582 priores
792 3513 900 3566 vocant
923 3549 932 3584 ,
968 3507 1040 3566 alios
1074 3513 1172 3567 autem

94 3597 252 3668 nitrariis
273 3603 465 3677 posteriores.
486 3603 617 3664 Tandem
632 3604 776 3663 helesiae
793 3610 889 3680 patres
898 3603 1022 3682 Moysen
1033 3646 1043 3680 ,
1054 3603 1172 3680 Sapien-

94 3698 147 3756 tiae
163 3696 232 3757 iibri
255 3711 290 3756 ae
311 3695 505 3760 Ecclesiasticl
527 3707 692 3777 auctorem,
711 3701 854 3777 Tobiam,
874 3702 1027 3778 aliosque,
1047 3700 1172 3778 prophe·

94 3798 135 3854 ias
166 3800 354 3872 nuncupant,
375 3799 461 3857 sicuti
479 3800 589 3874 passim
612 3801 644 3858 in
664 3815 766 3860 eorum
790 3801 904 3876 scriptis
923 3799 1009 3858 facile
1027 3806 1071 3858 est
1089 3801 1171 3858 inve·

94 3893 164 3968 niri;
187 3893 353 3969 exquibus
379 3893 566 3956 aSalvatore
595 3902 624 3956 at
645 3897 683 3955 ah
703 3897 869 3973 Apostoiis,
903 3897 1036 3956 iormulis
1062 3896 1173 3954 scilicet

94 3987 266 4067 Scripturae,
283 3989 511 4070 Prophetarum,
528 3992 576 4053 vel
589 3993 778 4071 Prophetiae,
793 3993 994 4072 quodcumque
1007 3993 1173 4069 Scripturae

95 4085 208 4148 diuinas
228 4103 320 4166 genas
339 4089 474 4168 colligere
492 4091 570 4151 iicet.
688 4130 690 4136 ι

131 4185 158 4260 S.
177 4185 216 4244 Π.
236 4185 387 4264 Smundo,
414 4191 602 4264 quantumvis
624 4189 732 4250 Christi
758 4187 889 4266 Apostoli
912 4190 1026 4248 nulium
1042 4187 1172 4248 testimo·

97 4283 283 4344 moneamur
293 4282 597 4365 scripturarumquae
604 4286 904 4350 neuma-canonicas
913 4287 1103 4363 appellantur,
1112 4287 1174 4344 suis
