3094 5176
548 371 727 424 -iue-

103 483 206 540 cerunt
223 477 359 540 veniendi
374 477 577 559 Babylonem,
595 483 659 542 slva
675 480 814 544 manendi
826 479 1003 562 ubicumque
1020 483 1117 570 uallet
1133 488 1178 549 lix

104 576 161 637 boc
182 579 288 656 conjici
303 583 420 656 potest,
440 581 611 658 priusquam
629 580 795 643 incenderet
811 579 1005 644 Nebuaarden
1029 585 1178 660 civiutam

101 682 132 736 et
158 678 378 754 sanctuarium,
391 682 420 738 el
441 677 538 739 tarent
548 679 760 756 suppellectilia
780 697 864 740 sacre
885 687 915 742 et
936 679 1056 743 memlla
1077 683 1179 762 templi

101 773 200 835 delete
212 777 244 834 ln
257 774 430 854 Assyrium,
445 775 640 853 Hieremiam,
656 793 772 854 arcam,
787 778 1029 856 tabernaculum,
1044 787 1074 840 et
1087 781 1179 844 altare

101 874 234 949 incensi,
258 875 412 951 impetrata
425 874 463 934 ab
476 874 578 934 eodem
598 874 815 955 Nabuzardan,
836 879 1022 940 transtulisse
1035 895 1104 940 eum
1116 881 1178 960 sals

101 973 132 1029 in
148 977 298 1048 montem,
317 971 370 1032 ubl
391 973 506 1032 occulte
527 978 607 1034 sunt.
1168 963 1170 970 ’

140 1067 197 1128 Sed
217 1075 331 1146 praeter
350 1071 554 1148 haecomnia,
580 1073 681 1150 magni
694 1072 828 1132 facienda
846 1080 891 1134 est
903 1075 1027 1136 traditio
1037 1081 1178 1153 perpetua

102 1167 313 1243 hebraeorum,
334 1183 432 1246 quae,
453 1176 566 1244 praetor
584 1169 662 1230 bene
682 1170 929 1232 Mechebaeorum
952 1175 1175 1251 anonumum,

102 1279 243 1342 magnum
257 1265 326 1328 hulc
345 1268 389 1325 rai
400 1269 599 1327 testimonium
617 1267 740 1328 confert.
755 1268 844 1346 Apud
856 1285 906 1330 cos
922 1286 1050 1350 namque
1069 1269 1177 1332 adhoc

102 1379 195 1441 usque
218 1379 344 1441 aevum,
365 1367 473 1424 sivein
490 1364 627 1447 Europe,
650 1367 758 1426 sivein
776 1366 865 1443 Asle,
888 1369 950 1428 siue
968 1368 1038 1428 alibi
1051 1367 1175 1448 degant,

100 1459 180 1522 idem
201 1469 361 1539 namatur,
380 1462 460 1539 quod
480 1463 586 1542 legitur
603 1466 635 1522 in
647 1464 703 1524 hoc
716 1463 792 1524 libro
812 1465 848 1524 de
861 1463 1070 1543 tabernaculo,
1089 1481 1175 1545 mco,
1244 1479 1246 1484 ·

102 1564 132 1618 at
154 1557 240 1619 altari
257 1561 288 1618 in
301 1566 402 1620 monte
418 1561 580 1621 occultetis.
603 1561 744 1636 Quemvis
764 1561 849 1640 plura
871 1579 970 1623 recens
983 1563 1175 1626 hebraeorum

100 1657 233 1717 docmina
250 1661 405 1735 instituat,
434 1675 508 1735 quae
523 1675 541 1718 a
558 1663 678 1720 veritate
694 1660 871 1738 abhorrent,
897 1662 991 1721 multu
1013 1668 1111 1722 tamen
1124 1679 1176 1723 ore

96 1756 206 1818 traditu
225 1756 263 1816 ab
281 1758 323 1818 sis
344 1756 489 1834 bierunt,
518 1773 594 1834 ques
617 1775 636 1818 a
657 1761 815 1834 primaevis
840 1760 971 1836 patribus
990 1777 1095 1838 graeco
1122 1777 1174 1821 vo·

98 1853 203 1916 cabulo
216 1857 363 1927 θευτέρωσις
377 1853 537 1916 deuterosis
551 1859 686 1934 repetitio
699 1863 925 1934 nuncupentur,
946 1864 975 1918 et
988 1861 1020 1917 in
1032 1858 1080 1918 his
1093 1859 1176 1938 quid·

98 1968 188 2030 quun
210 1955 343 2014 veritetls
357 1957 510 2032 reperitur.
527 1954 623 2016 Multa
635 1971 751 2034 quoque
765 1955 904 2033 leguntur
918 1958 949 2016 ln
963 1957 1092 2035 epistolis
1105 1974 1174 2036 apo·

97 2055 208 2116 stolicis
227 2061 257 2116 et
277 2056 308 2114 in
322 2054 502 2132 Evangelio,
523 2055 560 2114 de
577 2053 683 2132 qulbus
696 2055 751 2114 etsi
767 2056 880 2132 antiqui
900 2055 1092 2116 hebraeorum
1106 2043 1174 2116 llbrl

96 2152 222 2230 sileant,
253 2159 350 2213 nmen
371 2154 504 2232 magistri
526 2168 695 2231 synagogae
714 2155 745 2212 in
765 2151 892 2213 Talmnd
912 2156 949 2214 lis
971 2153 1059 2216 ildem
1077 2153 1174 2232 perhi-

8 2331 9 2338 ἵ
96 2251 188 2328 beni,
208 2253 295 2311 sicuti
313 2251 383 2312 alibi
403 2257 539 2312 notatum
559 2257 613 2312 est.

135 2348 163 2424 s.
186 2348 223 2409 V.
241 2349 276 2410 ln
290 2365 355 2427 cap.
373 2365 417 2410 iv.
433 2349 578 2428 quaedam
592 2349 717 2410 obscura
733 2351 870 2428 leguntur
884 2353 964 2411 circa
984 2352 1173 2428 gymnadum

98 2453 127 2508 et
144 2447 296 2530 ephebiam
316 2464 367 2524 per
385 2449 525 2510 tasonem
544 2449 665 2510 fratrem
683 2448 792 2526 Ouiae,
810 2449 944 2509 instituta
961 2449 1173 2528 Hierosolymis

96 2553 126 2606 et
144 2548 187 2606 ita
203 2545 310 2608 dicitnr
330 2547 366 2606 de
384 2547 440 2608 hoc
466 2549 551 2608 viro:
587 2548 727 2607 «Etenim
750 2564 840 2610 ausus
870 2554 914 2608 cst
934 2547 990 2608 sub
1015 2549 1080 2624 ipsa
1107 2563 1175 2608 arce

96 2645 283 2722 gymnasium
303 2647 478 2706 consiltuere
496 2650 541 2702 aot
563 2647 624 2709 τούς
651 2645 806 2719 κρατίστους
826 2649 872 2701 τῶν
893 2645 993 2720 ἐφήβων
1014 2647 1170 2701 duorar'cuur

8 2821 9 2834 ἵ
97 2743 147 2800 tet
159 2740 346 2816 sisaeaslyu
366 2747 387 2804 l.
409 2761 436 2805 e.
460 2745 498 2806 Iit
515 2748 641 2824 optimos
661 2747 747 2808 duxit
768 2763 806 2806 ex
822 2746 948 2824 Ephebis
970 2751 1070 2824 petaso
1083 2744 1173 2822 subji-

8 2841 9 2860 ¹
97 2844 177 2903 ciens
188 2885 294 2907 .....
306 2847 349 2906 lta
369 2850 404 2906 ut
422 2844 587 2906 sacerdotes
601 2849 665 2922 jem
680 2861 739 2907 non
754 2847 833 2906 circa
846 2844 947 2905 altaris
964 2843 1063 2908 offlcla
1082 2841 1174 2904 dediti

8 2917 11 2960 ³
94 2947 212 3017 essent,
235 2941 307 3019 sed,
326 2949 493 3020 contempto
514 2943 639 3020 templo,
661 2949 690 3002 ct
707 2941 857 3002 sacrificiis
871 2943 1029 3020 neglectis,
1052 2941 1173 3002 festina·

94 3043 162 3096 rent
183 3038 338 3114 participes
356 3037 420 3098 ilerl
437 3039 621 3116 palaestras,
643 3046 673 3098 et
692 3039 880 3114 praebitionis
893 3041 956 3114 ejus
976 3040 1122 3115 injustae,
1145 3043 1175 3099 et

8 3123 9 3158 ²
93 3136 127 3195 in
147 3135 293 3194 exercitiis
314 3134 397 3196 disci.
414 3160 427 3187 s
448 3135 491 3194 lie
513 3137 676 3212 gymnasiis
698 3151 894 3212 graecorum,
914 3140 944 3194 et
969 3134 1121 3213 epheblis,
1145 3142 1174 3195 et

94 3231 242 3309 palaestm
250 3273 260 3307 ,
282 3246 319 3292 uc
332 3231 434 3310 disco,
455 3233 564 3292 ethnici
577 3233 733 3307 scriptores
747 3232 841 3294 multa
854 3232 1019 3309 tradidere,
1043 3248 1118 3310 quae
1135 3233 1174 3293 ad

8 3321 9 3356 ³
94 3332 173 3394 benc
195 3329 377 3408 scripturam
404 3331 614 3392 enucleandam
639 3329 803 3391 conterunt.
834 3329 1028 3408 Gymnasium
1054 3328 1172 3407 qudem

93 3431 223 3508 primum
242 3432 285 3490 lta
303 3429 481 3507 appellatum
501 3429 558 3490 fuit
574 3447 613 3490 ex
625 3445 680 3506 eo,
704 3429 804 3507 quod,
823 3427 919 3506 (Juxta
933 3444 1070 3506 graecum
1083 3443 1172 3489 uoca-

93 3529 197 3590 bulum
215 3528 312 3603 γιίμνος
333 3527 442 3605 nudae)
458 3528 529 3590 nudi
543 3531 574 3589 ln
588 3532 652 3607 ipso
666 3529 731 3589 loco
748 3532 962 3590 exercerentur.
977 3525 1088 3588 Deinde
1101 3527 1172 3588 'illuc

93 3643 196 3688 omnes
209 3645 226 3688 e
239 3628 353 3690 ciuibus
365 3627 595 3704 conveniebant,
611 3643 647 3689 ao
660 3627 702 3688 ibi
712 3626 849 3688 omnibus
863 3625 976 3686 artibus
987 3667 997 3702 ,
1011 3624 1173 3702 disciplinis

8 3747 9 3754 ¹
93 3726 194 3803 ludis,
218 3727 342 3804 choris,
363 3724 494 3802 balneis,
514 3727 658 3788 conuiuiis
672 3741 792 3802 operam
806 3724 927 3785 dabarm
949 3723 992 3784 lla
1012 3723 1107 3801 ludis,
1120 3724 1172 3801 qui

8 3823 9 3826 ’
91 3821 202 3884 ibidem
221 3823 351 3903 iiebant,
371 3823 459 3884 divus
478 3823 587 3884 Paulus
606 3825 668 3884 suis
685 3825 717 3884 ln
735 3823 873 3900 Epistolis
891 3824 1067 3882 mentionem
1083 3821 1170 3900 iecit,

94 3924 127 3981 in
148 3920 369 3982 similitudinem
384 3924 529 3999 sumptis,
550 3938 598 3982 ex.
615 3937 645 4000 g.
659 3939 667 3980 z
697 3921 772 3982 «Sic
786 3923 837 3998 qul
856 3924 887 3982 iu
902 3936 996 3998 egone
1008 3919 1168 3982 mamone.

92 4019 142 4082 Slc
164 4035 250 4080 curro
269 4036 329 4081 non
353 4021 438 4098 qnasi
460 4023 492 4080 iu
511 4022 666 4080 incertum.
695 4017 744 4081 Sic
765 4034 864 4098 pugno
885 4033 946 4080 nou
967 4018 1052 4095 quasi
1073 4031 1170 4078 aerem

92 4118 253 4182 verberans
272 4126 328 4180 etc.
343 4143 355 4172 s
375 4119 418 4179 Dc
436 4119 588 4196 palaestris
601 4124 701 4180 auum
716 4117 870 4180 Vitruvius
883 4116 959 4178 libro
972 4133 1002 4176 v.
1019 4131 1105 4176 c.x1.
1120 4129 1170 4176 eas

92 4215 278 4297 describens,
296 4218 361 4278 loca
379 4225 530 4294 nuncupat
548 4217 693 4279 venaubi
712 4215 931 4278 exercebantur.
951 4213 1003 4276 uu
1022 4211 1168 4292 Diasion,

91 4317 156 4376 siue
174 4317 353 4376 curriculum
375 4332 428 4393 pro
446 4315 534 4378 studii
556 4315 744 4395 cursoribus,
773 4313 966 4391 prabsuut‚
994 4311 1168 4388 Corlceurn,
