2964 5174
30 418 32 476 >
536 341 717 394 -rot—

29 502 30 530 ,
95 451 233 526 eregione
246 451 519 525 eumpropulemut.
535 449 649 509 »Libro
664 467 703 508 11.
720 465 802 510 num.
824 459 881 510 270
897 451 1091 512 Ecclesiastiei
1105 471 1169 514 ver-

28 539 30 616 )
94 547 227 606 badicit:
245 547 283 621 (l)
306 547 385 606 allai
407 546 509 622 ἑτέρωθι
535 548 562 601 δὲ
583 548 744 622 'yffi-papanem·
769 547 875 621 ἔλεγξον
897 551 988 623 φίλον,
1004 551 1105 622 μήποτε
1126 555 1170 609 οὐκ

28 641 29 660 ¹
95 642 232 722 ἐποίησιν,
246 647 267 702 i.
287 663 312 706 e.
329 645 366 705 st
387 646 444 705 alio
457 648 526 706 item
541 646 605 706 loeo
625 648 764 722 scriptum
774 655 818 708 est
829 666 852 706 :-
866 647 984 724 Corripe
993 653 1119 710 amicum
1133 669 1170 709 nc

92 747 204 823 quando
226 747 335 806 iecerit.
349 769 361 796 ν
391 745 481 803 Libro
507 761 537 803 v.
562 762 644 805 num.
670 753 737 804 182.
761 747 892 806 eamdem
911 747 1090 824 scripturam
1109 749 1170 808 adi-

88 847 142 921 git:
164 844 204 920 (2)
223 869 236 894 a
249 844 272 898 εἷ
289 845 340 916 γάρ
355 846 426 915 δῶμα
446 843 570 914 εἰιτιιφλοῐ
584 843 740 918 ὀφθαλμούς
766 847 865 917 σοφῶν,
881 848 900 905 i,
918 862 944 904 e,
961 845 1078 905 sienim
1093 847 1171 906 dona

87 948 241 1002 mmeeant
259 942 359 1001 oculos
382 943 562 1017 sapientum;
577 943 776 1018 insipientium
792 943 864 1019 quid
881 960 941 1003 non
960 944 1103 1004 iacienti»
1121 947 1170 1003 Lt-

89 1039 136 1098 bro
154 1057 179 1098 1.
202 1055 284 1098 num.
304 1047 341 1097 76
361 1041 392 1096 in
410 1037 468 1097 illis
485 1039 598 1098 verbis:
618 1064 631 1090 ι
645 1039 704 1098 Gur
721 1040 831 1116 lapides
844 1056 905 1099 non
917 1037 992 1100 'feeit
1010 1058 1100 1117 panes
1113 1042 1171 1101 Do-

89 1138 200 1195 minus?
212 1161 224 1187 a
247 1136 340 1196 Divus
358 1137 425 1196 libri
439 1137 602 1212 Sapientiae
617 1137 708 1196 verba
727 1137 842 1214 objicit:
861 1138 898 1213 (3)
918 1162 931 1188 ιι
943 1137 1000 1198 Sed
1019 1141 1089 1215 quia
1102 1144 1172 1215 peti-
1208 1129 1213 1142 ’

86 1236 122 1292 tio
135 1251 218 1294 vana
234 1239 312 1309 erat,
327 1239 355 1293 et
372 1237 493 1310 petitore
509 1235 618 1312 digna,
641 1237 707 1297 (νεός
722 1238 774 1306 γάρ
790 1237 875 1289 πάντα
896 1235 1005 1310 σταθμοῖ
1020 1238 1063 1291 και·
1088 1237 1172 1309 μέτρῳ

86 1335 127 1387 aar·
144 1333 229 1406 χρείᾳ
245 1331 407 1409 χαρίζεται,
422 1335 443 1392 i.
460 1349 486 1392 e.
505 1333 583 1394 Deus
603 1335 681 1393 enim
704 1336 803 1392 omnia
820 1337 851 1392 in
869 1334 996 1410 pondere
1014 1340 1043 1393 et
1055 1351 1171 1393 mensu·

86 1447 132 1506 m,
155 1437 189 1489 et
206 1431 377 1489 necessitate
395 1431 557 1507 largitur.»
574 1431 619 1490 Ειι
633 1431 736 1490 eodem
753 1431 827 1490 libro
840 1431 933 1508 haee,
953 1447 1027 1508 quae
1045 1447 1170 1506 sequun-

83 1535 141 1603 tur,
160 1527 202 1604 (4)
220 1528 363 1604 legimus:
383 1552 394 1578 a
411 1529 446 1582 Οἱ
459 1531 511 1600 γοὶρ
523 1527 631 1592 ἀσεβεῖς
654 1527 786 1604 σπινθῆρα
805 1528 956 1599 νομίσαντες
976 1527 1042 1584 εἶναι
1059 1532 1105 1589 τήν
1120 1529 1172 1600 dra

81 1627 147 1698 χήν,
163 1622 196 1678 οὖ
216 1623 429 1688 anastasiam,
449 1627 482 1688 ὦς
505 1623 625 1700 ἔφασαν,
649 1625 729 1699 σε’φροι
747 1624 914 1691 ἀποβήσεται
930 1627 960 1678 ιδ
980 1629 1073 1699 σῶμα,
1093 1630 1169 1698 μόνον

84 1718 205 1772 stivam
230 1717 377 1791 νομίζοντες
392 1755 400 1782 ,
417 1718 454 1789 μή
474 1719 600 1791 apiacam
621 1722 646 1774 δὲ
665 1717 772 1792 (ταῦτα
790 1720 840 1793 γάρ
859 1720 884 1773 ἕν
910 1719 1171 1794 τῇἔσιγεγριιμμένῃ

84 1809 168 1885 Σοφίᾳ
188 1810 351 1882 Σολομόντος
367 1809 499 1882 εἰρήκασιν
521 1812 553 1874 ὦς
575 1809 669 1867 οἶσθα·
688 1813 711 1865 εἴ
729 1812 755 1866 δὲ
774 1813 877 1886 ἀγνοεῖς
894 1850 902 1878 ,
921 1811 1007 1876 λαβών
1026 1812 1095 1885 μιτοὶ
1111 1813 1169 1885 χεῖ-

81 1923 124 1974 ρας
150 1903 184 1955 aa*
200 1900 304 1966 llrfila'ar
320 1898 395 1974 εἴσῃ)
417 1901 487 1955 οὐδέν
508 1902 639 1972 ιῖιιροιιισον
659 1901 762 1958 εἴασαν·
785 1905 817 1969 ὦς
836 1904 888 1977 *yde
907 1903 999 1974 μηκέτι
1025 1902 1089 1957 ὄντει
1105 1904 1172 1974 paral

84 1991 209 2056 θάνατον,
230 1993 315 2047 naim
334 1994 390 2065 δρᾷν
413 1995 445 2047 σοὶ
471 1993 620 2066 αἰσχύνης,
644 1997 689 2048 καί
717 1994 851 2060 θανάτων,
878 1997 923 2048 καί
951 1995 1080 2056 κολάσεως
1110 1993 1173 2061 ἄξιοι

83 2085 251 2156 ἐπεχείρουν,
264 2086 395 2157 λέγοντες,
411 2084 477 2144 αὕτη
492 2087 509 2144 η’
525 2087 598 2159 μερὶς
619 2086 698 2156 ἡμῶν,
716 2087 761 2140 καὶ
783 2087 795 2140 ὅ
820 2089 913 2157 κλῆρος
931 2083 1017 2148 οὗτος,
1034 2087 1054 2142 l.
1070 2100 1096 2142 e.
1113 2085 1171 2142 Im·

82 2184 119 2256 pii
134 2188 237 2240 autem
253 2183 410 2242 scintillam
428 2185 628 2242 existimantes
647 2199 710 2242 esse
730 2184 878 2256 animam,
898 2198 956 2257 qua
976 2184 1119 2255 extincta,
1138 2188 1171 2240 ut

80 2279 239 2354 dixeram,
258 2282 331 2340 cinis
351 2280 456 2340 evadet
471 2296 588 2356 eorpus,
607 2281 703 2338 solum
718 2283 793 2339 mori
801 2282 983 2356 cogitantes,
998 2296 1057 2337 non
1072 2285 1170 2338 autem

79 2377 220 2452 judicari,
238 2376 325 2451 (haec
342 2380 420 2436 enim
433 2381 464 2436 in
478 2377 571 2454 libro,
586 2380 638 2453 qui
651 2377 799 2454 Sapientia
812 2377 975 2436 Salomonis
988 2377 1169 2451 inscribitur,

82 2473 239 2550 dixerunt,
261 2482 294 2534 ut
312 2479 408 2551 nosti,
433 2476 512 2552 quod
532 2478 557 2535 si
577 2477 671 2534 nescis
683 2518 692 2552 ,
706 2479 738 2533 in
756 2491 861 2534 manus
880 2481 996 2550 sumpto
1014 2473 1088 2532 libro
1115 2490 1168 2531 no-

82 2572 174 2648 veris)
200 2571 274 2630 nihil
302 2573 442 2632 iniectum
460 2575 648 2650 reliquerunt.
671 2573 762 2633 Sicuti
782 2577 860 2632 enim
876 2573 949 2631 nihil
968 2575 1087 2647 insuper
1102 2579 1170 2647 post

82 2677 208 2730 mortem
226 2673 387 2746 cogitantes
401 2688 479 2747 esse,
494 2675 593 2732 omnia
611 2673 706 2732 facere
719 2671 982 2748 aggrediebantur,
1002 2687 1076 2746 quae
1090 2672 1171 2745 igno-

81 2771 174 2826 minia
185 2811 195 2843 ,
208 2774 321 2842 morte,
336 2783 369 2826 ae
387 2785 480 2844 poena
499 2770 589 2845 digna
606 2776 690 2829 erant
701 2813 709 2845 ,
720 2770 863 2828 dicentes:
881 2769 960 2827 llaec
975 2783 1044 2842 pars
1056 2773 1169 2842 nostra,

81 2872 109 2924 et
130 2865 297 2924 baereditas
315 2868 382 2924 ista.
398 2891 410 2916 υ
429 2865 509 2925 llaec
525 2867 562 2925 de
581 2867 681 2926 multis
701 2866 862 2926 bibliorum
878 2866 1070 2925 Deuterorum
1089 2866 1170 2923 testi·

15 2989 17 2996 ·
81 2965 190 3022 moniis
211 2979 230 3021 a
249 2963 319 3022 divo
341 2964 453 3022 Isidoro
473 2965 602 3024 collectis
624 2963 786 3041 satisfiunt,
810 2971 844 3024 ut
866 2964 1003 3040 probetur
1021 2979 1079 3038 qua
1093 2977 1172 3020 men·

81 3067 109 3120 te
126 3067 158 3119 et
174 3059 233 3119 fide
252 3061 353 3119 eadem
372 3063 602 3138 excogitaverit,
624 3065 840 3137 descripserit,
862 3075 994 3137 quaeque
1012 3063 1111 3118 omnia
1124 3075 1170 3118 sa·
1237 3125 1245 3139 ,

81 3159 230 3234 pientibus
248 3159 345 3218 verbis
367 3162 573 3236 praecesserit,
599 3160 637 3219 ad
657 3161 768 3237 Cyrum
789 3159 826 3218 de
848 3159 1002 3217 Canonicis
1021 3157 1103 3216 libris
1127 3158 1170 3216 lo-

82 3263 185 3317 cutus:
205 3257 243 3332 (5)
264 3257 438 3333 «Scriptura
457 3260 571 3334 omnis,
590 3247 666 3335 duae
683 3261 821 3333 pietatem
833 3256 915 3316 velut
932 3255 971 3314 ob
991 3254 1090 3312 oculos
1107 3269 1172 3329 pro-

82 3359 209 3431 positam
225 3355 331 3430 babet,
347 3355 545 3431 pulcherrima
566 3361 628 3432 est,
651 3325 859 3431 laudibusque,
881 3359 968 3429 atque
986 3349 1171 3410 commenda-

81 3457 161 3514 tione
179 3455 281 3531 dlgna.
304 3453 496 3514 sacrosancta
517 3459 615 3514 autem
633 3453 803 3528 volumina,
822 3467 897 3528 quae
918 3450 1085 3509 divinarum
1099 3447 1172 3506 Seri-

81 3560 237 3628 pturarum
253 3554 451 3611 testimonium
471 3552 598 3628 babent,
616 3551 712 3611 scalae
728 3551 873 3626 quaedam
900 3555 988 3624 sunt,
1007 3545 1113 3622 quibus
1134 3546 1173 3604 ad

82 3649 177 3709 Deum
196 3649 372 3708 ascenditur.
395 3649 591 3722 Quamobrem
607 3665 642 3708 ea
661 3651 772 3724 omnia,
790 3664 866 3724 quae
882 3649 913 3706 in
925 3646 1054 3706 Ecclesia
1066 3659 1171 3720 propo·

81 3755 215 3823 nuntur,
237 3753 387 3823 tamquam
410 3747 536 3824 probum
558 3763 663 3806 aurum
681 3749 800 3822 excipe,
821 3752 856 3804 ut
875 3761 949 3821 quae
974 3744 1075 3802 divium
1095 3743 1171 3800 veri·

81 3849 150 3905 tatis
171 3845 298 3922 Spiritu,
317 3846 399 3904 velut
413 3848 492 3922 igne,
507 3851 632 3921 purgata
642 3850 719 3904 sunt.
741 3846 822 3918 Quae
836 3850 935 3902 autem
951 3849 1035 3900 extra
1051 3840 1107 3898 hoc
1121 3853 1172 3896 vo-

80 3944 181 4005 lumen
200 3943 466 4020 circumieruntur,
488 3945 602 4003 etianrsi
616 3942 777 4019 quidquam
792 3941 940 4016 babeant,
958 3937 1037 4016 quod
1051 3937 1089 3997 ad
1103 3952 1170 4012 gra·

109 4191 144 4254 (l)
161 4189 227 4242 licei.
240 4205 262 4242 c.
275 4195 341 4242 iiix.
357 4199 393 4243 13.
408 4219 439 4230 -
451 4191 486 4256 (ν)
504 4193 570 4243 Eccl.
583 4205 605 4242 e.
620 4193 672 4241 XX.
685 4197 723 4242 ti.
737 4217 767 4230 ·-
780 4190 814 4254 (ιι)
827 4192 883 4252 Sap.
896 4191 963 4237 cxl.
977 4194 1015 4237 il.
1027 4183 1102 4248 -(l)
1113 4185 1172 4247 Sap·

82 4285 135 4336 esp.
145 4274 178 4322 ΙΙ,
194 4279 214 4322 i.
229 4273 304 4334 -(t)
316 4275 493 4337 Tomemos.
