3086 5182
535 403 575 416 ...
596 378 632 432 gp
654 403 694 417 ..

85 485 171 562 pruris
190 487 324 561 eruitur,
345 485 424 564 quod
444 485 603 566 quidquam
617 487 801 552 obscuritatis
821 489 904 552 addit
922 493 1081 571 interpreti.
1097 493 1154 554 No·

83 582 199 646 modurn
215 585 336 662 insuper
355 591 419 661 est,
448 601 515 646 oum
536 585 654 648 hebraei
673 601 733 646 una
752 601 819 648 cum
848 585 951 648 Pierio
970 587 1156 652 rescidissent

81 697 169 742 annos
187 681 374 744 amnerebiee
391 697 564 760 persarum,
585 685 674 744 etiem
696 683 861 746 sacerdotes
880 700 1030 763 summos,
1051 689 1102 766 qni
1120 703 1155 770 eo

81 783 204 856 tempore
231 781 422 842 ministerium
449 796 566 842 morum
585 783 617 840 in
642 780 754 842 iudaea
777 779 984 860 perilciebeni,
1014 782 1155 846 oblivioni

81 875 230 938 mandatos
250 874 363 954 foisse3
385 876 506 955 ideoque
524 875 609 940 nobis
629 894 666 938 ex
688 878 745 940 iilis
764 878 837 940 nibil
858 885 902 942 est
921 879 1081 944 eruendum
1101 897 1154 960 pro

81 971 197 1034 historia
224 973 347 1051 iudith,
375 989 469 1052 neque
488 973 526 1036 de
544 975 712 1053 sacerdote,
738 977 788 1054 qui
809 975 867 1040 iilis
895 975 997 1040 diebus
1023 985 1156 1056 praeerat

80 1069 267 1132 Hierusalem.
289 1069 343 1133 llis
364 1070 455 1134 addas
475 1087 591 1150 quoque
610 1075 642 1132 in
662 1071 819 1152 seripturis
839 1089 899 1134 non
919 1072 1020 1136 haberi
1040 1074 1155 1136 ordina·

80 1169 131 1228 tim
149 1169 269 1229 nmmos
287 1184 468 1230 summorum
480 1169 652 1247 meatem
668 1170 760 1248 adeo,
782 1178 815 1234 ut
827 1187 863 1232 ex
878 1173 914 1232 iis
934 1169 1050 1234 denerat
1058 1175 1155 1258 possit

79 1266 163 1326 series
176 1281 341 1343 annorum,
355 1273 385 1328 ei
398 1283 494 1328 rmum
506 1309 518 1345 ,
530 1282 605 1346 quae
617 1267 673 1330 sub
685 1283 786 1330 eorum
801 1267 962 1332 saoerdoiio
974 1269 1152 1336 andierunt.

79 1363 189 1424 litenim
215 1365 369 1441 scriptores
396 1363 507 1442 diuini,
529 1365 644 1428 iliorum
665 1365 863 1446 genealogiam
883 1373 1051 1448 censentes,
1073 1367 1162 1434 hand:

80 1477 189 1538 semper
209 1463 300 1524 seouii
320 1469 389 1527 sunt
408 1465 604 1526 suooeeelvam
623 1469 653 1524 et
672 1463 780 1526 realem
800 1467 1014 1544 generationem
1042 1469 1153 1546 patris,

78 1565 107 1622 et
118 1559 169 1620 iiiii
187 1565 217 1622 et
231 1563 343 1638 nepotis
357 1568 387 1622 et
398 1563 440 1622 sie
453 1563 603 1638 vieissim,
624 1561 676 1622 sed
688 1561 846 1641 aliquando
860 1562 1008 1626 aemulus
1026 1571 1153 1652 praetem

77 1659 187 1735 missis,
208 1675 245 1722 ex
265 1667 347 1735 petro
375 1659 414 1720 ad
433 1665 583 1738 nepotem,
605 1659 652 1722 vel
666 1662 753 1722 edam
767 1661 888 1724 ulterim
908 1660 1053 1742 progressi
1072 1670 1152 1728 sunt.

78 1747 225 1834 Siquidem
244 1756 419 1820 vocabulum
440 1760 579 1836 gignere,
600 1773 652 1820 seu
672 1773 809 1836 generare
829 1761 860 1820 in
880 1758 962 1820 libris
977 1759 1153 1838 propheticis

76 1869 133 1914 non
153 1855 250 1916 innuit
268 1869 381 1932 semper
401 1858 599 1918 suooessivam
616 1858 830 1934 generationem
843 1857 935 1936 petris
954 1857 1043 1940 relate
1062 1855 1101 1920 nd
1119 1857 1154 1935 ii7

11 1961 12 1968 ’
76 1951 166 2030 lium;
187 1952 239 2014 sed
259 1969 345 2031 saepe
364 1952 472 2016 dioltrst
491 1953 659 2033 simpliciter
673 1953 710 2016 de
722 1953 801 2018 iiim
815 1957 948 2034 prosapie
968 1961 1082 2034 praeter
1094 1962 1152 2019 ier·

11 2043 12 2054 ’
75 2051 185 2112 minum
205 2066 292 2112 verae
308 2051 513 2129 gmmatiooie.

11 2131 12 2164 ³
112 2149 140 2223 S.
161 2148 242 2210 xiv.
264 2149 406 2235 Expensis
426 2148 582 2227 omnbus,
603 2165 679 2228 quae
695 2149 732 2210 ad
752 2149 884 2212 ordinem
898 2167 998 2212 saeree
1016 2151 1154 2215 historiae

11 2231 12 2242 ’
74 2245 272 2323 pertinebant,
294 2253 323 2306 et
343 2249 509 2325 aggeratis,
531 2247 629 2324 quoad
644 2250 814 2328 potuimus,
838 2249 894 2310 viis
913 2249 952 2312 nd
971 2251 1153 2328 perspicuam

72 2343 200 2420 eiusdem
212 2344 351 2406 historiae
364 2344 574 2422 assequendam
589 2348 806 2424 narrationem,
828 2345 886 2408 alia
899 2351 1054 2425 supersunt
1064 2345 1152 2410 modo

70 2441 276 2530 disquirenda,
300 2459 393 2522 neque
414 2445 536 2506 ndnoris
555 2442 736 2509 dliiieultatis
762 2450 791 2505 et
818 2446 977 2523 momenti,
1003 2459 1078 2530 quea
1107 2459 1152 2506 re·

11 2533 12 2538 ’
71 2540 197 2616 spieiont
209 2539 338 2602 mulieris
351 2539 493 2601 hebraeae
505 2543 650 2604 ineassum
661 2547 691 2602 et
703 2547 798 2620 aetus,
813 2548 876 2602 tum
890 2557 958 2604 omo
973 2557 1009 2602 ea
1020 2540 1058 2602 ab
1071 2543 1152 2602 omni

71 2653 124 2716 spe
142 2637 245 2701 salum
259 2653 330 2700 suae
342 2637 514 2718 israelisqoe
528 2639 657 2720 dejeote,
679 2639 795 2714 iremus
813 2639 900 2704 audet
914 2639 1083 2718 heroicum,
1103 2655 1150 2700 sa·

71 2737 165 2814 tisqm
184 2737 290 2798 mirum
311 2742 341 2798 et
360 2739 459 2800 animo
477 2736 602 2802 delicato
621 2744 783 2816 praestans.

110 2833 284 2912 Huiusmodi
305 2849 395 2912 porro
413 2838 456 2896 ita
479 2851 511 2898 se
535 2834 645 2899 babent
665 2834 768 2908 iudith
788 2837 942 2916 amianas,
962 2834 1152 2898 eoronabis

67 2929 186 2992 exbibet
205 2947 286 3002 saeer
301 2931 381 2995 iliius
401 2932 577 3011 historicus,
598 2939 632 2996 ut
644 2933 1027 3022 adversarlioiieodentur,
1047 2935 1154 3015 quippe

66 3031 99 3090 ln
120 3031 182 3108 eins
203 3028 323 3092 historie
342 3029 538 3107 adprobantur
558 3047 617 3108 ea,
638 3047 714 3110 quae
734 3032 799 3092 aliis
820 3033 850 3095 in
871 3029 1027 3108 seripturis
1048 3037 1150 3094 veten-

64 3133 126 3190 tur.
155 3125 205 3190 Uti
229 3144 277 3188 es.
293 3145 324 3207 g.
347 3127 532 3190 mendesium
547 3169 558 3204 ,
572 3127 676 3206 dolus,
693 3127 796 3190 oaedes
810 3127 1036 3206 praemeditata,
1061 3144 1152 3205 quam

67 3227 134 3304 ipsa
149 3225 301 3288 llololemi
322 3225 440 3302 intulit,
460 3225 575 3302 aliaque
588 3223 755 3302 hujusmodi
775 3223 920 3301 descripte
938 3226 1017 3284 eirea
1028 3239 1150 3284 eonver-

63 3325 210 3386 sationem
232 3323 336 3388 iodim
355 3338 424 3389 oum
452 3322 553 3384 eodem
573 3321 647 3384 duee
675 3323 876 3401 assyriorum,
899 3337 974 3400 qnae
1000 3319 1149 3411 divinitati

62 3420 134 3482 libri
154 3421 291 3484 sidentur
311 3422 437 3484 obstare
455 3421 583 3498 iieipsa,
605 3427 639 3483 ut
657 3422 789 3482 innuitur
802 3419 933 3498 ibidem,
954 3418 1057 3481 iudith
1071 3435 1087 3480 e
1101 3417 1152 3480 lle-

63 3517 163 3580 tbolia
172 3534 300 3597 egressa,
314 3518 480 3582 iioioiernis
493 3525 590 3580 castra
604 3520 800 3596 pertransiens
815 3519 972 3580 tentorium
986 3515 1064 3577 iliius
1079 3515 1150 3579 edit

60 3615 173 3678 Coram
199 3619 263 3694 ipso
284 3617 357 3680 adeo
385 3617 510 3695 pulehre
528 3623 558 3678 et
576 3623 715 3696 compta,
745 3623 779 3679 ut
798 3623 949 3698 oamrmor
977 3616 1100 3694 quisque
1120 3616 1151 3678 ln

60 3713 161 3776 oeulis
179 3716 262 3792 sois,
284 3713 417 3776 nonnihil
446 3713 614 3778 Holofernis
634 3717 710 3778 irem
731 3713 833 3792 sedat,
862 3713 944 3776 duris
964 3715 1103 3799 virtutem
1123 3719 1153 3774 et

58 3813 143 3890 regis
164 3811 444 3874 Nsbuebodonosorl
456 3814 614 3890 potentiam
635 3813 769 3891 extollitq
790 3813 888 3892 arguit
907 3811 1046 3891 populum
1067 3826 1152 3874 suum

58 3909 99 3970 de
112 3925 171 3987 eo,
186 3909 265 3988 qnod
277 3908 408 3974 iaetoros
424 3917 517 3987 esset,
539 3909 706 3974 idoioierois
722 3927 803 3989 spem
815 3913 903 3990 erigit
921 3908 1082 3987 oeeupandi
1099 3908 1151 3970 Ju-

55 4007 188 4084 daeam,
209 4023 334 4086 eumque
347 4006 475 4070 ducendi
495 4009 526 4068 in
547 4009 675 4070 medium
692 4008 895 4088 Hierusalem,
916 4009 1056 4088 quoniam
1070 4005 1149 4068 ileos

52 4107 121 4182 eit,
145 4105 280 4168 hebraeis
294 4108 398 4184 irem,
414 4105 575 4171 tradituros
586 4122 638 4168 eos
655 4109 773 4174 oseem
788 4123 892 4170 manus
907 4107 1097 4186 assyriorum.
1116 4104 1153 4164 Et

51 4205 121 4266 alin
143 4204 255 4268 ibidem
276 4205 360 4267 addit
390 4205 480 4266 verbe
500 4205 643 4266 illusionis
668 4223 766 4268 eorem
786 4207 943 4270 Holoferne
971 4204 1154 4286 usquedum

50 4303 222 4384 deeeptus,
242 4321 293 4384 per
314 4305 444 4370 mrrlieris
468 4321 573 4368 manus
588 4304 769 4368 interileitor.
