2964 5174
505 397 680 450 ¹—57-

73 509 142 566 niam
160 505 299 566 videbitis
313 507 354 566 lhl
366 506 434 565 deos
455 521 558 565 aureos
579 513 609 565 et
623 511 773 583 argenteos
790 508 900 582 portari
919 509 950 564 in
970 507 1108 569 humeris.
1126 535 1138 560 a

6 611 8 744 ι
102 606 208 666 Ibidem
227 607 300 682 Cap.
314 624 434 665 xxxrn.
449 607 486 666 de
500 607 620 665 Daniele
632 613 662 665 et
674 605 822 665 Ezechiele
837 609 869 664 in
890 610 1057 682 captivitate
1076 625 1140 684 pro·

6 753 8 800 ,
70 705 254 779 pietantihus,
270 721 303 763 nc
315 705 351 763 de
363 707 449 780 primi
460 704 622 763 visionibus
631 705 757 779 locutus,
771 706 876 780 inquit:
892 706 946 762 «ln
955 708 1061 782 prima,
1072 723 1140 765 aon-

6 801 8 870 l
70 811 105 860 tra
124 803 288 877 impudicos
314 807 441 861 seniores
461 806 624 862 castitatem
648 802 799 860 Susannae
819 803 957 862 defendit.
978 805 1022 860 ln.
1036 810 1141 880 quarta

6 883 8 934 l
68 902 163 958 visione
173 901 253 957 inter
268 901 342 974 alia,
358 906 455 958 censet
464 900 611 976 quomodo
624 905 684 957 tres
702 902 785 974 pueri
800 899 895 958 illaesi
909 900 1053 976 hymnum
1066 903 1140 976 Regi

71 1011 128 1054 vero
152 996 226 1055 duan
247 1003 385 1056 canerent
407 999 440 1053 in
458 997 554 1055 medio
573 999 699 1071 camini,
723 1013 821 1055 secum
838 996 933 1054 silium
960 997 1013 1054 Dei
1033 996 1141 1056 hahere

69 1101 234 1152 meruerunt.
256 1119 269 1143 »
291 1093 335 1152 De
356 1111 435 1153 nona
454 1096 581 1170 visione,
597 1094 688 1152 verba
705 1093 815 1152 iaciens
836 1093 872 1152 de
892 1093 958 1168 his,
978 1079 1029 1168 qni
1043 1097 1139 1169 ipsum

6 1225 7 1230 κ
67 1192 196 1250 mamati
209 1198 296 1250 erant
308 1191 470 1267 Danielem,
488 1194 543 1249 ait:
565 1215 576 1242 ι
594 1190 628 1249 Ιιι
642 1190 690 1250 his
706 1193 795 1250 etiam
809 1193 941 1266 suppleta
956 1197 1000 1248 est
1014 1191 1138 1266 prophe-

68 1289 99 1346 tia
109 1288 143 1363 (1)
153 1287 273 1348 dicens:
290 1289 372 1361 -Qui
382 1289 499 1348 foveam
512 1288 586 1347 fodit
600 1291 750 1364 proximo,
763 1289 872 1346 incidet
890 1290 922 1346 in
944 1305 1026 1364 eam,
1048 1293 1077 1346 et
1087 1291 1138 1364 qui

6 1439 8 1444 ,
70 1389 163 1444 statuet
184 1386 326 1462 laqueum
339 1387 483 1461 proximo,
505 1385 610 1460 peribit
629 1388 660 1443 in
680 1386 740 1444 illa.
754 1409 766 1436 v
784 1386 819 1444 ln
836 1385 1008 1444 duodecima
1027 1387 1140 1444 visione

6 1469 8 1500 ¹
70 1484 204 1555 speciatim
220 1483 261 1559 (2)
277 1490 377 1542 narrat
396 1483 458 1541 Beli
480 1481 670 1558 draconisque
690 1482 843 1557 historiam
860 1490 890 1541 et
906 1483 1032 1557 cultum,
1051 1499 1138 1558 quem

68 1579 98 1636 als
116 1579 267 1657 babylonii
294 1581 489 1656 praestabant.
515 1579 692 1638 Mentionem
715 1597 831 1656 quoque
855 1581 926 1640 lacit
949 1580 985 1640 de
1008 1580 1137 1639 Danielis
1201 1659 1206 1664 ι

6 1683 8 1764 g
69 1674 151 1734 sohdli
173 1684 258 1753 arte,
274 1693 333 1752 qua
350 1676 467 1736 haudes
485 1678 668 1736 sacerdotum
686 1678 829 1738 revelatae
843 1684 930 1753 suat;
952 1677 988 1736 de
1003 1678 1069 1737 lacu
1082 1678 1138 1736 leo-

6 1791 8 1830 ι
69 1787 126 1830 num
139 1774 168 1832 ln
181 1791 273 1850 quem
285 1776 408 1850 injectus
422 1781 477 1851 est,
487 1781 517 1834 et
536 1776 681 1851 quomodo
695 1775 797 1834 divina
815 1777 944 1851 potentia
962 1791 1013 1850 per
1026 1777 1138 1834 socium

6 1859 8 1890 '¹
69 1871 116 1941 ejus
137 1870 295 1947 llabacuc,
320 1872 476 1947 prmdium
498 1874 676 1932 ministravit
704 1873 827 1932 incluso.
865 1873 975 1932 Eadem
999 1875 1031 1930 in
1055 1878 1137 1946 parta

69 1963 125 2040 Gap.
145 1985 297 2043 axxvrrr,
318 1973 472 2044 postquam
492 1969 596 2028 Esther
618 1969 771 2028 historiam
796 1973 947 2044 narravit,
969 1986 1137 2045 progressus

6 2087 8 2138 ι
69 2059 194 2136 loquiturr
220 2090 233 2116 ι
252 2065 313 2124 Nee
335 2068 439 2140 impari
457 2068 545 2124 etiam
567 2066 631 2125 loco
650 2067 754 2126 Judith
777 2073 895 2141 sancia,
916 2066 1018 2124 ordine
1037 2065 1136 2126 subse·

6 2149 8 2216 l
69 2163 152 2231 quenti
166 2165 305 2238 ponitrrr,
323 2179 397 2238 quae
414 2165 502 2222 mam
515 2165 579 2238 ipsa
598 2163 725 2240 figuram
743 2170 861 2222 sanciae
874 2163 1018 2223 Ecclesiae
1037 2177 1136 2236 perso·

6 2219 8 2330 ἶ
70 2271 177 2334 nemque
192 2262 345 2335 suscipiat.
365 2261 440 2320 Nam
464 2277 531 2321 cum
552 2262 673 2322 militiae
690 2261 752 2320 dux
772 2263 848 2336 regis
872 2260 1030 2336 Babylonis
1050 2260 1137 2319 Betu-

6 2333 7 2424 ἶ
70 2349 125 2410 lam
136 2355 307 2417 holofernes
320 2358 470 2418 obsidione
487 2361 641 2435 cinxisset,
665 2359 844 2434 sublatisque
858 2361 957 2434 aquis,
975 2359 1023 2416 siti
1043 2363 1135 2415 totam

71 2449 192 2526 affligeret
210 2457 381 2531 civitatem,
400 2459 541 2531 primores
561 2459 624 2532 ejus
640 2459 672 2514 in
698 2455 874 2516 deditionem
895 2459 1060 2514 statuerunt
1075 2460 1135 2512 tra-

71 2545 124 2606 dere
140 2550 301 2612 holoferni.
324 2553 403 2612 Haec
422 2552 641 2628 disponentibus
660 2561 715 2614 etc.
736 2580 748 2604 ι»
772 2555 872 2628 Capita
889 2569 1004 2610 xxxix:
1027 2552 1135 2610 Tobiae

72 2647 251 2717 captivitatem
265 2650 403 2725 protulit,
423 2655 452 2710 et
470 2651 550 2710 illius
563 2653 735 2726 patientiam
752 2651 952 2726 commendat,
971 2655 1000 2708 et
1017 2665 1135 2724 praeco·

6 2765 7 2774 ι
73 2741 111 2797 nia
126 2743 198 2804 illius
215 2747 254 2804 de
272 2746 386 2806 Cluisto
399 2747 525 2806 celebrat
538 2748 782 2824 quemadmodum
796 2751 826 2806 in
845 2747 972 2824 ejusdem
987 2747 1136 2822 Scriptura

6 2855 7 2874 ³
72 2833 197 2900 decoram.
219 2843 353 2904 Tandem
365 2844 611 2904 Machahaeorum
625 2847 716 2906 libros
735 2846 809 2904 duos
828 2847 974 2920 proponit,
987 2851 1016 2902 et
1033 2861 1134 2902 eorum

72 2941 193 3012 maranes
208 2941 321 3018 laudat,
329 2957 382 3017 pro
396 2946 517 3002 mortuis
529 2959 628 3018 preces
640 2944 752 3020 educit,
763 2960 797 3002 ao
808 2943 1134 3018 subeis,ait,lmpletam

73 3025 144 3092 hun
155 3036 246 3098 Jaeoh
258 3040 440 3114 patriarchae
452 3041 649 3116 prophetiam:
666 3042 752 3102 «Non
763 3041 876 3100 deficiet
889 3042 1022 3116 prinecps
1030 3055 1068 3097 ex
1081 3039 1133 3097 Ju-

74 3123 119 3203 ἂι,
134 3139 160 3191 et
175 3135 237 3196 dux
255 3137 291 3198 de
302 3137 428 3197 foemore
441 3143 517 3214 ejus,
531 3138 623 3198 donec
640 3141 738 3198 veniat
753 3141 801 3197 cui
815 3140 939 3212 reposita
957 3144 1025 3196 sunt
1042 3139 1083 3211 ei,
1105 3141 1134 3194 et

73 3221 120 3296 ille
133 3233 184 3292 erit
201 3237 378 3310 exspectatio
389 3238 531 3313 gentium,
548 3242 699 3297 testatur.»
718 3235 761 3294 De
774 3235 820 3294 his
839 3235 973 3293 omnibus
991 3239 1088 3292 autem
1102 3235 1133 3290 io

74 3323 173 3402 lf⁰l⁰go
183 3330 310 3392 dixerat:
326 3334 458 3393 «Verum
477 3351 515 3394 ne
531 3335 661 3411 longum
668 3335 829 3409 proemium
845 3333 932 3407 hujus
947 3330 1014 3388 libri
1029 3330 1133 3388 huma·

74 3429 284 3505 pessumisque
302 3447 404 3490 sensus
426 3433 580 3508 extendat,
598 3449 686 3508 quem
699 3435 731 3490 in
745 3439 803 3490 tres
821 3437 918 3506 partes
934 3437 963 3488 et
981 3429 1133 3488 dimidiam

74 3513 259 3604 distillatum,
274 3533 398 3605 juvante
417 3531 484 3605 illo,
506 3534 590 3607 cujus
608 3547 727 3590 munere
752 3532 915 3606 loquimur,
935 3529 1035 3588 divina
1051 3529 1132 3588 iesti-

75 3621 154 3680 nonia
170 3627 305 3702 eobecta,
315 3630 527 3704 molunctpque
541 3629 716 3705 supplebunt
729 3645 766 3688 ex
780 3628 915 3688 omnihus
933 3627 1040 3685 divinis
1055 3625 1131 3686 Scri·

74 3716 158 3796 pura,
172 3739 245 3798 quae
257 3725 415 3802 praedicta,
429 3743 504 3803 quae
520 3730 579 3786 siut
592 3729 795 3802 prondssiones
811 3727 879 3801 Dei,
895 3732 929 3784 ut
942 3726 1130 3800 occurrerint,

73 3819 111 3877 lii
130 3821 248 3893 capituto
266 3823 445 3900 decerpenda
460 3827 673 3900 suscepimus.»
697 3825 767 3900 Post
784 3826 856 3884 haec
874 3827 990 3899 onmia,
1009 3839 1069 3881 non
1088 3828 1133 3882 est

75 3905 140 3969 ¹1⁰bit
155 3916 229 3978 ultra
249 3919 327 3979 illius
355 3924 464 3998 scripta
489 3939 675 3997 percurrere,
708 3922 746 3980 ad
764 3923 842 3983 illius
862 3924 1064 3980 auctoritatem
1079 3937 1132 3995 pro

76 3995 206 4082 hripum
226 4017 519 4080 Dentato-Canonicis
537 4020 761 4096 aduocandum,
781 4021 911 4095 nihilque
929 4019 1008 4082 aliud
1027 4035 1045 4078 a
1064 4033 1130 4080 san·

6 4155 8 4200 ,
76 4102 106 4156 ⁰¹5
120 4104 264 4187 Aventini
283 4115 426 4192 discipulo
445 4125 489 4176 est
506 4118 729 4178 desiderandum
748 4118 784 4178 de
806 4119 861 4177 hac
880 4135 921 4176 re.

97 4293 652 4376 (thriaxvvrr.rs.-(o)oan.c.xrv.
