3094 5176
576 361 754 416 -iia-
877 353 891 374 '

124 472 248 547 scripum
261 471 516 547 praeuaricationis
530 471 698 532 discrimina
710 470 802 532 multa
813 471 938 534 iratrum
948 486 1067 533 suoram
1080 473 1200 534 interra

125 569 243 645 aliena,
265 571 446 646 patriamque
466 569 634 646 religionem
661 569 847 647 aemulatus,
873 571 931 630 trec
957 575 1076 630 senene
1094 570 1201 644 donui-

125 681 181 726 nae
204 668 415 728 monimentum
442 683 495 744 per
518 669 671 745 epistolam
698 669 741 729 eis
767 670 937 745 conuulsit3
963 671 1053 728 etita
1077 669 1201 730 scribit:

129 764 306 826 «quibus
321 768 373 842 qui
386 771 455 828 suut
467 781 519 844 per
536 763 714 846 Aegyptum,
732 767 859 844 Judaela,
880 767 1005 828 niumm
1022 766 1125 827 dicunt
1141 767 1201 826 ira·

124 869 207 939 tres,
232 864 372 940 quisunt
393 865 425 923 ln
450 863 687 946 Hierosolymis,
710 863 811 941 judaei
833 871 863 926 et
884 866 934 942 qrri
960 866 992 922 in
1010 865 1126 940 reglum
1150 863 1202 924 lu·
1321 867 1324 874 '

124 959 231 1037 dacae,
253 967 282 1021 et
302 976 405 1038 pacem
428 960 545 1025 bonam.
574 961 740 1026 Benelaeiat
759 962 844 1026 vobis
865 961 969 1037 Deus,
990 967 1020 1021 et
1039 963 1204 1022 meminerit

123 1062 290 1120 testamenti
312 1061 380 1138 sni,
401 1061 479 1138 quod
500 1061 616 1122 loeutus
640 1067 685 1120 est
706 1060 744 1121 ed
765 1060 936 1137 strenam,
957 1067 987 1121 et
1006 1059 1088 1122 Isaac
1108 1063 1139 1120 et
1152 1059 1202 1120 la-

8 1163 10 1204 1
125 1157 180 1218 cub
199 1171 350 1218 seruorum
375 1173 495 1218 suorum
520 1157 673 1234 iidellum;
698 1166 734 1220 et·
745 1159 795 1220 det
816 1158 900 1219 vohis
918 1173 968 1218 cur
990 1157 1148 1234 omnibus,
1169 1162 1204 1218 ut

125 1253 228 1316 colatis
240 1269 330 1331 eum,
352 1261 382 1316 et
398 1256 512 1316 metatis
532 1259 595 1333 elus
611 1257 791 1318 voluntatem
809 1255 895 1318 corde
912 1269 1040 1333 magno,
1061 1261 1091 1315 et
1103 1257 1202 1316 anime

8 1351 12 1404 1
126 1353 236 1415 velanti
256 1359 345 1418 etc.»

164 1450 192 1527 s.
214 1451 253 1511 li.
276 1451 363 1512 Hunc
383 1451 491 1512 libmm
505 1451 941 1530 rerununoamnriepistoiam
963 1448 1206 1529 etmridemiurc

8 1561 13 1602 ι
125 1547 182 1610 1ιοο
200 1549 286 1610 titulo
305 1551 368 1626 ipse
380 1549 519 1610 dinudat
539 1557 593 1612 est.
614 1550 759 1612 Adcurate
774 1552 852 1611 enirn
871 1553 1002 1627 inspecte
1017 1551 1144 1610 anemos
1157 1565 1202 1610 se·

125 1649 167 1707 cri
195 1649 227 1706 in
252 1647 309 1708 hnc
333 1646 483 1725 Scriptura
507 1654 631 1725 mente,
657 1649 693 1708 de
716 1647 901 1710 instituendis
921 1663 1026 1725 nempe
1052 1647 1202 1708 solemniis

124 1745 200 1805 inter'
220 1744 359 1806 hebraeos
379 1748 530 1824 negyptlm
547 1744 587 1808 cir
604 1751 688 1808 tante
704 1745 844 1810 benefida
862 1746 965 1810 Israeli
984 1761 1003 1806 a
1020 1746 1082 1808 Deo
1101 1758 1201 1807 nunnu-

124 1843 204 1920 lata,
225 1850 256 1904 ot
274 1844 311 1904 de
331 1846 443 1920 patriae
464 1846 613 1922 religionis
633 1845 756 1922 decore,
781 1847 826 1908 uti
838 1845 947 1922 plurim
961 1845 993 1904 td
1013 1845 1143 1922 tetigeris
1155 1848 1201 1903 to·

122 1947 187 2002 tum
200 1941 256 2002 hou
271 1957 443 2018 percurrens
458 1946 620 2021 scriptum,
640 1948 670 2002 ct
683 1945 811 2006 maxime
828 1943 916 2022 hayus
934 1943 1086 2006 exordium
1099 1945 1129 2002 et
1139 1943 1201 2018 epi·

124 2037 242 2115 logum,
263 2040 335 2100 setis
357 2045 446 2115 patet.
470 2039 584 2100 Revera
605 2043 637 2100 in
653 2039 790 2116 epistolae
810 2041 911 2116 initio,
932 2039 1012 2116 quod
1030 2038 1090 2098 duo
1102 2039 1200 2113 priora

123 2138 218 2212 capita
232 2137 466 2214 comprehendit,
481 2138 624 2198 hebraeus
639 2137 866 2215 Hiemsolymita
879 2138 974 2214 gentis
988 2151 1059 2198 suae
1068 2136 1198 2213 namne,

8 2254 18 2316 ,t
123 2233 201 2295 bone
220 2241 355 2310 precatus
375 2235 514 2298 iratribus
537 2239 621 2314 suis,
641 2235 714 2296 dicit
732 2252 782 2296 cns
797 2250 875 2298 anno
894 2237 1050 2296 cantuimo
1071 2241 1101 2294 et
1119 2249 1201 2294 sexu·

125 2333 235 2408 gealrm
249 2349 348 2411 ncnc,
366 2333 422 2394 sub
434 2333 580 2396 nummio
597 2349 664 2411 rege
677 2338 790 2411 ereptos
803 2332 893 2396 muse
911 2333 1027 2409 magnis
1040 2332 1198 2408 angustits3

123 2443 158 2488 aa
169 2429 211 2490 ibt
223 2432 343 2507 innuit,
362 2431 400 2492 ad
420 2432 526 2494 naues
546 2433 697 2512 aegypties
717 2431 790 2492 hacc
809 2430 910 2492 eadem
928 2437 1015 2491 antee
1037 2431 1197 2505 scripsisse.

16 2557 18 2575 ·
122 2525 233 2590 Deinde
254 2528 342 2592 ullam
360 2530 512 2606 epistolam
531 2536 648 2606 censet,
667 2529 705 2592 ad
717 2545 767 2590 eos
781 2531 919 2606 scriptam
934 2528 971 2588 de
985 2525 1124 2591 inuoehr
1137 2543 1200 2588 aru·

122 2625 220 2699 ptione
238 2627 269 2685 in
293 2626 454 2704 Judaeum,
475 2631 583 2706 eteius
603 2631 635 2687 in
653 2627 771 2688 Perside
791 2629 879 2705 gestis
903 2633 933 2687 et
951 2627 1048 2690 ruina.
1070 2625 1116 2685 Ac
1135 2623 1202 2684 iden

9 2749 10 2757 ¹
121 2727 230 2800 teget,
250 2729 285 2784 nt
296 2732 410 2802 praeter
427 2725 634 2803 scenopegiam
652 2728 740 2786 etiam
753 2724 963 2803 purificationis
976 2722 1078 2800 templi
1091 2721 1198 2782 testum

121 2827 232 2898 agant,
253 2823 332 2899 qaod
350 2831 416 2902 post
431 2824 569 2888 Antiochi
589 2839 689 2886 casum
702 2827 868 2886 institutum
886 2829 947 2900 nst,
968 2824 1054 2883 sicuti
1066 2827 1096 2882 ct
1109 2820 1146 2882 dc
1158 2820 1201 2880 le·

8 2955 18 3004 ,3
121 2923 168 2978 sto
185 2920 262 2995 ignis
281 2935 331 2980 cos
354 2929 463 2983 monet.
491 2922 637 2984 Advertas
655 2929 761 2984 tamen
785 2928 933 2984 aucturam
953 2937 1069 2982 sacrum
1093 2920 1149 2980 hec
1169 2921 1200 2978 in

122 3017 232 3093 sntpto
245 3020 415 3078 summatim
428 3021 606 3080 mundonem
619 3020 714 3079 lacere
727 3020 763 3080 de
774 3019 851 3082 binis
863 3019 1008 3094 epistulis,
1025 3033 1101 3094 quse
1114 3022 1201 3076 anna

8 3157 16 3204 :⁴
122 3113 161 3174 ad
174 3115 325 3194 aegyptios
343 3115 498 3176 menatae
511 3123 610 3193 erant,
625 3118 693 3177 etin
703 3116 956 3192 hispreesentibus
969 3115 1073 3176 litteris
1083 3113 1200 3176 easdem

123 3212 184 3274 iliis
199 3219 356 3290 memorat,
374 3229 533 3294 commuue
546 3231 665 3276 sensum
676 3222 791 3278 mutum
806 3214 927 3278 confert.
937 3215 975 3276 Et
986 3214 1111 3274 nmratis
1122 3211 1201 3275 dein·

123 3309 184 3387 dc,
207 3325 282 3388 quse
306 3313 337 3370 in
363 3316 579 3376 commentariis
601 3313 730 3392 ejusdem
751 3312 909 3376 Nehemtee
928 3313 1039 3372 cenula
1061 3315 1146 3374 emnt
1164 3307 1200 3368 de

9 3455 10 3460 1
122 3410 190 3485 igne
210 3414 240 3469 et
257 3408 469 3488 tahemaculo,
490 3417 519 3473 et
537 3427 606 3472 arca
626 3419 656 3472 et
676 3413 741 3474 aliis
762 3413 898 3488 scriptis,
921 3413 962 3470 ott
975 3411 1082 3486 pariter
1100 3408 1200 3468 Hiero-

123 3507 245 3586 solymis
263 3525 379 3569 manere
397 3509 487 3572 libros
505 3516 652 3589 gestorum
670 3511 763 3572 iudae
782 3508 975 3590 Mechabeel·
997 3507 1131 3586 equibus
1151 3505 1200 3566 illc

122 3607 184 3682 lpse
204 3606 320 3685 collegst
342 3607 419 3668 hane
442 3609 608 3687 epitomen,
630 3625 718 3687 quam
736 3608 791 3669 sub
811 3607 949 3685 epistolae
970 3605 1056 3668 titulo
1069 3603 1107 3664 ad
1121 3606 1199 3680 ipsos

122 3704 221 3782 misit,
242 3705 274 3762 in
295 3719 330 3764 ea
348 3703 538 3784 significans,
561 3721 613 3767 cur
626 3705 688 3768 dies
707 3705 917 3782 purificationis
937 3704 1059 3780 templi,
1080 3708 1109 3762 et
1122 3700 1200 3760 diern

8 3858 15 3902 μ
121 3803 224 3860 mortis
246 3799 399 3864 Nicanorls
416 3803 558 3864 solemnes
578 3803 734 3881 ducerent3
762 3820 829 3864 cum
847 3803 992 3864 lomene
983 3818 1015 3861 ιιι
1032 3781 1199 3877 praemissis

120 3899 268 3978 epistolis,
289 3897 396 3962 horum
408 3902 522 3963 dierum
535 3903 709 3964 solemnium
722 3919 843 3979 meae,
864 3909 894 3962 et
913 3899 1073 3978 Epiphania
1093 3905 1123 3958 et
1142 3897 1200 3957 Eu·

120 3999 233 4074 macris
254 3998 310 4058 lilii
330 4001 376 4060 sut
398 3999 521 4062 bistone
541 4003 703 4062 universim
725 4000 805 4063 haud
823 3999 920 4060 iurent
935 3999 1091 4073 descripta.
1109 3995 1200 4072 Aper·

121 4095 181 4154 tius
201 4095 294 4157 codex
315 4111 436 4176 gracum
451 4098 508 4158 hoc
521 4097 647 4160 adstruit
663 4099 790 4175 docens,
811 4100 911 4158 omnin
922 4096 1016 4157 Judae
1029 4093 1201 4155 Machabael

123 4199 227 4271 gesta,
249 4195 387 4258 victorias
402 4195 517 4275 Israel,
537 4197 638 4275 templi
658 4205 687 4258 et
704 4196 821 4257 divinae
843 4197 915 4274 legis
935 4193 1199 4267 instaurationem,

122 4290 161 4350 ab
179 4291 286 4353 Jasone
305 4293 455 4372 Cyrenaeo
471 4297 600 4372 quinque
619 4295 701 4356 libris
714 4296 941 4372 comprehensa,
963 4295 1100 4352 inunum
1117 4289 1200 4349 volu·
