3086 5182
806 356 847 368 --
869 333 924 384 rso
945 355 995 368 --

355 461 423 506 oum
443 440 667 519 oonsomdisset,
689 439 830 519 Tripolim
848 441 1014 520 appulisse,
1035 455 1111 519 quae
1132 443 1233 502 vidna‘
1250 441 1352 506 Sidoni
1367 460 1432 505 oum

355 545 414 618 sii,
436 541 570 601 videntur
593 540 681 618 hujus
703 541 794 619 cives,
817 543 933 619 signato
946 540 1025 600 iiiios
1046 543 1242 618 numismate,
1264 542 1358 602 eidem
1385 545 1432 603 sd·
1534 575 1535 606 r

355 643 482 702 venienti
501 640 658 718 gratulari,
679 645 712 699 ut
732 641 838 716 legitur
860 655 897 698 ex
921 639 972 698 illo
992 655 1125 716 nummo,
1146 657 1234 716 qnam
1257 657 1296 699 ex
1308 639 1433 699 Fawke·
1534 687 1535 726 ,

355 757 426 802 nero
449 739 571 817 protuht
594 739 672 798 idem
694 738 874 798 Froeliehios
890 739 943 816 (ι),
957 741 988 796 in
1010 753 1070 814 qno
1096 738 1265 816 exeuiptom
1286 744 1332 799 ost
1351 747 1436 814 eaput
1534 729 1535 750 ¹

355 839 495 900 Demetrii
514 837 711 896 diadematum
730 839 762 895 in
784 851 844 896 nno
866 837 967 912 latere,
989 841 1019 896 et
1038 839 1070 895 in
1090 833 1181 896 aiteio
1200 838 1286 896 navis
1306 853 1377 896 eum
1394 839 1436 897 lit·

356 937 427 998 teris
439 936 615 1013 phoessidfii,
636 941 780 1013 etgiiiecd
791 937 978 1012 inscriptione
999 934 1127 1001 βασιλεως
1150 939 1302 1008 Δημητριου
1320 939 1437 992 Σιδωνίων

357 1037 379 1096 i.
394 1052 422 1094 e.
444 1034 534 1110 Regis
556 1034 694 1094 Demetrii
715 1034 910 1094 Sidoniorum.

397 1131 526 1194 [dunos
547 1135 693 1210 progressi
713 1135 744 1192 in
765 1133 917 1193 historiam
940 1133 1186 1194 Machahaeorum
1207 1134 1245 1211 (n)
1272 1136 1439 1194 invenimus

357 1247 464 1292 nomen
486 1229 624 1290 Antiochi
645 1229 766 1308 Magni,
788 1246 875 1306 mem
893 1233 968 1291 inter
988 1231 1062 1291 aiios
1081 1247 1162 1309 reges
1179 1231 1308 1292 Orientis
1322 1231 1439 1307 subege·

359 1335 429 1391 runt
446 1331 578 1406 romani,
599 1343 690 1406 quum
710 1331 752 1388 eis
771 1343 901 1406 pugnam
922 1329 1077 1390 intohsset.
1099 1329 1142 1389 De
1159 1328 1216 1388 hoe
1233 1328 1268 1388 flt
1284 1330 1439 1388 meutioin

359 1431 535 1490 numismate
552 1443 658 1504 aeneo,
682 1427 721 1504 (a)
738 1427 816 1504 qnod
833 1427 960 1488 ostendit
978 1434 1067 1504 eaput
1083 1427 1221 1487 Antiochi
1238 1427 1440 1488 diadematum

359 1533 389 1588 et
401 1527 516 1586 vultum
529 1526 652 1586 senilem
666 1528 697 1584 in
713 1527 802 1585 latere
814 1542 885 1586 uno.
900 1527 1034 1587 Alterum
1047 1527 1157 1603 profert
1169 1529 1284 1605 palmae
1304 1525 1440 1585 arborem

360 1641 428 1685 eum
451 1625 581 1702 caryotis
602 1640 641 1684 ex
657 1639 693 1684 ea
711 1625 921 1702 pendentibus,
943 1643 1018 1702 quoe
1032 1626 1224 1704 Phaedimus,
1244 1627 1293 1686 vei
1314 1625 1443 1686 iudaea

359 1721 526 1802 symbolum
546 1723 637 1800 vulgo
661 1739 725 1784 esse
747 1722 830 1783 solet.
856 1723 940 1784 cirea
963 1723 1041 1784 hane
1066 1724 1198 1784 arborem
1222 1741 1258 1783 ea
1280 1725 1440 1800 leguntur,

360 1827 487 1895 Αντιοχου
506 1829 596 1895 popei
616 1825 637 1881 i.
670 1839 697 1882 e.
719 1821 858 1882 Antiochi
881 1822 994 1899 Magni.
1021 1821 1150 1882 loannes
1180 1821 1275 1880 Faber
1306 1819 1349 1878 ad
1375 1819 1442 1880 Ful·

359 1923 443 1980 vium
462 1919 602 1980 Ursinom
625 1918 889 1996 scribens,nommi
909 1921 990 1980 aura
1007 1921 1140 1980 mentun
1153 1921 1196 1979 ita
1212 1921 1350 1995 inseripti
1369 1917 1443 1984 βασι-

360 2027 423 2082 hooc
441 2026 561 2092 μιγαλου
589 2024 718 2092 Αντισχου
740 2021 761 2078 i.
780 2035 807 2078 θ.
829 2018 918 2097 Regii
942 2018 1045 2097 Magni
1069 2017 1216 2078 Antiochi.
1239 2018 1389 2079 Consuias
1409 2018 1442 2078 de

361 2118 418 2180 hoo
440 2117 638 2179 Froeiiehiom
659 2121 690 2178 in
710 2119 774 2178 loeo
797 2119 896 2180 citato.

401 2216 510 2277 Eadem
529 2217 651 2277 historia
669 2219 765 2277 innuit
785 2231 882 2294 regem
900 2217 1078 2292 Demetrium
1094 2219 1255 2278 meretum
1271 2233 1364 2278 sunm
1377 2233 1442 2278 oon·

361 2331 497 2394 gregasse
518 2315 556 2394 (4)
577 2319 607 2375 st
620 2315 725 2376 abiisse
737 2318 769 2375 in
783 2315 912 2376 Mediam
924 2317 963 2376 sd
976 2315 1174 2377 eontraheuda
1186 2317 1243 2377 sihi
1257 2317 1374 2378 auxilia
1386 2321 1440 2376 eto.

364 2415 421 2476 Hie
442 2416 526 2474 vira
544 2413 706 2474 Proeliehio
725 2419 847 2474 vocatur
866 2413 1029 2476 Deraetrius
1049 2415 1211 2491 secundus,
1230 2417 1357 2474 nomine
1375 2413 1442 2474 Phi·

363 2512 491 2589 iadelphi
515 2512 659 2572 Nicanoris
682 2513 817 2572 donatos.
839 2513 943 2589 lilius,
961 2521 1078 2590 praeter
1097 2513 1176 2590 alia,
1196 2512 1327 2574 traditur
1348 2515 1444 2573 numi·

362 2625 446 2687 arna,
472 2613 503 2670 tn
530 2615 614 2689 eujus
635 2618 718 2687 parte
739 2613 873 2688 signatur
897 2617 985 2689 eaput
1005 2612 1143 2672 Demetrii
1166 2615 1242 2689 regis
1265 2611 1443 2687 barbatum,

362 2715 392 2770 et
412 2709 633 2784 diadematum,
659 2716 688 2770 et
712 2710 803 2770 aitero
828 2710 911 2769 interi
934 2712 1010 2770 inest
1033 2712 1080 2769 vir
1104 2709 1200 2770 nudus
1222 2725 1290 2770 eum
1316 2709 1445 2770 tutulato

363 2807 474 2883 eapite,
486 2806 611 2866 amiculo
628 2805 791 2882 defluente,
813 2813 922 2866 sertum
941 2813 970 2866 et
986 2807 1123 2882 menium
1142 2823 1244 2884 gerens
1256 2851 1265 2884 ,
1278 2806 1317 2884 (5)
1331 2813 1361 2867 et
1372 2807 1444 2883 phu·

364 2910 441 2964 retra
460 2909 590 2964 annates
611 2903 717 2964 assidet
734 2912 816 2980 tergo
836 2905 971 2964 animalis
990 2904 1185 2981 quadrupedis
1201 2902 1296 2966 cauda
1319 2905 1443 2978 canina,

364 3003 402 3064 ad
423 3007 506 3082 eujus
524 3003 631 3064 oollam
651 3019 741 3064 oornn
762 3019 917 3067 recurvum
935 3006 1079 3079 prominet
1098 3019 1167 3064 eum
1185 3003 1241 3062 hae
1255 3004 1445 3078 inscriptione

238 3151 244 3170 ,
373 3101 501 3168 βασιλεως
513 3106 663 3175 honoresue
676 3107 742 3156 Θεου
754 3106 886 3174 Νικατορος
899 3103 920 3160 i.
932 3118 958 3162 e,
971 3102 1058 3178 Regss
1070 3101 1207 3162 Demetffl
1219 3101 1271 3160 Dei
1281 3101 1441 3160 Nicatoris,

403 3201 515 3261 Ibidem
535 3203 644 3280 iegitur
665 3201 810 3278 quomodo
832 3199 973 3278 Tryphon
995 3199 1033 3277 (6)
1055 3201 1194 3277 oogitnvit
1206 3213 1329 3278 regnare
1341 3199 1444 3274 Asiae,

363 3305 393 3358 et
410 3315 558 3360 assumere
577 3299 729 3376 diadema,
748 3306 778 3359 et
790 3298 944 3359 extendere
959 3313 1079 3358 manum
1092 3301 1124 3357 in
1137 3297 1316 3358 innocuum
1330 3314 1442 3375 regem.

363 3396 406 3460 ne
427 3397 483 3457 hoe
498 3398 655 3476 Tryphone
672 3397 707 3457 fit
727 3399 836 3456 mentio
857 3399 889 3454 in
910 3412 1032 3456 nummo
1056 3411 1145 3456 aeneo
1168 3397 1206 3456 ab
1230 3396 1331 3456 eodem
1352 3395 1445 3454 Froe-

364 3493 451 3554 iiehIo
474 3495 635 3571 illustrato,
653 3511 711 3571 quo
730 3502 818 3571 eaput
835 3494 969 3570 objicitur
989 3493 1187 3554 diadematum
1208 3495 1240 3553 in
1259 3507 1319 3553 una
1337 3499 1445 3570 parte,

364 3598 393 3652 et
412 3595 442 3652 in
465 3594 558 3653 altera
580 3595 663 3670 galea
686 3599 807 3654 extensa
826 3595 956 3670 pingitur
974 3607 1040 3652 eum
1061 3593 1186 3669 taeniis,
1206 3592 1254 3652 uei
1273 3592 1446 3668 ligamentis

363 3695 393 3747 et
414 3687 546 3765 adposito
568 3709 659 3754 oornu
679 3697 764 3770 qnasi
785 3695 865 3769 eapri
885 3695 1038 3770 montani,
1062 3708 1097 3752 ae
1117 3693 1163 3752 his
1181 3691 1303 3752 voeihus
1322 3699 1448 3750 ornatur

366 3787 493 3855 βασιλεως
512 3797 648 3864 upupam
665 3814 860 3866 aoronporoeoi
874 3796 895 3851 i.
912 3807 938 3852 Θ.
956 3795 1043 3870 Regis
1064 3791 1229 3868 Tryphoni!
1247 3791 1446 3864 imperatoris.

407 4099 442 4164 (1)
457 4101 535 4152 Froel.
549 4100 608 4152 iob.
621 4103 688 4152 vill.
704 4115 773 4152 num.
793 4109 830 4154 1⁰.
847 4126 877 4139 -
894 4101 929 4165 (2)
945 4108 968 4152 i.
985 4103 1048 4152 hiae.
1065 4114 1087 4150 e.
1104 4099 1171 4150 viii.
1188 4095 1366 4160 -(3)1··ωε1.
1385 4093 1446 4143 Τὼ.

367 4182 409 4231 v1.
427 4193 495 4232 num.
522 4189 559 4234 16.
576 4209 606 4220 -
622 4182 657 4246 (4)
676 4189 696 4234 t.
721 4185 783 4234 hiae.
807 4196 829 4233 a
846 4185 912 4234 xiv.
931 4190 952 4234 1..
978 4208 1009 4221 -
1034 4181 1068 4245 (5)
1088 4180 1168 4232 Froei
1184 4177 1245 4229 Tnh.
1263 4180 1294 4228 x.
1315 4189 1387 4227 num.
1406 4179 1444 4224 ii.

368 4287 398 4298 -
414 4262 449 4325 (e)
467 4270 488 4313 1.
500 4265 563 4313 tino.
576 4275 599 4312 e.
611 4265 665 4312 iiii.
682 4270 720 4312 39.
